2710 4108
1337 175 1347 189 0
1507 171 1519 186 0

335 208 509 291 334
1015 173 1591 266 -Pro-vmcta

256 298 476 336 ⁴'Conventus
502 291 654 337 finatis,
674 293 707 344 st
721 290 929 343 experientia
953 289 1178 336 comperiatur
1191 311 1204 329 ‚
1229 284 1325 322 illius
1346 286 1569 335 visitationem
1591 283 1812 322 Provinciali
1833 285 2097 338 'Mediolanensts
2111 287 2306 326 Provincia
2318 293 2376 327 in.

272 348 472 383 commodam
483 344 566 398 effe,
589 343 754 381 mandans
775 349 953 391 propterea
977 334 1140 375 Generali
1165 336 1418 383 Capuciuorum
1439 333 1602 421 Mlnglro
1617 341 1681 382 per
1695 333 1780 383 suas
1805 343 1961 384 patentes
1984 337 2142 380 Literas,
2171 339 2210 372 in
2229 337 2379 382 forma-e

274 394 412 434 {Brevis
435 406 619 438 exaratas,
635 391 703 440 sub
725 391 784 428 die
807 400 841 438 7-
858 386 1012 424 Offobrt‘s
1034 386 1120 420 anm'
1152 385 1249 430 ¹656·
1273 393 1314 420 ut
1331 383 1492 431 praesatos
1546 391 1715 420 onventus
1737 381 1760 419 ὰ
1779 394 1961 421 memorata
1987 385 2177 423 Provincia
2207 386 2383 436 Genuensi

258 440 424 494 ‘segreget
437 465 449 487 ,
469 443 513 485 ὠ·
533 441 767 491 dismembret‚
790 450 830 481 ac
850 432 1094 483 Medionnenst
1108 432 1304 477 Provincia
1324 432 1449 475 uniat,
1471 432 1738 480 &incorporat
1762 432 1869 517 Qd
1881 432 2016 482 quidem
2029 460 2039 475 ,
2051 445 2152 482 quam
2160 434 2225 483 fibi
2235 445 2379 482 gratum

272 492 453 534 extiterit,
477 492 591 536 eadem
606 489 702 538 Maje
728 500 763 523 as
786 483 961 531 Catholica
978 481 1055 531 suis
1083 481 1236 526 Literis,
1256 480 1303 516 ad
1314 480 1476 531 ‘eumdem
1500 480 1641 518 Patrem
1673 480 1809 518 Genera
1823 493 1873 518 em
1895 482 2149 529 Capucinorum
2173 482 2376 532 Ministrum

262 538 425 583 directis,
437 539 632 578 humaniter
643 540 691 588 te]
703 540 761 574 ata
773 534 837 584 esi.
864 533 1017 580 Cumque
1030 529 1133 567 Ena:
1148 527 1401 567 D.Cardinalis
1414 528 1573 577 Sfortia‚
1594 537 1635 565 ut
1645 528 1713 577 sup
1737 529 1823 578 reffio
1848 529 2050 567 Conventus·
2069 530 2199 580 Oppidi
2226 528 2346 569 Vartii
2360 555 2375 576 ,

264 588 321 624 aa
341 589 437 638 ipsius
457 580 607 627 Feudurn
623 585 833 637 speiiantis,
850 590 912 632 pro
935 579 1049 628 aliquo
1075 587 1142 614 tem
1164 589 1221 614 ore
1246 576 1469 627 differretur,
1503 576 1524 623 a*
1546 579 1683 615 Summo
1738 577 1870 625 ontifice
1894 577 2133 632 impetraverit
2148 605 2158 621 ‚
2185 579 2372 629 idemque,-

267 636 471 675 ..Admodum
505 635 732 675 Reverendus
756 632 967 671 Procurator
991 627 1128 667 Genera
1142 627 1172 666 is
1199 626 1476 674 Captianorum,
1499 635 1571 663 tam
1593 625 1635 663 de
1662 623 1721 661 hoc
1736 649 1748 668 ,
1774 626 1875 674 quem
1897 625 1939 662 de
1963 625 2052 663 aliis>
2067 629 2182 666 tribus
2208 629 2371 665 Conven-

275 685 371 723 tibus,
385 711 395 726 ,
419 685 606 735 Castellatii
620 682 781 734 scilicet,
802 678 929 767 Clafflni
943 700 957 721 ‚
973 677 1016 726 dr
1039 673 1253 723 Serravallis
1286 674 1503 717 obtinuerit,
1527 684 1567 711 ut
1588 683 1628 710 ex
1642 672 1788 721 ipfhrum
1807 674 1942 714 literis.
1971 675 2226 726 Eminentiffimi
2239 677 2375 725 quidem

266 733 337 783 suh
361 733 444 776 data
473 734 544 775 diei
573 745 625 781 31.
649 730 805 774 Martii,
859 727 948 770 atris
974 733 1087 768 autem
1117 723 1451 808 Procuratoriffub
1476 723 1532 760 die
1556 732 1608 776 ¹4·
1638 721 1779 769 Aprilis
1804 721 1908 770 hujus
1930 724 2037 770 anni,
2065 723 2194 772 liquido
2220 725 2372 776 constat:

275 780 410 818 Idcirco
435 781 665 824 Reverendus
690 776 882 817 Admodum
906 773 1014 812 Pater
1033 771 1278 821 Simplicianus
1301 769 1323 806 a
1391 770 1571 814 ediolan03
1602 768 1748 818 ejusdem
1777 769 1929 807 Ordinis
1950 772 2202 820 Capucinorum
2227 774 2381 811 Genera·

272 829 322 866 >lis
345 830 507 880 Minister
522 856 537 877 ,
560 831 606 866 ad
629 826 895 877 Apostolicarum
917 821 1099 860 literarum
1124 821 1354 857 executionem
1374 819 1557 868 procedere
1581 817 1699 855 volens
1719 842 1733 863 ‚
1776 818 1835 856 hoc
1866 818 2027 867 prasenti
2052 820 2199 859 Decreta
2221 822 2380 870 praefatos

281 880 484 917 Conventus
498 903 511 923 ‚
534 877 816 917 Alexandrinum
837 871 1025 914 videlicet,
1051 868 1328 916 ‘Derthonensem
1341 892 1353 911 ,
1382 865 1572 911 Valentia,
1601 864 1776 915 Vigueriae
1789 892 1803 912 ,
1830 866 2026 916 Castrinovi
2037 892 2052 912 ,
2076 869 2199 918 Caffini
2212 893 2225 912 ‚
2251 869 2378 921 castel.

279 926 384 971 latii,
400 927 620 965 Serravallis
632 951 646 970 ,
669 922 812 966 Vartii,⁴
835 921 878 962 ὅς’
887 930 949 970 pro
968 929 1060 959 nunc
1087 919 1192 960 etiam
1213 915 1346 953 Finalis
1358 917 1387 1000 ὅ
1398 916 1502 960 donec
1527 915 1630 952 aliter
1637 915 1755 964 fuerit
1773 917 1817 954 ab
1840 915 1951 957 eodem
1977 915 2096 953 ‘Patre
2127 917 2294 959 Generali
2319 919 2384 956 de.

282 977 537 1023 terminatum)
560 987 634 1014 eum
655 973 807 1013 omnibus
833 968 954 1007 Terris
970 994 980 1009 ,
1003 967 1046 1018 ὠ·
1065 967 1164 1009 Locis
1186 964 1281 1001 ultra
1304 964 1358 1006 Pa
1382 977 1439 1010 um
1461 963 1679 1013 existentibus
1693 990 1703 1004 ‚
1733 973 1795 1013 pro
1818 961 2009 1015 neceffariis
2035 966 2224 1008 eorumdem
2251 967 2384 1005 Mona-

271 1024 455 1075 ]ieriorum
485 1022 806 1076 qaastnationibub
832 1029 961 1054 necnon
981 1025 1089 1059 omnes
1111 1013 1251 1060 illorum
1273 1012 1515 1051 Conventuum
1541 1011 1726 1060 Religiosos
1738 1038 1751 1072 ι,
1775 1011 1978 1050 aufioritate
1995 1012 2206 1072 Aposlolica,
2221 1014 2286 1064 sibi
2309 1018 2384 1052 trad

280 1073 382 1113 atta,
408 1071 429 1110 ἃ
454 1073 644 1112 Provincia
670 1066 837 1116 G'enuensi
854 1066 1030 1117 disgregat
1045 1089 1055 1103 ‚
1079 1074 1118 1098 ac
1142 1061 1385 1110 dismembrat,
1409 1072 1512 1110 atque
1536 1060 1617 1097 huic
1645 1061 1893 1112 Mediolanensi
1914 1061 2109 1099 Provincia:
2131 1064 2234 1106 unit',
2263 1063 2306 1104 ὼ·
2328 1065 2383 1098 ἰη-

281 1130 462 1170 corporat,
489 1132 668 1168 eorumque
694 1115 936 1158 'Guardtanm
966 1113 1008 1154 &¹
1032 1110 1205 1158 Difi·retos
1219 1133 1232 1154 ,
1255 1110 1436 1153 canonice,
1457 1110 1500 1152 &⁹
1516 1109 1621 1158 Juxta
1638 1109 1789 1147 Ordinis
1813 1109 2075 1160 Constitutiones
2100 1110 2228 1155 eleetos,
2247 1111 2297 1147 »ad
2314 1112 2383 1148 Ca.

277 1169 428 1220 pitulum
449 1167 671 1207 Provinciale
685 1162 991 1211 ἅᾺεάὶοΙαηεηῙε,
1014 1168 1118 1208 prout
1143 1159 1185 1195 de
1211 1170 1321 1201 more,
1345 1158 1389 1200 ὡ·
1414 1158 1549 1216 dejure
1567 1159 1716 1202 citatos,
1740 1160 1786 1198 ad
1810 1157 2116 1207 omnesfuniiiones
2131 1157 2351 1208 Capitulares
2364 1184 2379 1204 ,

282 1230 350 1254 non
367 1218 466 1267 secus
481 1244 490 1259 ‚
515 1230 555 1257 ac
579 1217 660 1253 alios
685 1213 903 1262 quoscumque
927 1208 1072 1257 e'usdem
1105 1207 1300 1249 Provincia
1332 1207 1574 1253 Guardianos.
1602 1207 1646 1249 ὠ·
1668 1207 1842 1256 Discretos
1858 1207 2048 1257 admittit.
2076 1208 2119 1249 ἐφ’
2152 1208 2381 1250 admittendos

281 1280 302 1312 e
326 1279 342 1309 e
365 1265 539 1309 declarat,
564 1266 606 1312 φ’
632 1266 670 1301 iu
696 1263 831 1304 virtute
849 1223 980 1297 Sanfiae
1005 1255 1221 1293 Obedientiae
1245 1253 1462 1299 Reverendis
1482 1255 1651 1294 Patribus
1664 1255 1950 1295 Provincialibus
1965 1257 2146 1306 utriusque
2169 1257 2384 1301 Provincia,

318 1314 460 1363 enuensts
480 1314 615 1362 scilicet
630 1338 642 1357 ,
659 1312 702 1354 ὼ·
727 1307 985 1358 Mediolanenfis
1009 1304 1149 1350 mandat
1164 1330 1175 1346 ,
1198 1316 1238 1341 ac
1259 1304 1416 1352 praecipit
1430 1327 1445 1348 ‚
1467 1314 1509 1341 ut
1527 1303 1651 1342 diffum
1664 1304 1851 1345 Decretum
1863 1305 1984 1352 exequi
2007 1304 2152 1344 debeant
2167 1329 2180 1349 ‚
2192 1306 2235 1347 ὼ·
2246 1306 2359 1343 omnia
2371 1329 2387 1350 ,

282 1367 355 1412 q'uae
379 1364 417 1398 in
441 1374 477 1399 eo
491 1357 740 1405 continentur,
754 1357 933 1406 obstrvare
948 1379 961 1400 ‚
985 1351 1336 1438 &bFratribusElibi
1359 1352 1521 1390 Subditis
1544 1353 1723 1402 observari
1739 1354 1877 1403 facere3
1894 1353 2040 1402 servata
2065 1363 2178 1391 tamen
2207 1354 2380 1401 utrique»

283 1412 389 1451 Parti
404 1411 606 1449 recurrendi
622 1435 631 1451 ‚
644 1409 688 1445 ad
701 1418 781 1456 quos
794 1405 922 1455 [ρεῦσι
934 1428 946 1448 ,
954 1400 1124 1453 facultate
1141 1402 1215 1443 &a
1283 1410 1300 1437 t
1321 1401 1374 1436 ita
1406 1400 1601 1439 declaravit
1613 1426 1626 1447 ,
1651 1404 1877 1443 terminavit,
1906 1401 2119 1449 disgregavit
2134 1427 2147 1445 ‚
2172 1403 2214 1443 ὠ·
2230 1403 2384 1450 dismem-

286 1461 405 1502 bravit
419 1484 427 1498 2
453 1469 555 1508 atque
578 1458 700 1496 univit
712 1456 779 1500 ,ὃν
797 1453 1055 1502 incorporavit,
1073 1462 1112 1491 ac
1129 1450 1289 1498 pracepit
1302 1473 1314 1493 ‚
1327 1447 1385 1498 isso
1398 1472 1411 1492 ‚
1435 1451 1478 1492 ὠ·
1500 1452 1591 1489 omni
1623 1450 1691 1492 alio,
1715 1450 1846 1491 meliori
1867 1450 1958 1489 modo
1981 1450 2052 1492 &cn
2077 1451 2207 1492 Datum
2237 1453 2275 1487 in
2294 1450 2385 1492 Com,

289 1518 396 1551 ventu
422 1506 645 1552 Immaculata
667 1504 903 1553 Conceptionis
931 1498 1123 1541 Mediolani
1147 1498 1203 1536 die
1230 1499 1289 1543 262
1315 1497 1458 1546 Aprilis
1487 1502 1589 1548 1657.

787 1615 858 1665 Fr,
877 1608 1148 1676 Simpllcianus
1175 1605 1357 1663 Minister
1387 1608 1615 1660 Generalis,
1641 1611 1711 1667 qui
1722 1609 1853 1669 supra
1867 1640 1881 1650 .

383 1748 435 1783 lta
445 1746 595 1783 intricata
617 1752 710 1781 erant
733 1742 794 1779 ille
817 1741 998 1789 tempora}
1021 1749 1060 1776 ut
1081 1739 1244 1776 executio
1267 1736 1416 1784 eousque
1439 1737 1528 1779 fasta
1543 1763 1556 1783 ‚
1570 1750 1630 1787 per
1652 1739 1769 1776 literas
1784 1739 1843 1775 abs
1873 1735 2140 1774 Eminentiffimo
2165 1738 2381 1778 Cardinale,

288 1793 437 1832 Ginetto
462 1795 504 1831 ad
525 1797 655 1832 Patrem
678 1792 872 1829 Ministrum
893 1790 1121 1827 Gener-alem,
1146 1797 1225 1823 tunc
1255 1786 1384 1830 Pas-istis
1413 1786 1610 1823 existentem
1639 1787 1699 1824 sub
1716 1798 1772 1824 22.
1797 1787 2005 1833 Septembris
2036 1787 2138 1834 1657.
2162 1787 2286 1832 datas,
2309 1788 2391 1825 fue.

289 1845 332 1878 rit
360 1855 542 1886 revocata,
567 1854 644 1879 cum
668 1853 779 1881 tamen
806 1839 840 1876 in
868 1840 942 1876 dies
965 1836 1085 1877 reunio
1106 1847 1181 1872 cum
1207 1835 1388 1871 Provincia
1416 1834 1570 1883 Januenfi
1592 1836 1790 1872 redderetur
1817 1835 2008 1874 difficiiior.
2035 1835 2069 1871 8<
2091 1837 2295 1882 aggregatio
2306 1849 2386 1873 cum

285 1891 529 1928 Mediolanensi
556 1891 677 1941 pariter
701 1887 906 1928 flustuaret3
929 1887 1108 1928 {uterinum
1147 1884 1268 1925 horum
1295 1885 1547 1926 Convenarum
1583 1884 1810 1934 guber-nium,
1849 1883 2010 1925 Ministro
2032 1906 2047 1930 t
2080 1886 2136 1923 vel
2164 1884 2389 1926 procuratori

288 1940 453 1979 Generali
466 1940 530 1981 fuit
545 1938 752 1977 commiffum
767 1961 781 1983 ,
792 1939 944 1977 Dect-eto
959 1932 1178 1984 provifionali
1203 1932 1378 1979 sequenti.

384 2060 497 2096 Sacra
523 2058 748 2105 Congregatio
766 2055 871 2104 fitper
898 2055 1031 2104 negotio
1056 2053 1166 2090 decem
1192 2052 1432 2091 Conventuum
1459 2051 1622 2091 Fratrum
1645 2053 1897 2102 Capueinorum
1935 2052 2055 2092 Sentit
2078 2051 2253 2101 Franeifii
2290 2051 2387 2090 ultra

289 2107 447 2150 Padum,
470 2106 590 2143 habita
611 2105 795 2151 diligenti,
831 2105 875 2146 ὁ·
895 2113 1043 2141 ,νηαηινα
1065 2101 1253 2151 discuffione
1278 2103 1317 2137 in
1343 2102 1613 2150 Congregatione
1632 2100 1843 2152 particulari
1869 2104 2046 2151 Deputata
2079 2102 2152 2143 &c-
2185 2101 2315 2150 censuit
2341 2101 2396 2151 us-

285 2167 350 2204 que
370 2156 416 2191 ad
442 2153 640 2203 Capitulum
665 2153 833 2191 Generale
857 2152 1008 2190 Ordinis
1028 2150 1243 2200 hujusmodi,
1267 2150 1312 2186 ad
1330 2151 1418 2197 quod
1445 2151 1631 2190 omnimoda
1661 2149 1804 2199 ejusdem
1834 2152 1963 2199 negotii
1983 2149 2184 2188 deliberatio
2225 2147 2392 2200 remiffsu

282 2205 355 2254 jam
367 2204 466 2252 fuit,
484 2203 734 2252 providendum
759 2200 840 2254 effe,
859 2210 967 2250 prout
975 2201 1137 2253 fiquitur
1154 2224 1168 2246 ,
1190 2197 1376 2240 videlicit:
1402 2198 1542 2241 Primo.
1566 2209 1608 2237 ut
1633 2197 1838 2244 Generalis,
1855 2200 1919 2248 seu
1951 2198 2174 2239 ‘Procurator
2210 2197 2393 2237 Generalis

289 2253 348 2290 hoc
369 2253 475 2289 medio
494 2260 638 2301 tempore
661 2250 765 2299 eligat
788 2250 1010 2289 Guardianos
1033 2247 1197 2286 dif‘t'orum
1216 2247 1326 2285 decem
1352 2249 1594 2286 Conventuum
1616 2258 1658 2284 ex
1675 2245 1859 2284 Fratribus
1881 2246 2093 2294 eorumdem,
2121 2258 2249 2287 necnon
2284 2258 2394 2284 unum

288 2313 330 2338 ex
355 2300 453 2337 ditiis
480 2301 697 2343 Guardianis
712 2325 722 2341 ,
738 2299 803 2348 seu
822 2297 927 2337 alium
951 2296 1106 2335 Fratrem
1122 2298 1188 2347 fibi
1207 2296 1402 2345 benevisum
1415 2321 1424 2338 ,
1439 2296 1597 2346 similiter
1622 2295 1754 2344 eligat,
1795 2296 1856 2344 qui
1875 2295 1947 2332 illis
1969 2294 2076 2345 praestt
2099 2319 2113 2340 ‚
2146 2293 2248 2332 titulo
2273 2292 2393 2345 Vilita.

289 2350 376 2388 toris
390 2374 402 2391 ,
424 2348 576 2399 Custodit
590 2372 603 2391 ‚
627 2347 789 2397 ‘Praefidis
802 2372 815 2391 ,
837 2348 895 2393 feu
915 2346 981 2385 alio
1006 2346 1219 2395 hujusmodi.
1245 2345 1399 2384 Secundo
1414 2371 1422 2385 ,
1436 2346 1480 2387 ὁ·
1504 2346 1664 2394 quoniam
1687 2346 1747 2382 hoc
1759 2344 1869 2382 eodem
1893 2344 2095 2382 intermedio
2116 2351 2262 2392 tempore
2289 2345 2394 2393 usaue

292 2398 339 2434 ad
362 2397 485 2433 ditium
509 2396 705 2445 Capitulum
727 2395 895 2434 Generale
907 2421 921 2441 ,
943 2404 1078 2433 attenta
1092 2396 1332 2444 separatione,
1359 2395 1402 2436 dy
1423 2406 1444 2430 a
1490 2395 1678 2442 rogationis
1690 2393 1893 2443 suspensione
1909 2391 2003 2441 fafid
2026 2417 2040 2437 ,
2071 2403 2183 2430 vocem
2210 2391 2393 2428 affivam...

290 2447 331 2483 in
361 2455 485 2482 neutra
509 2445 675 2482 diflarum
697 2444 978 2482 ‘Provinciarum
1010 2442 1132 2480 habere
1161 2441 1294 2493 poffunt
1320 2468 1334 2487 ‚
1351 2454 1424 2491 gau
1449 2455 1504 2480 ere
1530 2442 1686 2479 decrevit
1715 2441 1840 2491 paffiva
1868 2442 1906 2478 in
1942 2451 2092 2490 utraque
2106 2465 2117 2476 .
2156 2439 2300 2484 Tertio,
2325 2439 2390 2488 quo

290 2494 373 2536 vert)
396 2495 440 2530 ad
464 2493 631 2540 Lanificia
646 2517 660 2538 ‚
678 2493 720 2537 ὅς’
743 2491 989 2540 infirmariam,
1008 2490 1120 2541 stante
1141 2499 1342 2540 paupertate
1357 2491 1577 2540 praefatorum
1596 2491 1707 2528 decem
1730 2491 1971 2528 Conventuum
1995 2514 2008 2534 ,
2033 2501 2071 2526 ac
2097 2489 2282 2530 vicinitate
2306 2514 2316 2529 ,
2351 2488 2395 2530 ἐν

292 2542 522 2580 commoditate
541 2542 738 2579 Provincia
759 2539 1016 2590 Mediolanensis
1029 2564 1043 2583 ‚
1073 2541 1116 2577 ab
1141 2540 1255 2577 eadem
1275 2540 1316 2576 de
1337 2549 1483 2592 utroque
1507 2538 1631 2587 eosdem
1653 2539 1756 2580 duxit
1778 2535 1837 2589 effe
1853 2538 2104 2591 providendos.
2132 2536 2215 2593 Q
2245 2536 2395 2584 denique

293 2590 339 2631 ad
362 2589 612 2635 Novitiatum,
632 2590 676 2637 &f
699 2589 864 2630 Studium
884 2591 1081 2630 Secretario
1104 2589 1149 2625 ad
1168 2588 1320 2626 Mentem
1342 2589 1414 2630 &a
1439 2587 1553 2625 Romae
1567 2599 1622 2625 22.
1636 2587 1842 2637 Septembris
1870 2587 1969 2636 1658.

1011 2688 1109 2740 «Ἆῖ.
1140 2688 1270 2741 Card.
1304 2688 1500 2739 Ginettus
1517 2725 1529 2739 .

388 2831 442 2867 Re
470 2830 515 2867 ita
546 2830 651 2878 usque
677 2830 720 2869 ad
743 2838 870 2866 annum
889 2828 1138 2875 1660.stan1e‚
1163 2828 1207 2869 ad
1230 2827 1331 2868 factas
1357 2839 1423 2880 pro
1448 2839 1541 2876 parte
1566 2830 1677 2881 Regis
1702 2828 1880 2871 Catholici
1893 2839 2004 2869 novas
2015 2826 2191 2865 instantias
2205 2824 2395 2870 ,executio

292 2878 411 2920 Brevis
437 2878 632 2928 Apostolici
653 2877 719 2915 fuir
743 2877 878 2917 firmata
898 2879 1051 2916 Decreto
1075 2878 1254 2932 sequenti.

441 2995 2245 3051 SANCTISSIME‘PATER.

394 3114 553 3163 Tempore
569 3116 730 3162 Capituli
742 3115 923 3154 Generalis
935 3140 948 3160 ‚
974 3115 995 3152 ἃ
1017 3114 1200 3162 Fratribus
1228 3116 1416 3165 Caput-inis
1440 3115 1554 3154 Roma
1582 3118 1683 3163 1656.
1699 3117 1888 3163 celebrati,
1911 3114 2086 3155 Sanflitas
2107 3112 2249 3165 Vestra,
2274 3110 2319 3148 ad
2340 3110 2400 3145 in·

290 3163 439 3214 stantius
463 3164 569 3213 Regis
596 3165 785 3203 Catholici,
811 3162 933 3201 ‘Breve
959 3164 1185 3215 Apostolicum
1210 3166 1364 3214 expediri
1387 3166 1594 3207 mandavit,
1615 3167 1735 3213 vigore
1759 3166 1856 3216 cujus
1873 3192 1883 3208 ,
1905 3166 2016 3202 decem
2042 3164 2241 3201 Conventus
2265 3159 2286 3197 a
2311 3159 2399 3197 Pro-

294 3214 413 3248 vincia
445 3212 615 3264 ‘Januenfi
626 3213 807 3261 segregari
821 3236 834 3257 ‚
860 3213 1181 3263 &Mediolanenffi
1212 3224 1330 3262 utpote
1353 3214 1392 3249 in
1415 3213 1496 3250 locis
1519 3213 1664 3263 ejusdem
1687 3214 1814 3252 Status
1828 3215 1999 3262 situatas,
2023 3213 2122 3250 uniri
2128 3211 2241 3261 juffi't.
2268 3207 2314 3246 Et
2331 3218 2399 3242 uon

292 3260 438 3309 obstante
452 3288 461 3303 ‚
484 3264 573 3310 quod
597 3262 721 3299 difiium
739 3261 860 3299 'Breve
882 3263 1074 3300 executioni
1105 3261 1179 3311 jam
1204 3262 1319 3310 fuerit
1343 3261 1485 3308 datum,
1504 3261 1727 3299 nihilominus
1755 3264 1832 3311 fuit
1857 3262 1964 3313 postea
1989 3269 2203 3299 revocatum,
2227 3255 2398 3295 tandem

292 3309 373 3345 vero
400 3308 577 3361 conceffitm
591 3336 604 3356 ‚
625 3320 667 3347 ut
680 3312 793 3348 Breve
819 3312 859 3346 in
873 3310 937 3359 suo
957 3322 1109 3349 maneret
1130 3312 1272 3360 vigore,
1297 3311 1341 3353 ὼ·
1359 3310 1461 3360 plena
1488 3309 1638 3359 Negotii
1664 3311 1809 3362 discufflo
1819 3311 1947 3362 futuro
1974 3307 2132 3358 Capitulo
2155 3303 2319 3344 Generali
2344 3316 2403 3340 re·

291 3357 496 3405 servaretur
514 3387 522 3396 .
547 3361 634 3399 Cum
658 3370 770 3397 autem
795 3359 984 3409 hujusmodi
1009 3358 1148 3397 cautela
1170 3359 1366 3409 potiffimum
1383 3385 1394 3401 ‚
1424 3360 1506 3397 inde
1520 3359 1804 3407 originaverint,
1828 3371 1869 3399 ut
1883 3361 1927 3397 ad
1940 3356 2207 3407 circumstantias
2224 3354 2398 3402 temporis,

292 3405 333 3440 eb
346 3408 508 3444 continua
533 3409 675 3446 illarum
695 3409 850 3457 partium
872 3407 961 3445 bella
972 3432 984 3451 ‚
997 3408 1141 3446 liberum
1163 3408 1327 3446 ditiorum
1340 3409 1579 3447 Conventuum
1592 3406 1758 3456 Regimen
1778 3409 1992 3459 impedientis
2006 3429 2020 3450 ,
2031 3404 2215 3441 haberetur
2230 3403 2321 3439 ratio
2337 3402 2399 3443 ,ὰ

289 3456 458 3498 attentio,
483 3456 607 3507 hocque
640 3459 806 3495 motivum
822 3478 835 3499 ‚
861 3457 1030 3494 mediante
1058 3457 1140 3494 ‘Dei
1160 3459 1311 3505 gratia,
1331 3458 1403 3508 jam
1427 3455 1604 3509 ceffaverit
1621 3479 1635 3500 ‚
1657 3457 1701 3499 ὠ·
1723 3468 1862 3496 econtra
1889 3454 2014 3504 causa,
2042 3463 2114 3501 quae
2134 3451 2263 3500 Regem
2277 3450 2322 3487 ad
2333 3462 2403 3487 me-

297 3511 460 3538 moratam
493 3508 766 3555 aggregationem
796 3506 983 3554 urgendam
1010 3505 1176 3543 induxere
1191 3533 1200 3549 ,
1218 3515 1281 3555 per
1292 3506 1411 3557 islant,
1427 3505 1617 3545 sanctitati·
1640 3503 1761 3555 Vestra
1775 3505 1821 3555 su
1840 3503 1947 3553 plicat
1962 3525 1975 3546 ,
1997 3510 2166 3550 quatenus
2181 3500 2402 3537 enuntiatum

298 3548 434 3605 Brfvsss
467 3556 569 3591 etiam
598 3567 674 3592 cum
690 3555 758 3605 sub
770 3553 901 3605 fientia
925 3553 1058 3590 illorum
1085 3565 1234 3603 quatuor
1294 3565 1503 3593 onventuam
1520 3580 1531 3597 ,
1561 3555 1622 3603 qui
1645 3555 1685 3590 vi
1705 3553 1787 3591 diets·
1808 3514 1933 3591 ssrevis
1949 3550 2119 3599 supprimi
2140 3549 2330 3588 debebant.
2357 3548 2402 3589 ὁ*

297 3608 358 3645 qm
394 3609 469 3654 ‘5¹50'
492 3604 695 3641 Sahflitatis
763 3603 852 3654 estrae
876 3602 1084 3652 beneplacito
1106 3603 1127 3639 ὰ
1149 3604 1258 3642 Patre
1284 3603 1447 3642 Generali
1471 3605 1510 3640 in
1532 3602 1607 3640 afiu
1636 3615 1657 3639 a
1723 3602 1888 3650 egationis
1924 3599 2102 3637 executivo
2132 3599 2374 3636 retinebantur
2389 3622 2402 3638 ‚

298 3649 489 3701 esfecuttoni
523 3652 601 3688 dari
631 3654 838 3702 pracipiat,'
857 3652 943 3700 quin
964 3651 1096 3700 causae,
1122 3653 1165 3694 ὼ·
1191 3654 1244 3689 rei
1268 3653 1370 3701 hujus
1393 3653 1506 3703 decifio
1528 3652 1658 3700 Capitu
1673 3662 1690 3687 o
1709 3649 1872 3688 Generali
1905 3648 2100 3698 reservetur
2116 3672 2129 3690 ‚
2154 3645 2212 3684 vel
2236 3646 2281 3686 ad
2302 3643 2401 3684 aliud

297 3691 476 3795 4ἨὲΤῖ
513 3709 638 3757 tempas
663 3727 676 3746 ,
699 3702 744 3786 Ξ·
758 3700 930 3795 sagulum
949 3709 1149 3751 perpetuum
1169 3700 1495 3752 contraditiionibus
1509 3723 1524 3748 ,
1545 3711 1618 3750 quae
1636 3700 1676 3737 in
1697 3699 1760 3738 hac
1774 3698 1920 3737 materia
1941 3697 2028 3747 oriri
2051 3694 2204 3749 poffimt,
2227 3697 2378 3746 imponat
2391 3715 2405 3729 ·

434 3755 509 3783 uam
525 3758 677 3796 gratiam
736 3761 777 3789 ex
839 3762 873 3787 c·
1446 3751 1449 3753 ’
1556 3753 1558 3755 ’

2288 3813 2358 3851 nie
