2762 4030
1137 193 1633 283 Romana.

293 308 505 359 sufficienter
522 307 677 397 εἴπῃς
686 306 847 344 babentes
868 302 932 341 bae
945 304 1021 342 vice
1033 305 1208 346 duntaxat
1231 309 1425 357 specialiter
1440 339 1451 354 ,

301 358 499 410 bustumque
516 388 525 396 .

292 405 362 456 stri
387 408 496 448 Anno
509 407 623 458 prino
639 430 651 441 .

589 604 705 644 Breve
723 604 918 654 formatum
940 604 981 642 in
994 603 1331 643 Aremmonmium
1345 631 1356 642 .

479 846 1150 890 MANDATO.

294 962 594 1020 Illustriffimi
614 963 875 1018 cardinalis
890 966 1180 1024 camerarii,
1211 964 1345 1035 super

360 1034 686 1089 distributione
731 1054 861 1106 aquae
887 1039 1052 1087 Felicis
1087 1035 1342 1114 specialiter

363 1107 599 1177 deputati,
633 1109 768 1159 uncia
800 1126 889 1159 una
920 1127 1047 1178 aquae
1080 1109 1215 1159 dietae
1253 1126 1340 1179 pro

363 1176 449 1232 usu
466 1177 739 1230 Monasterii
770 1180 1037 1230 earumdem
1056 1183 1339 1231 Monialium

364 1269 421 1303 ex
446 1249 636 1320 publico
660 1249 935 1320 aquaeductu
971 1253 1020 1303 in
1059 1268 1338 1323 perpetuum

362 1321 660 1374 conceditur.

429 1442 606 1488 Enricus
620 1442 847 1501 cajetanus
863 1443 997 1488 Tituli
1012 1447 1167 1488 Sanstae
1180 1444 1343 1489 Puden-

443 1505 585 1556 tianae‚
615 1504 778 1547 s.R.1=..
794 1504 1058 1549 Camerarius
1074 1519 1151 1561 per
1165 1510 1206 1548 s.
1221 1508 1274 1547 D.
1289 1508 1344 1548 N.

291 1566 453 1607 sixtum
485 1562 636 1605 Divina
667 1563 943 1608 Providentia
969 1565 1122 1619 Papam
1145 1566 1198 1608 V.
1226 1564 1346 1619 super

290 1620 580 1665 distributione
595 1635 705 1678 aquae
718 1622 885 1675 Felicis,
903 1637 1032 1679 nuper
1050 1624 1224 1667 maxima
1250 1638 1344 1667 cum

289 1676 1344 1797 ffffitsssffzt‘ssss‘z‘lsffl3:??;¹33².⁰.‘33.23.¹3‚1?15{32

291 1809 378 1843 tem
416 1797 629 1843 eonducta:
655 1813 734 1855 pro
765 1796 947 1843 fontibus
974 1800 1180 1857 publicis,
1205 1802 1342 1858 &pri-

288 1860 396 1902 vatis
407 1857 449 1900 in
461 1854 582 1901 Alma
597 1858 715 1902 Urbe
727 1858 1011 1904 construendis
1023 1858 1254 1916 specialiter
1269 1861 1345 1904 de-

290 1927 459 1975 putatus
473 1946 484 1958 .
520 1916 724 1963 Volentes
741 1916 922 1965 dileetos
933 1917 1043 1963 filios
1057 1918 1235 1963 illustres
1251 1924 1342 1965 Do-

288 1978 422 2021 minos
444 1975 659 2020 Custodes
673 1977 912 2023 Sanctiffimi
929 1976 1132 2023 Crucifixi
1149 2008 1165 2031 ‚
1188 1994 1235 2023 ac
1251 1982 1343 2024 Re-

287 2034 494 2080 verendos
526 2037 718 2088 Priorem
744 2067 761 2089 ‚
802 2040 842 2082 δι
870 2038 1083 2083 Moniales
1099 2041 1340 2084 Monasterii

286 2097 602 2151 Capucinarum
629 2097 684 2140 de
713 2099 834 2142 Urbe
865 2098 905 2142 in
936 2102 1082 2143 Monte
1095 2093 1335 2160 Qirinali,

284 2155 434 2258 auibus
459 2170 537 2211 per
564 2157 746 2200 eundem
778 2156 1072 2203 Sanctiffimum
1101 2161 1154 2202 D.
1176 2162 1232 2203 Ν.
1259 2158 1336 2203 fuit

328 2216 391 2259 &a
414 2213 619 2258 concessio
631 2245 648 2268 ‚
675 2217 717 2259 δι
743 2216 920 2262 donatio
943 2219 1064 2261 unius
1082 2219 1210 2261 unciae
1224 2234 1336 2276 aquae

285 2274 436 2317 Felicis
447 2274 664 2330 predictae,
677 2286 804 2332 prout
823 2276 938 2320 idem
948 2276 1219 2321 Sanetiffimus
1236 2279 1337 2325 vivae

286 2332 400 2375 vocis
413 2333 598 2376 Oraculo
621 2336 752 2378 Nobis
779 2335 994 2392 ordina-vit
1013 2363 1028 2386 ,
1059 2336 1304 2392 &imposuit
1321 2366 1336 2388 ‚

286 2388 531 2446 specialibus
549 2391 758 2436 favoribus
774 2421 790 2445 ,
810 2394 850 2435 δε
865 2394 1006 2450 gratiis
1022 2391 1238 2450 prosequi,
1259 2394 1336 2438 eis->

287 2449 384 2492 dem
414 2448 689 2493 illustrissimis
716 2452 908 2495 Dominis
938 2452 1216 2504 Custodibus,
1250 2456 1335 2496 Ve-

284 2506 614 2563 nerabilibusque
631 2510 890 2554 monasterio
908 2512 947 2554 ὃς
967 2510 1217 2555 Monialibus
1234 2527 1337 2570 prae-

285 2565 404 2609 dietis
427 2595 444 2619 ‚
481 2577 527 2611 ut
560 2581 613 2610 ex
642 2567 877 2626 aquaedutftu
904 2570 1073 2628 publico
1099 2569 1334 2619 dictarum

283 2638 512 2682 aquarum,
539 2628 581 2669 δι
602 2627 700 2672 loco
722 2630 895 2685 proprio
921 2630 1033 2673 illius
1060 2643 1138 2687 per
1154 2633 1339 2677 eundem

281 2684 578 2730 Sanctiffimum
590 2716 607 2739 ,
632 2698 703 2730 aut
725 2686 853 2730 alium
873 2690 896 2732 ὲ
911 2689 1139 2734 Sanffltate
1153 2693 1235 2733 Sua
1258 2691 1337 2735 de-

281 2743 403 2799 super
417 2744 702 2801 deputandum
715 2775 728 2798 ‚
743 2746 1039 2803 wignandum,
1052 2758 1123 2791 aut
1137 2748 1336 2793 ordinen-

281 2802 383 2848 dum
406 2832 423 2854 ,
462 2818 610 2861 aquam
639 2806 691 2848 ad
716 2807 994 2862 quantitatem
1020 2807 1137 2850 unius
1162 2809 1291 2851 unciae
1315 2836 1331 2861 ,

282 2871 329 2904 ut
356 2861 470 2918 supra
494 2893 510 2916 ,
539 2863 734 2907 conceffoe
753 2893 768 2918 ,
800 2865 851 2909 ad
882 2864 1013 2909 dictos
1041 2865 1329 2911 illustriffimos

279 2921 485 2963 Domitios
501 2922 705 2967 Custodes
717 2952 735 2974 ,
765 2924 1056 2969 Monnllerium
1069 2953 1086 2978 ,
1108 2926 1149 2968 &
1166 2925 1329 2969 Monia-

282 2979 342 3021 les
357 2978 566 3035 praedit‘tss
581 3010 597 3031 ,
612 2995 690 3037 pro
705 2983 775 3024 usu
788 2982 887 3025 dieti
902 2984 1141 3027 Monasterii
1153 3012 1166 3036 ,
1180 2986 1220 3027 &
1235 2987 1331 3028 Mo-

280 3037 447 3082 nialium
469 3038 656 3091 ducere,
683 3038 840 3095 illique
859 3041 975 3086 difiae
990 3043 1192 3087 Moniales
1218 3056 1326 3086 nunc

278 3099 320 3139 δι
341 3113 418 3154 pro
444 3109 631 3154 tempore
655 3098 695 3142 in
711 3097 822 3142 disto
837 3099 1087 3144 Monastcrio
1105 3100 1327 3145 existentes

280 3158 492 3214 perpetuis
517 3157 665 3204 futuris
683 3158 941 3214 temporibus
955 3161 1014 3205 uti
1028 3159 1070 3201 δι
1086 3158 1195 3210 frui,
1221 3158 1327 3204 libe-

586 368 683 396 σωκ
694 352 809 393 Romae
822 352 915 403 apud
927 353 956 392 S
958 354 1120 393 metrum
1122 357 1192 407 sub
1204 351 1352 398 Annulo
1364 361 1558 410 Pisi-aroris
1607 362 1641 399 ie
1654 357 1734 399 XV
1729 359 1766 397 11
1786 387 1797 399 .
1808 357 2079 402 NovembrisM

2206 233 2309 291 21

1479 314 1522 355 ό·
1534 323 1577 350 ex
1599 309 1688 360 resti
1698 309 1780 348 dero
1804 318 1902 349 anm
1914 334 1928 355 ⁵
1949 316 2087 365 ceteris
2101 330 2142 356 ue
2162 322 2352 359 contrariis
2363 327 2444 373 qui-

2116 367 2198 408 CV.
2210 370 2441 419 Pontificatus

1582 509 1638 548 M.
1654 509 1733 547 Ves
1730 509 1814 549 rrius
1825 509 2017 548 Bnrbinnus
2030 534 2041 546 .

1734 743 1854 755 —
2090 741 2438 761 ——*

1402 845 1450 889 rc
1469 848 1507 888 &
1537 846 1651 891 licite
1679 849 1820 905 poffint
1836 853 1876 892 δι
1892 848 2059 894 valeant
2076 879 2090 903 ,
2117 859 2265 894 tenore
2280 850 2448 908 praesen·

1389 907 1506 953 ‚tium
1526 910 1812 951 concedimus.
1842 907 2087 952 Mandantes
2116 922 2340 965 propterea
2355 923 2446 951 om-

1405 967 1524 1010 nibus
1539 996 1555 1018 ,
1582 967 1623 1008 &
1650 966 1810 1022 fingulis
1829 982 1936 1011 nunc
1963 969 2002 1010 δε
2027 982 2104 1025 pro
2125 978 2315 1026 tempore
2333 969 2447 1011 dieiae

1407 1026 1532 1070 Urbis
1552 1026 1819 1071 existentibus
1833 1026 2092 1070 Officialibus
2105 1058 2122 1079 ‚
2151 1027 2202 1070 ad
2230 1042 2330 1085 quos
2360 1025 2450 1082 spe·

1401 1086 1482 1128 &at
1498 1115 1513 1138 ,
1544 1098 1746 1141 quatenus
1770 1084 1960 1142 praefatos
1986 1086 2275 1130 Illustriffimos
2302 1087 2450 1128 Domi-

1402 1159 1473 1187 nos
1491 1145 1693 1189 Custodes
1709 1175 1724 1198 ,
1756 1147 1797 1188 δι
1812 1146 2104 1191 monasterium
2122 1161 2167 1189 ac
2187 1144 2392 1189 Moniales
2408 1144 2448 1187 in

1404 1202 1683 1307 poffeffoncm
1706 1234 1720 1258 ,
1754 1206 1819 1249 vel
1849 1204 1959 1263 quafi
1988 1203 2103 1249 usum
2118 1203 2234 1248 dietae
2258 1218 2370 1260 aquae
2395 1216 2447 1246 ex

1401 1279 1511 1320 aquae
1545 1267 1634 1307 actu
1648 1294 1663 1318 ,
1692 1275 1735 1308 ut
1753 1264 1868 1322 supra
1886 1294 1900 1317 ‚
1915 1264 2190 1321 percipienda:
2220 1263 2417 1307 inducant
2432 1291 2448 1315 ‚

1401 1325 1439 1365 &
1469 1325 1696 1375 immitaht,
1720 1322 1989 1382 immiffosque
2018 1326 2059 1368 δι
2083 1322 2273 1367 ιἠἀυξὲος
2303 1336 2448 1365 manu-

1402 1393 1572 1426 teneant
1586 1412 1600 1431 ,
1628 1398 1707 1426 nec
1721 1384 1741 1425 ὲ
1766 1397 1975 1441 quoquam
1990 1383 2166 1440 desuper
2184 1412 2199 1436 ,
2224 1382 2365 1436 quavis
2379 1396 2451 1424 oc-

1404 1442 1593 1495 canone,
1623 1442 1688 1486 vel
1713 1442 1825 1486 causti
1848 1442 2057 1487 molestari
2075 1444 2351 1499 permittant,
2380 1439 2451 1483 sed

1402 1502 1618 1555 praesentes
1649 1512 1837 1558 patentes
1867 1504 2047 1546 Litteras
2080 1502 2192 1546 suum
2220 1501 2450 1544 debitum-n

1405 1559 1540 1604 sortiri
1557 1561 1742 1604 effeetum
1756 1590 1772 1613 ‚
1801 1562 2020 1604 contrariis
2045 1560 2352 1617 quibuscunque
2369 1573 2449 1602 non

1401 1620 1654 1664 obstantibus
1669 1651 1684 1674 ‚
1702 1621 1856 1664 faciant
1876 1650 1890 1672 ,
1929 1622 1968 1662 &
1999 1621 2203 1676 patiantur
2216 1650 2232 1671 ‚
2262 1633 2355 1661 cum
2371 1620 2451 1659 hoe

1403 1690 1540 1724 tamen
1565 1711 1582 1732 ‚
1622 1680 1732 1738 quod
1763 1678 2014 1724 Illustriffimi
2047 1679 2216 1722 Domini
2244 1674 2451 1722 Custodes

1404 1741 1444 1781 δι
1461 1740 1749 1784 Monasterium
1764 1740 2005 1795 pra-dietum
2020 1749 2244 1783 teneantur
2256 1766 2270 1789 ‚
2290 1740 2328 1780 &
2346 1736 2453 1779 obli-

1406 1801 1490 1854 gati
1507 1798 1810 1856 fintCapitula,
1831 1802 1994 1843 statuta
2010 1826 2026 1850 ,
2049 1800 2087 1841 ὃς
2106 1799 2424 1842 Conventiones
2439 1824 2456 1848 ,

1406 1869 1492 1901 tam
1521 1858 1623 1903 fasta
1640 1861 1682 1901 δε
1694 1857 1867 1902 formata
1884 1887 1898 1910 ‚
1929 1872 2049 1914 quam
2065 1856 2255 1901 facienda
2272 1886 2287 1908 ‚
2315 1858 2355 1897 δι
2372 1854 2457 1897 for-

1405 1917 1550 1961 manda
1576 1918 1685 1962 eirca
1706 1917 2042 1962 distributionem
2061 1918 2101 1959 δε
2120 1916 2233 1960 usum
2254 1916 2455 1958 dictarum

1401 1990 1598 2033 aquarum
1615 1977 1917 2022 inviolabiliter
1935 1976 2158 2022 observare
2175 2006 2190 2029 ,
2219 1978 2259 2018 δι
2276 1988 2456 2031 perere,

1399 2037 1441 2077 &
1460 2047 1585 2093 prout
1615 2039 1677 2081 eis
1706 2039 1824 2094 super
1861 2037 2061 2097 praedit‘tis
2083 2035 2316 2094 impofitum
2343 2033 2421 2076 fuit
2440 2060 2456 2084 ,

1399 2097 1641 2140 executioni
1672 2097 1927 2143 demandare
1944 2127 1956 2140 .

1460 2158 1506 2199 In
1534 2170 1711 2213 quorum
1739 2155 1861 2201 fidem
1890 2157 2111 2208 praesentes
2130 2153 2219 2196 fieri
2244 2154 2452 2210 intumus,

1402 2215 1577 2272 illasque
1618 2216 1810 2260 manibus.
1839 2215 2000 2259 Nostris
2041 2213 2344 2269 subscripsimus
2368 2243 2382 2264 ,
2413 2213 2454 2253 &

1401 2289 1477 2330 per
1494 2277 1718 2319 Notarium
1745 2275 1925 2318 nostrum
1943 2272 2254 2329 infrascriptum
2281 2272 2455 2315 subscri-

1399 2334 1471 2384 bi,
1500 2333 1704 2391 sigillique
1734 2334 1858 2377 nostri
1885 2332 2061 2390 juffimus
2081 2361 2096 2383 ,
2119 2334 2158 2374 &
2186 2332 2356 2374 fecimus
2381 2344 2455 2386 ap-

1400 2391 1589 2447 penfione
1610 2393 1784 2436 muniri.
1816 2396 1976 2435 Datum
1988 2394 2129 2434 Roma:
2147 2391 2186 2433 in
2200 2391 2365 2434 AEdibus
2377 2403 2454 2431 no-

1398 2451 1486 2493 stris
1512 2450 1581 2492 sub
1597 2455 1722 2494 Anno
1747 2451 1768 2492 εὶ
1798 2452 2033 2495 Nativitate
2063 2452 2116 2493 D.
2134 2453 2192 2493 N.
2214 2448 2308 2507 Jesu
2326 2448 2452 2493 Chri-

1402 2507 1447 2552 sti
1472 2508 1691 2553 millesimo
1707 2509 2036 2567 quingentesimo
2057 2509 2327 2567 oftuagefimo
2341 2512 2451 2551 oeta-

1401 2582 1456 2611 vo
1469 2567 1700 2613 Indiefione
1713 2570 1845 2628 prima
1861 2599 1874 2620 ‚
1886 2569 1970 2613 Die
1985 2570 2089 2612 vero
2103 2567 2293 2624 vigefima
2308 2570 2450 2608 octava

1397 2627 1548 2673 Mensis
1570 2626 2000 2678 Martii,Pontificatus
2015 2626 2253 2671 Sane'tissimi
2267 2627 2307 2667 in
2325 2625 2451 2668 Chri-

1395 2688 1457 2730 sto
1479 2688 1612 2731 Patris
1629 2716 1644 2737 ,
1674 2688 1715 2727 &
1745 2688 1798 2727 D.
1818 2690 1872 2729 N.
1899 2686 2004 2728 sixti
2037 2686 2185 2726 Divina
2217 2681 2447 2726 Providen-

1395 2746 1452 2790 tia
1485 2748 1602 2801 Papae
1617 2745 1670 2787 V.
1698 2745 1826 2786 Anno
1853 2743 1942 2801 ejus
1962 2741 2117 2786 tertio.

1713 2862 1925 2906 Henricus
1946 2858 2078 2906 Card.
2094 2859 2377 2904 Camerarius.

1566 2981 1734 3026 Alexim
1755 2985 2018 3025 Buca-amatus
2031 3008 2046 3022 .

1450 3100 1627 3203 Exlempl.
1646 3098 1838 3143 Autbent.
1866 3100 1912 3143 in
1932 3098 2058 3144 Arcb.
2084 3095 2256 3154 Monast.
2279 3093 2433 3140 Mania.

1526 3172 1610 3202 tum
1623 3187 1636 3201 .

1056 3278 1633 3343 NOTA.

330 3421 410 3459 Fuit
432 3420 468 3459 St
494 3419 623 3459 eisdem
647 3420 862 3459 Monislibus
883 3419 972 3457 fras
984 3419 1133 3457 donntio
1145 3420 1253 3457 totius
1263 3429 1360 3467 nque
1374 3418 1500 3456 Felicis
1522 3419 1541 3456 e
1557 3419 1665 3457 Fonte
1678 3442 1694 3465 ,
1718 3420 1831 3466 vulgo
1851 3415 1943 3455 della
1955 3414 2118 3455 Guardia
2144 3410 2379 3453 de‘svizzeri

749 3479 956 3517 nuncupato
981 3468 1215 3517 profluentis,
1242 3478 1349 3517 prout
1369 3468 1514 3506 exhibet
1540 3468 1745 3507 Mandatum
1775 3469 1947 3513 sequens.

282 3566 355 3659 P
365 3569 475 3609 Etrus
487 3567 717 3620 Miseratione
734 3548 874 3608 Divina
899 3568 940 3606 S.
954 3564 1103 3607 Nicolai
1126 3569 1166 3604 iu
1181 3568 1332 3607 Carcere
1346 3567 1525 3605 Dtaconus
1546 3565 1754 3606 cardinalis
1768 3563 2058 3606 Aldobrandiuur
2079 3564 2120 3621 S.
2132 3561 2183 3602 R.
2198 3562 2239 3601 Ε.
2254 3562 2421 3602 Cuneru-

380 3621 458 3657 riur
475 3616 584 3667 super
606 3618 850 3670 distributione
865 3629 885 3653 a
909 3628 961 3654 use
973 3614 1097 3654 felicis
1112 3616 1338 3675 jamdudum
1351 3615 1500 3654 maxima
1523 3629 1599 3654 cum
1626 3616 1774 3666 impenfiz
1797 3626 1860 3666 per
1876 3611 1940 3663 fel.
1963 3625 2032 3649 rec.
2058 3611 2201 3650 Stxeum
2211 3611 2351 3696 “pagam
2366 3602 2414 3647 V.

282 3665 330 3702 ad
350 3666 504 3712 vrbem,
527 3667 573 3709 ὁ·
596 3666 737 3706 Termas
750 3666 889 3706 Dioclet
905 3677 990 3702 anas
1013 3664 1060 3702 ad
1087 3666 1236 3724 ejusdem
1258 3665 1367 3703 vrbis
1402 3662 1555 3703 decorem
1570 3691 1580 3706 ‚
1605 3665 1649 3708 ό·
1679 3664 1854 3717 publicam
1874 3661 2142 3699 commoditatem
2163 3662 2273 3698 conda

2291 3659 2331 3696 {ae
2351 3667 2416 3708 pro

275 3714 438 3762 fontibus
455 3715 631 3767 publicis,
657 3719 701 3761 ὼ·
713 3718 869 3766 privatis
893 3714 1125 3766 construendae
1185 3714 1343 3752 eeialirer
1358 3737 1373 3759 ,
1395 3712 1438 3756 ὸ·
1451 3713 1601 3763 expreſse
1613 3714 1798 3763 deputatus
1811 3739 1822 3749 .
1849 3709 2039 3751 Noverieir
2062 3732 2077 3754 ‚
2107 3709 2199 3760 qnod
2227 3718 2336 3758 nuper
2366 3703 2414 3742 ad

281 3762 481 3811 ’'nst‘’'ffafl
491 3789 504 3810 0
529 3765 573 3807 ὁ·
585 3767 837 3817 requifitionem
850 3764 1138 3803 Reverendarum

1215 3761 1362 3801 nialium
1376 3762 1637 3811 Caput-inarum
1653 3763 1788 3801 Montis
1802 3756 2007 3817 Qrinalit
2028 3761 2178 3810 petitum
2196 3760 2273 3809 snit
2286 3783 2299 3802 ‚
2321 3755 2412 3805 quod

281 3812 352 3860 '‘pfl'‘
371 3810 525 3861 gratiose
546 3817 809 3864 concederemus
835 3825 944 3854 totam
969 3815 1203 3865 quantitatem
1225 3824 1322 3863 aquae
1338 3810 1486 3857 Felicis,
1510 3824 1583 3860 quae
1602 3811 1750 3862 profluit
1775 3811 1792 3848 ὸ
1808 3813 1908 3860 sonte
1919 3833 1934 3856 ,
1974 3818 2015 3849 ut
2028 3807 2134 3860 vulgo
2156 3810 2291 3849 dicitur
2319 3809 2409 3843 deu·

2243 3858 2358 3893 Quat·
