2774 4068
1071 198 1602 289 Marchiae.

290 315 357 358 ubi
371 309 684 356 eonsuetudines
695 309 881 366 legitime
896 312 1073 366 probata:
1087 345 1100 367 ,
1131 322 1322 361 Conven-

289 375 421 417 tiones
439 370 692 424 ,concordie
704 396 719 419 ‚
739 371 804 412 vel
824 375 986 414 statuta
1006 375 1191 430 vigerent
1208 403 1222 425 ‚
1239 390 1324 431 quae

288 430 463 492 praefatis
479 427 666 475 Parochis
680 428 807 485 magis
822 427 1008 475 faverent
1026 460 1042 483 ,
1064 431 1222 487 illisque
1234 436 1321 487 pin-

290 493 477 548 guiorem
505 484 688 546 predicti
715 487 876 546 Quarti
903 489 1322 537 EmoluinentorunL.

290 547 532 594 funeralium
555 545 789 601 portionem
804 546 1044 603 assignarent
1060 577 1074 599 ,
1097 562 1146 590 ea
1165 549 1204 591 in
1232 552 1292 592 his
1307 580 1322 603 ,

291 606 489 663 inquibus
514 603 654 659 vigent
669 632 684 656 ,
707 604 836 656 locis,
864 605 1095 651 inconcusse
1118 608 1167 648 ab
1193 611 1321 650 omni·

290 671 361 713 bus
371 661 722 718 observarentur3
754 667 945 722 Cumque
963 666 1185 722 Episcopus
1201 666 1238 708 in
1259 666 1322 710 sua

289 722 580 769 informatione
595 723 787 766 retulerit
808 723 947 780 vigere
966 726 1005 768 in
1038 724 1224 768 civitate
1255 727 1320 768 Pi-

286 779 463 829 sturcnli
478 781 845 836 consuetudinem,
878 782 1091 827 sententiis
1107 785 1231 827 etiam
1250 785 1322 840 Ju-

286 841 421 885 dicum
435 840 774 896 comprobatam,
803 841 919 899 juxta
939 856 1059 900 quam
1086 856 1164 886 non
1193 840 1323 886 solum

286 898 474 944 Ecclesia
491 898 713 943 Saeculares
726 930 742 952 ,
767 899 837 943 sed
854 901 980 944 etiam
1001 903 1229 958 Regulares
1244 901 1325 944 sol·

286 968 388 1002 vunt
416 958 604 1001 Parocho
618 957 766 1015 absque
776 958 1103 1003 contradictione
1120 959 1322 1004 medieta-

287 1027 373 1061 tem
387 1030 489 1059 cerae
500 1017 675 1059 accensae
688 1017 728 1060 in
742 1016 993 1072 expositione
1006 1020 1115 1062 circa
1131 1020 1323 1064 Cadave-

288 1090 335 1120 ra
351 1071 668 1126 Defunctorum,
684 1089 771 1131 φιτ
792 1077 829 1118 in
847 1076 1028 1131 iptorum
1047 1077 1238 1120 Ecelesiis
1264 1075 1305 1120 se

290 1134 524 1192 peliuntur,
553 1132 648 1176 hinc
665 1130 810 1176 factum
823 1135 909 1187 est,
939 1135 1049 1192 quod
1081 1139 1223 1180 Patres
1239 1138 1321 1179 Ca·

290 1193 427 1250 pucini
461 1189 624 1234 fuerunt
663 1191 927 1236 condemnati
964 1192 1015 1237 ad
1050 1192 1325 1237 solvendam..-

288 1254 496 1309 Quartam
511 1259 673 1305 partem
688 1264 793 1294 cerae
807 1253 979 1295 accen‘iu
997 1252 1033 1294 in
1050 1249 1322 1296 Ais-›ciatione

289 1309 548 1354 Cadaverum
561 1334 576 1357 ,
599 1323 685 1365 quae
699 1309 750 1352 ad
764 1324 913 1354 eorum
939 1309 1160 1354 Ecclesiam
1185 1321 1319 1353 tumu-

273 1367 413 1413 landa
432 1363 704 1421 deferuntur,
729 1370 768 1417 Bt
795 1382 925 1422 εει-τ,
951 1371 990 1415 8(
1021 1369 1328 1415 intorticiorum

284 1426 555 1471 medietatem
569 1452 584 1475 ,
596 1440 681 1482 quai
695 1428 979 1472 accenduntur
988 1427 1095 1471 circa
1108 1427 1327 1478 cadavera,

289 1499 376 1544 qua:
388 1486 429 1526 in
446 1497 591 1527 eorum
619 1485 797 1530 Ecclesia
832 1497 930 1532 ante
956 1488 1239 1532 humationem
1255 1501 1328 1531 ex-

293 1552 504 1603 ponuntur
518 1574 530 1587 .

353 1603 549 1647 Celebris
564 1601 639 1647 suit
666 1604 707 1646 in
725 1605 800 1650 hac
818 1609 938 1650 Sacra
952 1606 1328 1663 Congregatione)

292 1676 402 1706 anno
427 1661 611 1718 proxime
628 1663 767 1718 elapso
792 1664 922 1708 Cauri
940 1668 1164 1709 Mantuana
1177 1695 1192 1719 ,
1213 1664 1328 1723 cujus

283 1720 386 1764 sacti
401 1721 550 1777 species
565 1721 643 1770 est,
664 1734 750 1776 quae
764 1721 972 1779 sequitur:

348 1783 475 1824 Anno
508 1780 627 1836 t694.
651 1781 771 1823 Sacra
793 1781 875 1825 haec
902 1782 1187 1838 Congregatio
1202 1783 1329 1824 resol-

291 1841 355 1884 vit
370 1868 387 1891 ,
414 1837 525 1895 quod
540 1838 733 1881 Parochis
747 1839 940 1882 Civitatis
957 1843 1132 1883 Mantuae
1146 1841 1328 1883 solvere-

290 1906 362 1942 tur
376 1897 579 1941 medietas
604 1897 811 1950 omnium,
836 1912 922 1954 quae
951 1900 1107 1943 ratione
1138 1897 1328 1943 funemm

294 1956 599 2012 erogabantur,
623 1957 664 1998 δι
686 1957 999 2001 reclamantibus
1031 1957 1222 2000 Ecclefiis
1254 1961 1327 2002 Se-

295 2014 528 2066 cula-ibus,
555 2014 767 2071 perstitum
795 2013 872 2059 fuit
902 2015 942 2059 in
969 2014 1111 2061 decifis
1137 2030 1242 2059 anno
1265 2015 1327 2060 se-

293 2074 430 2134 quenti
450 2073 571 2130 1695.

351 2132 446 2176 Post
462 2132 664 2176 Ecclefias
681 2134 896 2178 Saecularcs
926 2133 1234 2179 insurrexerunt
1250 2137 1331 2177 Ee·

294 2190 425 2233 cleliae
440 2191 668 2245 Regulares
682 2220 697 2243 ,
725 2193 1041 2247 examinatisque
1070 2206 1211 2235 earum
1229 2206 1332 2247 prae-

295 2248 669 2297 tenfionibusffinnis
692 2250 812 2305 1696.
835 2250 1006 2303 ι697.8ι
1026 2251 1147 2306 1699.
1167 2250 1332 2306 respon-

293 2306 379 2349 sum
395 2305 499 2354 fuit,
515 2306 756 2349 servandam
780 2304 858 2348 effe
884 2306 1223 2351 consuetudinem
1249 2308 1330 2351 sol-

294 2365 419 2408 vendi
447 2366 648 2421 Quartam
683 2364 723 2406 in
751 2364 974 2410 medietate
997 2380 1216 2410 cereorum
1236 2378 1330 2410 tan-

294 2425 381 2468 tum
396 2449 411 2471 2
425 2436 511 2478 quae
524 2420 766 2465 deferuntur
781 2437 854 2479 per
869 2425 972 2467 viam
987 2453 1001 2475 ‚
1030 2426 1148 2476 ita,ut
1165 2427 1215 2468 ab
1229 2427 1329 2468 inde

295 2484 399 2526 citra
414 2482 453 2524 in
470 2482 654 2524 Civitate
667 2483 884 2524 Mantuana
900 2483 1089 2526 Ecclefiae
1107 2483 1327 2539 :seculares

293 2540 494 2583 solverint
528 2541 720 2583 Parochis
750 2539 1015 2584 medietatem
1055 2553 1140 2585 tam
1176 2557 1325 2587 cereo-

294 2613 388 2643 rum
403 2627 417 2650 ‚
432 2611 517 2655 quae
532 2613 604 2655 per
621 2599 723 2642 viam
739 2628 756 2649 ‚
783 2601 904 2655 quim
919 2600 1093 2643 aliorum
1105 2630 1123 2651 ,
1142 2603 1327 2653 quaevcir-

293 2673 340 2701 ca
351 2656 543 2700 Cadaver
553 2685 568 2708 ‚
594 2660 632 2700 δι
649 2658 836 2701 Castrum
849 2657 1002 2701 doloris
1015 2658 1330 2708 accenduntur,

294 2714 365 2758 sed
383 2716 568 2758 Ecclesiae
582 2717 809 2771 Regulares
836 2732 915 2761 nou
945 2716 1230 2771 periblverunt
1253 2719 1326 2760 nili

297 2772 565 2840 medictatem
585 2788 820 2819 -cereorum
846 2801 863 2824 2
904 2788 989 2832 quae
1032 2772 1220 2819 feruntur
1253 2789 1331 2832 per

301 2845 409 2875 viam
423 2860 436 2874 .

357 2889 480 2933 Edita
493 2889 714 2946 supradicta
727 2891 961 2937 Sant‘tiilimi
979 2895 1030 2935 D.
1043 2897 1099 2935 N.
1118 2892 1331 2939 Constitu-

298 2952 413 2992 tione
430 2979 446 2999 ,
470 2948 704 2991 inflantibus
719 2952 905 2995 Parocho
917 2952 1113 2995 Civitatis
1129 2956 1328 3003 Mantuae,

298 3007 370 3050 sub
384 3009 555 3049 obtentu
571 3007 810 3062 potiffimum
826 3035 842 3057 ,
866 3010 975 3066 quod
1000 3011 1038 3051 in
1061 3010 1327 3054 Constitutio-

300 3081 352 3109 ne
389 3064 662 3108 demandatur
700 3065 955 3110 observantia
996 3067 1328 3119 consuetudinis,

300 3139 388 3225 311ae
403 3125 528 3179 magis
544 3125 734 3166 Parochis
758 3124 946 3176 faveret,
972 3124 1218 3179 disputatum
1251 3127 1328 3169 suit

334 3183 370 3226 ie
384 3194 452 3231 25.
462 3184 641 3238 januarii
668 3196 785 3235 ¹727·
800 3184 993 3226 dubium:
1028 3184 1226 3241 Quomodo
1239 3213 1254 3235 ‚
1275 3184 1330 3235 ά·

301 3244 346 3284 in
359 3254 437 3296 qua
453 3245 611 3283 Summa
624 3243 739 3285 liceat
761 3242 933 3284 Par-ochis
940 3242 1190 3301 stautai-ibus
1202 3242 1330 3299 exige-

301 3312 346 3342 re
360 3302 565 3358 Qunam
576 3300 803 3358 funeralem
823 3300 874 3342 ab
889 3300 1058 3343 Ecclelt'is
1072 3301 1333 3357 Regularium

303 3360 347 3400 in
359 3359 478 3416 caste?
504 3360 544 3400 &
567 3360 656 3400 huic
681 3359 807 3401 dubio
821 3359 889 3400 die
910 3361 949 3399 8.
967 3360 1179 3403 Februarii
1201 3358 1332 3402 subse·

305 3419 466 3472 quentis
482 3417 706 3474 responsum
726 3416 800 3459 fuit
818 3447 830 3467 ‚
846 3417 1079 3473 solvendam
1105 3418 1176 3476 ff
1201 3418 1228 3459 δ
1257 3420 1330 3461 Re-

298 3476 510 3529 galeribus
523 3477 765 3519 medietatem
781 3506 794 3527 ,
822 3485 905 3517 tam
915 3490 1109 3519 cereorum
1122 3506 1137 3527 ,
1167 3489 1255 3531 que
1267 3476 1331 3517 de-

294 3529 572 3591 serunturper
587 3539 692 3577 vlam
709 3563 723 3586 ‚
754 3534 874 3590 quam
887 3537 1054 3577 aliorum
1067 3562 1081 3586 ‚
1109 3547 1186 3588 qus
1199 3546 1328 3576 accen·

306 3591 455 3634 duntur
469 3593 511 3635 in
530 3594 695 3650 Ecclefia
707 3594 812 3636 circa
829 3594 1030 3636 Cadavera
1044 3621 1059 3644 ,
1086 3592 1135 3640 ὅ
1149 3592 1330 3649 Castrum

306 3650 471 3700 doloris,
494 3651 547 3702 ὰ
562 3654 728 3697 Altaria
741 3681 752 3694 .
784 3652 863 3697 Sed
882 3654 1095 3710 impetrata
1114 3651 1136 3693 d
1150 3649 1333 3706 Regula-

305 3710 415 3753 ribus
441 3722 545 3752 nova
574 3710 808 3764 audientia,
846 3712 1132 3769 disputatoque
1162 3708 1237 3751 die
1264 3722 1331 3763 24.

295 3768 395 3826 Maji
412 3780 506 3869 ’Tan
516 3766 604 3823 effi!
617 3771 820 3829 flandum—2
850 3775 913 3816 vel
948 3769 1194 3817 recedendum
1219 3766 1246 3810 d
1268 3767 1334 3811 de-

458 3838 531 3869 om-
544 3829 599 3870 11.

1386 321 1466 375 cilis
1489 323 1503 362 ἓ
1535 318 1666 375 major
1691 331 1780 372 pars
1796 314 2067 371 suffragiorum
2084 320 2157 363 fuit
2175 336 2248 376 pro
2267 239 2418 367 rec9essu

1383 381 1404 422 i
1423 377 1565 422 dcciiis
1581 406 1595 428 ,
1624 378 1698 418 hoc
1716 378 1801 427 esi,
1827 375 1935 431 quod
1970 377 2158 422 Ecclesiae
2190 382 2418 436 chulares

1384 436 1543 479 solvere
1558 435 1763 479 deberent
1783 433 2048 477 medictatem
2071 450 2281 481 cereorum
2297 470 2312 492 ‚
2336 455 2419 497 quae

1385 509 1457 552 per
1473 496 1577 537 viam
1593 489 1908 536 deferrebantur
1922 521 1937 542 ,
1966 492 2007 532 δι
2033 494 2239 552 Qartam
2263 510 2420 552 partem

1381 565 1633 603 cereorum,
1658 553 1698 594 &
1715 552 2012 594 intorticiorum
2028 578 2043 601 ,
2074 565 2157 606 quae
2186 558 2422 600 accendun-

1381 623 1451 654 tur
1477 611 1518 652 in
1537 610 1716 652 Eccleiia
1740 612 1847 651 circa
1879 607 2121 659 Cadavera,
2150 610 2420 659 &Castrum

1382 667 1568 715 doloris,
1598 669 1638 710 &
1666 668 1820 710 Altaria
1839 695 1854 719 ,
1884 680 1933 708 ex
1962 680 2046 721 quo
2076 665 2276 710 videlicet
2306 674 2420 714 Con-

1384 726 1544 770 stitutio
1559 726 1655 767 nihil
1675 726 1784 768 aliud
1798 724 2040 768 intendebat
2059 753 2072 774 2.
2104 727 2227 782 quim
2257 729 2423 787 Qartae

1383 784 1647 830 solutionem,
1658 785 1698 825 &
1713 783 1969 838 praes'ervatio
1983 780 2294 828 consuetudinis
2311 813 2325 835 ‚
2339 800 2423 841 quae

1385 841 1483 887 ess‘et
1501 843 1692 885 Parochis
1714 844 1836 899 magis
1860 842 2097 886 favorabilis
2113 872 2126 895 ,
2152 856 2232 885 non
2257 854 2418 898 poterat

1388 902 1457 946 fibi
1475 902 1609 944 locum
1627 901 1844 944 vendicare
1862 901 1900 942 in
1917 898 2024 951 casu,
2036 901 2090 944 de
2103 915 2185 957 quo
2199 902 2420 955 agebatur,

1386 975 1538 1004 cumea
1554 973 1756 1016 nunquam
1777 958 1958 1015 viguiflet
1977 959 2016 1001 in
2030 958 2221 1002 Ecclefiis
2240 960 2419 1015 Regula-

1386 1023 1489 1064 rium
1504 1050 1520 1071 ‚
1534 1022 1667 1075 quoad
1682 1017 1927 1062 solutionem
1943 1016 2175 1060 medietatis
2187 1030 2291 1059 ccrae
2307 1048 2322 1068 ,
2339 1033 2423 1074 quae

1385 1079 1689 1122 accendebatur
1705 1078 1813 1121 circa
1827 1078 2039 1121 Cadavera
2053 1103 2068 1124 ‚
2094 1078 2131 1118 &
2149 1074 2335 1119 Castrum
2351 1077 2428 1120 do-

1386 1138 1483 1180 loris
1498 1167 1512 1189 ,
1538 1139 1579 1178 &
1594 1138 1747 1180 Altaria
1764 1166 1778 1187 ‚
1806 1135 1872 1179 sed
1896 1149 1985 1179 cum
2003 1144 2197 1192 ageretur
2214 1134 2267 1177 de
2292 1135 2417 1178 inter-

1387 1198 1619 1252 pretatione
1635 1195 1948 1239 Constitutionis
1978 1195 2098 1238 editae
2128 1191 2150 1236 ὲ
2181 1193 2427 1238 Sanetimmo

1386 1257 1563 1298 Domino
1578 1254 1730 1299 Nostro
1752 1284 1766 1306 ,
1798 1255 1930 1297 adhuc
1946 1251 2125 1299 feliciter
2150 1254 2423 1304 vivente,re-

1389 1310 1572 1370 sponsum
1595 1314 1694 1357 fuit:
1725 1314 1780 1355 ad
1789 1316 2054 1356 secretarium
2075 1326 2162 1356 cum
2177 1310 2315 1354 Sanfh
2366 1326 2427 1353 mo

1380 1372 1505 1432 juxta
1522 1384 1684 1415 mentem
1698 1403 1712 1424 .‚
1727 1387 1814 1429 quae
1828 1371 1901 1414 fuit
1917 1402 1931 1424 ‚
1946 1383 1990 1415 ut
2010 1371 2090 1427 ipse
2108 1371 2320 1414 sanctitati
2338 1373 2429 1414 Suae

1390 1446 1640 1488 exponerem
1670 1432 1812 1475 ilatum
1841 1430 2152 1482 controversiae,
2190 1439 2429 1473 momenta-³

1382 1492 1595 1534 'rationum
1610 1520 1623 1541 ,
1644 1493 1684 1533 δι
1699 1504 1910 1533 numerum
1925 1488 2230 1544 suffragiorum3
2255 1490 2295 1529 δι
2323 1486 2428 1531 facia

1390 1565 1463 1607 per
1485 1554 1555 1592 Me
1570 1550 1812 1591 sanetiffimo
1833 1548 2009 1590 Domino
2034 1548 2181 1590 Nostro
2211 1546 2425 1603 praedifto-

1392 1623 1480 1652 rum
1505 1609 1684 1650 omnium
1713 1609 1893 1650 distincta
1908 1635 1922 1658 ‚
1945 1608 1985 1647 &
2009 1605 2120 1650 clara
2143 1604 2425 1661 expolitione,

1392 1670 1592 1713 Sanetnas
1609 1672 1690 1711 Sua
1703 1666 1965 1716 declaravit,
1980 1676 2158 1707 mentem
2172 1663 2281 1707 suam
2298 1662 2428 1715 fuisse,

1391 1726 1503 1784 quod
1527 1731 1578 1768 ab
1608 1725 1799 1767 Ecclesiis
1817 1723 2112 1766 tumulantibus
2131 1724 2320 1767 Parocho
2345 1721 2427 1764 sol-

1392 1794 1559 1828 veretur
1574 1786 1739 1836 Quarta
1755 1812 1770 1834 ,
1796 1784 1905 1838 quod
1931 1782 2185 1838 persisterent
2214 1781 2435 1824 consuetu-

1390 1843 1510 1886 dines
1525 1872 1541 1890 ,
1571 1844 1611 1883 δι
1626 1843 1857 1886 concordiae
1870 1868 1884 1888 ,
1918 1842 1954 1883 in
1971 1841 2114 1897 quibus
2132 1842 2318 1898 pinguior
2334 1854 2431 1897 por-

1392 1902 1453 1945 tio
1481 1902 1674 1957 Parochis
1714 1900 1986 1958 affignabatur
2002 1930 2016 1952 ,
2056 1902 2114 1943 uti
2147 1899 2350 1955 contingit
2389 1899 2431 1941 in

1390 1960 1508 2003 Urbe
1521 1986 1536 2008 a
1555 1960 1593 2003 in
1611 1974 1686 2015 qua
1701 1962 1880 2015 portio‚it
1904 1959 2177 2015 Regularibus
2189 1956 2432 2015 persolven-

1391 2017 1442 2059 da
1460 2018 1782 2068 Parochialibus‚
1802 2017 1993 2060 ecclesiis
2019 2018 2076 2060 est
2093 2018 2143 2062 ad
2160 2017 2427 2061 medietatem

1393 2076 1581 2124 redacta,
1598 2076 1656 2116 uti
1675 2076 1756 2116 latit
1775 2075 1934 2117 firmant
1957 2077 2179 2130 Pafqaalig.
2195 2075 2251 2115 ad
2265 2078 2430 2117 Lauret-

1394 2135 1439 2176 de
1454 2134 1600 2177 Franc.
1611 2141 1726 2187 port.
1734 2136 1873 2186 prima
1902 2147 2008 2174 num.
2027 2149 2094 2190 29.
2125 2133 2316 2189 Pignatel.
2343 2146 2434 2173 con-

1393 2193 1490 2243 fiat.
1507 2203 1576 2240 52.
1606 2204 1712 2231 num.
1729 2205 1772 2240 9.
1799 2200 1892 2231 tom.
1916 2204 1951 2232 r.
1981 2194 2085 2234 Rota
2111 2195 2152 2232 in
2175 2192 2431 2246 Senogallten.

1398 2254 1564 2308 ¹Quat-tf
1566 2246 1769 2306 funeralis
1786 2263 1798 2292 ι
1815 2251 2047 2303 i.7anuarit
2063 2251 2179 2292 1686.
2198 2250 2234 2300 ξ.
2255 2249 2435 2305 Denique

1395 2323 1526 2352 cor-am
1538 2308 1625 2349 bon.
1641 2322 1754 2351 noem.
1769 2312 1985 2353 Rondinmo
1996 2308 2177 2367 imprffl
2202 2309 2311 2363 apud
2331 2313 2430 2350 Ber-

1393 2368 1546 2412 tachin.
1574 2376 1654 2409 vot.
1676 2379 1766 2410 101.
1801 2369 1839 2407 &
1865 2365 1905 2409 se
1930 2366 2089 2410 idcirco
2103 2368 2329 2423 approbare
2344 2367 2433 2410 sen-

1393 2428 1476 2470 sum
1491 2426 1735 2482 pluralitatis
1753 2424 2028 2481 suffragiorum
2044 2455 2060 2477 ,
2094 2425 2205 2482 quod
2231 2425 2427 2470 medietas

1392 2499 1521 2536 cerat,
1547 2499 1634 2542 quae
1653 2482 1842 2527 defertur
1872 2499 1945 2540 per
1976 2486 2079 2527 viam
2105 2491 2127 2528 a
2158 2484 2432 2539 Regularibus

1391 2544 1620 2589 Mantuanis
1634 2541 1733 2584 esset
1750 2540 1970 2591 solvenda,
2006 2557 2098 2583 cum
2131 2546 2169 2583 in
2203 2542 2349 2586 ordine
2377 2541 2430 2584 ad

1392 2618 1485 2647 eam
1531 2601 1784 2651 consuetudo
1809 2599 1888 2653 jam
1927 2597 2029 2640 elset
2072 2596 2303 2641 introducta
2323 2629 2339 2650 ‚
2387 2601 2430 2640 δε

1389 2671 1576 2717 quartam
1592 2657 1753 2701 tantum
1775 2666 1930 2710 partem
1944 2669 2049 2696 cerae
2059 2685 2075 2706 ,
2091 2668 2176 2710 quae
2188 2657 2426 2698 accenditur

1390 2719 1501 2760 circa
1517 2714 1709 2759 Cadaver
1722 2741 1735 2763 ,
1750 2713 1983 2755 &Castrum
1997 2713 2150 2756 doloris
2162 2741 2177 2764 ,
2207 2711 2285 2755 effe
2298 2714 2347 2756 ab
2362 2713 2425 2755 iis-

1390 2775 1486 2817 dem
1503 2771 1775 2828 Regularibus
1791 2770 2046 2822 solvendam,
2059 2785 2151 2813 cum
2167 2772 2275 2813 nulla
2292 2772 2330 2813 in
2349 2772 2424 2815 hac

1393 2842 1512 2889 parte
1527 2830 1715 2874 Parochis
1730 2828 1982 2872 consuetudo
1998 2825 2155 2873 faveret
2169 2859 2183 2881 ,
2206 2831 2245 2871 δε
2259 2828 2429 2872 consen-

1392 2891 1510 2935 tanee
1547 2890 1596 2933 ad
1630 2886 1786 2931 sensum
1823 2887 2054 2930 Sanctitatis
2088 2893 2173 2931 Suae
2204 2891 2426 2931 Decretum

1389 2950 1547 2994 editum
1577 2942 1652 2988 fuit
1682 2947 1721 2988 in
1749 2947 1934 3001 praedicta
1958 2946 2072 2988 causa
2099 2949 2348 2996 Mantuana,
2372 2950 2423 2989 ea'

1387 3008 1502 3062 cuius
1532 3005 1641 3049 serie
1666 3033 1681 3056 .,
1718 3018 1802 3060 quae
1840 3003 1893 3045 ad
1923 3017 2041 3056 rem,
2066 3003 2257 3047 videntur
2284 3003 2425 3047 inferri

1390 3064 1526 3122 posse,
1554 3064 1760 3111 alterum,
1791 3065 1933 3105 Patres
1947 3063 2179 3118 Capucinos
2206 3077 2282 3106 non
2315 3060 2420 3118 posse

1391 3124 1431 3167 se
1461 3124 1643 3167 eximere
1670 3124 1695 3166 a
1717 3120 1917 3164 solutione
1949 3133 2097 3177 quartae
2134 3121 2254 3177 partis
2294 3134 2425 3172 cerae,

1391 3197 1479 3239 quae
1503 3181 1693 3225 defertur
1724 3181 1763 3222 in
1789 3178 2064 3223 Affociatione
2090 3180 2351 3222 Cadaverum
2380 3179 2420 3221 in

1394 3241 1567 3299 ipsorum
1585 3237 1759 3282 Ecclefia
1773 3237 2133 3295 sepeliendorum,
2160 3246 2278 3293 prout
2294 3237 2419 3279 etiam

1394 3300 1461 3355 ipfi
1475 3300 1587 3344 ultro
1601 3299 1639 3341 in
1655 3295 1731 3340 suis
1760 3297 1974 3352 scripturis
2006 3295 2213 3346 fatentur;
2240 3293 2418 3336 alterum

1392 3359 1475 3410 est,
1499 3358 1609 3401 idem
1639 3356 1744 3399 sorte
1769 3355 1964 3412 judicium
1985 3353 2062 3399 effe
2085 3352 2299 3396 serendum
2328 3353 2420 3399 de)

1390 3426 1535 3475 quarta
1550 3426 1669 3472 parte
1681 3428 1811 3466 cerae,
1837 3415 1877 3455 δι
1892 3412 2186 3456 intorticiorum
2201 3439 2215 3462 ,
2236 3425 2319 3468 qua
2348 3426 2419 3454 ac·

1390 3475 1619 3519 cenduntur
1632 3474 1738 3517 circa
1754 3471 1968 3516 Cadavera
1984 3500 1998 3522 ,
2025 3483 2110 3526 quae
2126 3470 2166 3511 in
2181 3483 2321 3512 eorum
2338 3471 2422 3512 Ec-

1390 3533 1511 3577 clesia
1523 3544 1784 3589 exponuntur
1810 3541 1907 3573 ante
1936 3529 2211 3572 humationem
2225 3558 2241 3580 ,
2263 3530 2305 3570 δι
2325 3541 2421 3585 prae·

1391 3590 1609 3636 tensionem
1625 3589 1855 3634 medietatis
1873 3587 2051 3644 pendere
2065 3587 2086 3628 a
2113 3584 2248 3638 (aeto,
2271 3586 2293 3629 a
2319 3602 2419 3629 con-

1392 3649 1605 3693 suetudine
1619 3648 1812 3692 videlieet
1826 3677 1841 3699 ,
1865 3660 1943 3688 non
1967 3644 2093 3691 solum
2117 3644 2420 3690 Ecclefiarunt.

1392 3707 1652 3752 Saecularium
1667 3736 1682 3759 ‚
1708 3707 1773 3750 sed
1788 3707 1910 3748 etiam
1927 3703 2192 3761 Regularium
2214 3718 2304 3749 eam
2337 3703 2414 3745 sol-

1397 3765 1551 3821 vendi,
1576 3765 1641 3810 vel
1655 3780 1734 3809 nou
1752 3761 1960 3807 solvendi.

1795 3823 1870 3865 Ee
1902 3835 1926 3863 a
2275 3822 2369 3862 Haec
