2762 4088
808 201 1305 289 ELEN

1357 202 1850 295 CHvs‚

2093 216 2350 306 xxxix.

274 333 414 390 grum
433 338 487 372 ex
517 319 688 371 eodem
714 318 932 367 motivo&
958 322 1010 368 F.
1025 317 1184 368 Luc-ido
1204 318 1320 370 fasta
1380 323 1485 370 loco
1510 322 1708 386 ejusdem
1757 320 2098 390 Collispetracei
2120 366 2134 386 ‚
2166 340 2211 380 ό(
2245 333 2409 380 Turris

276 391 335 441 ad
354 388 767 443 Eminentiffimum
798 388 942 438 Card.
964 392 1278 440 Protectorem
1299 426 1316 449 ,

254 466 400 529 juxta
428 476 601 511 tuentem
638 461 788 508 Sacrae
829 462 1218 530 Congregationis
1252 481 1314 511 re-

267 533 495 584 mittitur.
1225 552 1311 593 9¹·

330 607 532 654 Decreto
565 598 765 665 ejusdem
799 604 848 653 8.
880 605 1118 672 congreg.
1147 605 1312 653 Conci-

269 672 319 723 lii
347 670 552 722 instantia
574 671 734 723 similis
769 674 1040 737 rejicicitur‚
1068 673 1118 725 ὄῑ
1150 673 1314 738 rejesta

263 740 563 792 confirmatur
580 779 595 792 .
1222 763 1308 805 91.

327 810 531 863 Decreto
549 818 700 865 Sacrae
716 815 1106 886 congregationis
1123 813 1306 882 Episco-

254 899 423 952 porum
444 920 460 942 ,
489 882 538 936 δι
562 886 895 953 Regularium,
924 903 1011 954 pro
1038 883 1306 937 fundatione

257 970 389 1004 novae
403 954 582 1005 Doms‘is
598 956 709 1007 Loci
724 954 875 1006 Castri
890 959 1056 1006 veteris
1069 956 1305 1006 Fratribus

259 1025 512 1076 Ecclesiam
545 1028 766 1076 Ruralem
797 1030 847 1078 8.
870 1029 1130 1086 Anatoliae,
1156 1045 1303 1079 ωσι..

257 1099 479 1168 contiguo
512 1099 670 1148 Terrae
701 1100 828 1167 petio
861 1100 1056 1167 relinqui
1093 1098 1302 1149 concedi·

252 1180 331 1218 tur
350 1205 364 1217 .
404 1170 508 1218 ”cum
521 1183 647 1218 nota.
1215 1188 1302 1232 93.

327 1238 723 1291 Constitutionem
757 1238 940 1294 Urbani
983 1241 1114 1307 Papae
1142 1237 1302 1291 VIII.

259 1307 318 1358 de
354 1307 627 1375 subjestione
652 1312 907 1362 Provinciae
936 1312 1060 1361 Patri
1087 1309 1303 1361 Ministro

261 1382 478 1432 Generali
496 1418 513 1442 ,
542 1380 654 1434 &in
672 1387 766 1445 ejus
777 1379 975 1431 absentia
986 1384 1304 1443 ,Procuratori,

254 1448 304 1502 ἃ
319 1454 442 1502 Com
453 1451 654 1503 missario
669 1454 887 1503 Generali
901 1451 1144 1504 confirmat
1155 1487 1170 1502 .
1206 1455 1303 1505 Cle-

252 1541 363 1573 nens
375 1526 497 1574 XII.
525 1543 614 1573 cum
631 1539 729 1573 nota
742 1560 755 1573 .
1215 1544 1302 1590 94.

327 1592 485 1645 Missas
499 1612 585 1664 pro
612 1593 870 1645 Animabus
890 1596 1013 1664 Julii
1031 1596 1300 1666 Pazzaglia,

255 1661 305 1715 ὅ(
329 1664 559 1716 Fidelium
577 1663 634 1715 de
651 1671 745 1729 ejus
778 1667 972 1716 Familia
989 1702 1005 1724 ,
1028 1667 1075 1713 in
1101 1665 1298 1717 Ecclesia

252 1738 469 1786 Fratrum
495 1737 716 1788 Civitatis
739 1740 943 1788 Centum
960 1736 1200 1788 Cellarum
1227 1756 1296 1787 ce·

254 1804 522 1866 lebnndas,
545 1805 726 1858 tannim
750 1808 806 1856 iis
832 1805 1069 1880 suffragari
1098 1807 1293 1859 debere,

251 1876 463 1928 concedit
477 1912 493 1936 ,
512 1896 567 1928 ac
581 1877 616 1928 fi
631 1876 782 1928 forent
799 1877 931 1929 dista:
947 1882 992 1929 in
1008 1879 1158 1928 Altari
1171 1913 1188 1936 ,
1203 1882 1294 1948 pri-

249 1948 423 2018 vilegio
452 1947 675 1999 liberandi
705 1951 927 2000 Animam
955 1951 980 2000 ὲ
1015 1952 1293 2019 Purgatorio

245 2017 464 2070 decorato
481 2055 494 2069 .
555 2019 670 2070 Idem
690 2055 703 2069 .
1201 2032 1289 2083 96.

316 2090 604 2142 Monialibus
634 2093 814 2142 Montis
840 2091 1095 2160 Quirinalis
1128 2094 1286 2144 Indul-

243 2163 418 2230 gentias
436 2165 579 2213 Scalae
596 2162 772 2215 Sanstae
794 2161 932 2214 sexies
951 2180 1031 2231 per
1049 2180 1218 2214 annum
1243 2166 1289 2213 in

245 2246 520 2300 perpetuum
539 2233 751 2284 concedit
766 2270 779 2282 .
800 2233 914 2284 Idem
927 2270 941 2282 .
958 2252 1045 2283 cum
1058 2249 1154 2283 nota
1166 2271 1177 2283 .
1194 2235 1256 2283 ibi
1274 2269 1288 2285 .

317 2302 562 2372 Rescripto
585 2303 825 2355 Pontificio
848 2306 1011 2355 Altare
1025 2303 1300 2375 'transfigit--

244 2374 436 2422 rationis
470 2376 516 2423 in
554 2373 754 2425 Ecclesia
781 2373 962 2428 Domiis
995 2374 1051 2424 de
1073 2375 1213 2425 Urbe
1240 2376 1289 2427 in

241 2440 492 2495 subsidium
508 2446 828 2518 privilegiatur
845 2482 862 2496 .
920 2463 1009 2495 cum
1021 2463 1118 2497 nota
1135 2484 1149 2497 .
1200 2466 1286 2507 97.

315 2515 522 2577 Unciam
552 2534 680 2585 aquae
711 2535 766 2567 ex
796 2516 985 2586 publico
1012 2518 1285 2584 aquaedustu

237 2585 653 2639 CivitatisVetulae
665 2623 684 2647 ,
699 2591 970 2639 Conventui
989 2588 1162 2639 ibidem
1175 2606 1284 2639 con-

239 2655 368 2715 cedi,
395 2660 741 2709 committitur.
778 2677 869 2707 cum
883 2675 1009 2707 nota.
1192 2663 1282 2720 98.

308 2726 556 2797 Rescripto
570 2730 874 2800 Privilegium
895 2731 1068 2779 Altaris
1099 2729 1158 2780 de
1174 2727 1283 2780 infe·

238 2797 360 2846 riore
381 2801 574 2868 Capella
593 2798 773 2851 Domfis
799 2801 1016 2851 Civitatis
1035 2802 1191 2851 Reatis
1222 2801 1282 2851 ad

238 2868 405 2918 Altare
424 2875 569 2934 majus
586 2869 796 2922 Ecclesiae
821 2868 1054 2921 transferri
1074 2871 1282 2922 concedi-

238 2950 315 2990 tur
331 2973 345 2988 .
1187 2983 1189 2985 .
1191 2961 1279 3004 99.

268 3153 670 3206 PROVINCIA
696 3157 743 3206 8.
762 3156 812 3204 P.
833 3154 1207 3204 FRANCISCI
1226 3189 1239 3201 .

303 3291 555 3345 Ecclesiam
587 3295 786 3345 ruralem
825 3298 873 3344 8.
902 3292 1064 3343 Mariae
1097 3294 1276 3343 Montis

232 3362 408 3415 Casalis
426 3400 443 3423 ,
470 3364 591 3436 apud
609 3381 747 3433 quam
768 3368 816 3416 S.
834 3367 884 3414 Ρ.
899 3361 1163 3413 Franciscus
1177 3398 1194 3421 ,
1226 3365 1277 3413 il-

232 3434 407 3504 liusque
425 3440 609 3487 Fratres
625 3433 889 3485 babitabant
904 3470 921 3492 ,
950 3433 1184 3484 Fratribus
1198 3450 1275 3482 no·

231 3504 334 3556 stris
364 3507 620 3580 consignari
661 3507 913 3558 committit
930 3541 943 3555 .
981 3503 1136 3555 Paulus
1169 3506 1269 3553 111.

236 3595 324 3627 cum
338 3595 451 3630 noea.
1156 3593 1175 3623 ι
1187 3592 1214 3622 0
1228 3594 1270 3623 1.

302 3650 517 3704 Mediato
531 3651 654 3703 vivae
683 3649 813 3700 vocis
827 3649 1013 3698 oraculo
1033 3681 1048 3704 ,
1065 3644 1183 3696 fafia
1213 3663 1267 3695 ex

234 3717 367 3770 suasu
385 3722 462 3771 Fr.
480 3719 750 3775 Bernardini
774 3719 796 3768 a
815 3720 1167 3786 Collepetraceo
1179 3733 1272 3765 ere·

227 3792 325 3842 fiio
337 3793 517 3843 Montis
541 3797 592 3845 de
604 3790 878 3844 Abundanria
912 3789 1193 3857 nuncupati,
1225 3787 1270 3835 in

1377 393 1605 453 Tuderti;
1634 399 1724 456 ejus
1744 396 1960 461 Capitula
1976 431 1989 451 ,
2020 395 2066 446 ἃ
2086 402 2131 446 Ρ.
2148 400 2401 449 Guardiani

1374 464 1554 513 Montis
1573 468 1757 533 Scoppii
1789 464 1846 512 ad
1864 466 2224 518 nominationem
2242 474 2408 520 Came·

1373 536 1478 581 rarii
1495 569 1511 591 ‚
1540 536 1747 585 Priorum
1771 532 1864 585 ἃς.
1879 533 2122 584 concursus
2139 539 2406 590 confirman-

1374 616 1452 652 tur
1466 638 1479 653 .
1524 615 1536 628 ⁴
1550 623 1637 652 cum
1652 622 1748 654 noea
1765 642 1778 654 .
2298 629 2406 665 102.

1443 677 1601 724 Sorori
1630 673 1716 725 suae
1737 673 1983 726 secundum
2008 693 2189 725 carnem
2219 679 2410 728 Germa-

1371 760 1434 792 nae
1454 744 1782 796 Monasterium
1802 747 2081 795 Monialium
2115 748 2159 795 in
2175 747 2409 798 Civitate..

1370 813 1579 864 Perusina
1613 815 1864 867 aedificandi
1908 812 2172 866 facultatem
2213 816 2374 867 tribuit
2390 854 2406 876 ,

1365 884 1540 952 hocque
1585 886 1611 934 a
1646 886 1962 948 Jurisdissione
1998 886 2238 936 Ordinarii
2264 905 2410 938 exem·

1362 970 1494 1023 ptum
1510 991 1526 1014 ,
1554 959 1767 1006 Fratrum
1796 956 2054 1006 nostrorum
2071 974 2191 1006 curae
2209 992 2224 1013 ,
2250 959 2404 1024 quoad

1363 1024 1614 1092 spiritualia
1643 1026 1821 1091 subjicit
1842 1062 1858 1084 ,
1896 1026 2120 1094 gubernio
2158 1028 2404 1094 temporali

1364 1095 1745 1150 Confraternitati
1763 1133 1780 1156 ,
1804 1096 1860 1147 de
1882 1095 2073 1166 Justitia
2102 1111 2369 1165 nuncupata:
2390 1133 2405 1156 ,

1363 1169 1525 1219 relisto
1539 1206 1552 1218 .
1569 1169 1728 1240 Julius
1749 1171 1852 1219 111.
1885 1186 1973 1218 cum
1985 1183 2109 1218 nota.
2293 1177 2405 1219 106.

1435 1243 1677 1309 Capellam
1699 1244 1750 1292 Β.
1772 1240 1946 1308 Angeli
1961 1275 1976 1297 ‚
2001 1256 2111 1288 cum
2145 1238 2371 1287 Domibus
2391 1275 2407 1297 ,

1364 1308 1410 1362 ἃ
1425 1315 1557 1362 terris
1570 1313 1801 1383 contiguis
1819 1309 2055 1361 Fratribus
2077 1312 2234 1360 Terrae
2252 1311 2404 1359 Gual·

1363 1381 1410 1430 di
1437 1400 1519 1450 pro
1538 1401 1690 1434 annuo
1720 1386 1910 1434 Canone
1946 1380 2161 1431 Candelae
2178 1416 2193 1437 ,
2229 1379 2397 1430 valoris

1365 1456 1496 1504 unius
1511 1453 1736 1504 bononeni
1753 1490 1769 1512 ,
1789 1453 1974 1502 alienari
2008 1451 2218 1502 concedit
2236 1487 2249 1499 .
2301 1450 2404 1501 San·

1362 1525 1450 1575 {lus
1484 1523 1583 1573 Pius
1603 1529 1668 1575 V.
1700 1543 1788 1572 cum
1802 1539 1899 1571 nota
1921 1558 1932 1571 .
2287 1539 2400 1584 104.

1431 1598 1661 1647 Moniales
1686 1591 1950 1645 Monasterii
1968 1591 2024 1642 dc
2046 1589 2295 1659 BonoJesu
2314 1596 2406 1643 Eu-

1357 1667 1481 1733 gubii
1515 1702 1532 1726 ,
1578 1662 1903 1719 Profeffionem
1950 1662 2075 1714 suam
2120 1663 2164 1710 in
2195 1662 2404 1713 manibus

1358 1736 1708 1790 Eminentiffimi
1726 1736 1986 1788 cardinalis
2007 1732 2283 1785 Protestoris
2304 1736 2399 1784 Or-

1353 1809 1471 1859 dinis
1488 1845 1502 1867 ,
1516 1826 1599 1875 pro
1614 1823 1820 1875 tempore
1841 1803 2068 1855 existentis
2083 1838 2098 1860 ,
2113 1818 2193 1854 aut
2209 1806 2397 1855 alterius

1354 1880 1410 1931 ab
1428 1897 1482 1929 eo
1496 1878 1749 1948 specialiter
1763 1881 1999 1944 Deputati,
2018 1875 2231 1925 emittere
2250 1875 2396 1926 indul·

1352 1966 1433 2020 get
1452 1986 1469 2008 ,
1499 1949 1658 2014 easque
1701 1969 1754 1999 ac
1793 1951 1975 1998 illarum
1997 1946 2113 1996 bona
2132 1946 2260 2009 hujus
2277 1949 2393 2015 regi-

1349 2024 1463 2071 mini
1491 2057 1506 2079 ,
1569 2021 1618 2074 8(
1659 2018 1970 2090 superioritati
2021 2015 2200 2080 subjicit
2223 2052 2236 2067 .
2297 2017 2402 2066 San·

1349 2093 1438 2143 Hus
1460 2091 1562 2141 Pius
1592 2093 1655 2143 V.
1709 2110 1798 2141 cum
1812 2106 1912 2139 nota
1929 2124 1943 2139 .
2275 2105 2390 2147 109.

1422 2165 1585 2214 Altare
1604 2166 1749 2227 majus
1777 2164 1822 2211 in
1844 2165 2058 2211 Fratrum
2078 2154 2277 2208 Ecclesia
2296 2161 2392 2208 Do-

1348 2232 1450 2285 mfis
1467 2238 1614 2284 Beatae
1628 2235 1788 2285 Mariae
1802 2233 1857 2282 de
1877 2235 1988 2282 Pace
2007 2226 2174 2279 Perusii
2193 2263 2209 2284 ,
2234 2230 2278 2276 in
2293 2245 2393 2295 per-

1349 2314 1537 2373 petuum
1555 2304 1836 2373 privilegiat.
1857 2302 2086 2368 Gregorius
2105 2302 2256 2348 x111.
2279 2318 2296 2347 r
2313 2318 2330 2348 1
2344 2316 2389 2348 2.

1420 2374 1670 2426 Ecclesiam
1689 2379 1738 2425 S.
1756 2373 1950 2423 Martini
1983 2374 2259 2421 Interamnae
2275 2387 2384 2421 cum

1348 2445 1509 2497 Te'rris
1533 2482 1550 2504 ,
1588 2445 1635 2497 ὅ(
1665 2447 1824 2498 Horto
1860 2440 2200 2507 adjacentibus,
2247 2438 2297 2491 δι
2329 2439 2389 2489 ad

1347 2515 1557 2567 Mensam
1589 2514 1905 2587 Episcopalem
1937 2510 2238 2580 spcfiantibus
2257 2546 2274 2569 ,
2299 2527 2385 2577 pro

1344 2587 1677 2639 constr-ustione
1707 2604 1839 2636 novae
1867 2580 2047 2634 Domsis
2077 2581 2249 2631 ibidem
2275 2584 2384 2631 Fra-

1342 2658 1489 2708 tribus
1507 2656 1696 2707 concedi
1713 2655 1917 2724 signatur
1934 2690 1948 2703 .
1985 2670 2072 2701 cum
2087 2667 2183 2699 nota
2201 2686 2214 2700 .
2279 2650 2342 2698 ibi
2359 2686 2371 2698 .

1367 2764 1370 2767 -
1409 2731 1562 2778 Situm
1600 2744 1707 2776 cum
1740 2722 1940 2775 Ecclesia
1968 2757 1983 2780 ,
2021 2722 2246 2771 Oratorio
2272 2754 2288 2776 ,
2321 2737 2374 2768 ac

1339 2799 1438 2846 aliis
1466 2795 1684 2848 Officinis
1713 2796 1770 2846 ad
1803 2792 2239 2845 confraternitatem
2268 2794 2380 2841 San-

1342 2867 1404 2917 <sti
1424 2869 1616 2918 Antonii
1639 2864 1790 2916 Affifii
1808 2863 2084 2933 spestantem
2100 2897 2118 2919 ‚
2141 2860 2373 2910 Fratribus

1338 2955 1423 3007 pro
1438 2955 1558 2987 nova
1578 2942 1736 2987 Domo
1760 2936 1820 2985 ibi
1837 2932 2136 2985 construenda
2161 2930 2257 2979 dari
2277 2964 2291 2986 ‚
2325 2928 2374 2980 ὅ(

1338 3011 1383 3058 in
1412 3009 1542 3074 hujus
1578 3003 1993 3075 compensationem
2021 3001 2152 3051 dieta:
2182 2997 2377 3050 Confra-

1337 3079 1538 3128 ternitati
1578 3075 1909 3126 Monasterium
1938 3110 1953 3132 ,
2000 3071 2049 3123 ὅ(
2086 3068 2373 3121 Ecclesiam...

1338 3153 1386 3200 S.
1418 3149 1675 3199 Catharinae
1703 3146 1889 3196 concedi
1922 3179 1938 3201 ,
1975 3141 2226 3194 Ordinatio
2259 3140 2370 3189 Loci

1335 3220 1588 3269 committit
1604 3253 1618 3267 .
1656 3217 1841 3268 Clemens
1857 3218 2009 3265 v111.
2256 3228 2275 3258 1
2291 3228 2309 3257 ι
2322 3226 2366 3268 3.

1406 3292 1602 3341 Litteras
1622 3285 1720 3340 suas
1735 3323 1751 3346 ,
1788 3287 1950 3356 quibus
1973 3281 2076 3334 loc&
2094 3282 2256 3331 Salmae
2278 3275 2370 3327 fru-

1333 3363 1474 3410 menti
1494 3396 1508 3417 ‚
1548 3358 1783 3410 Fratribus
1807 3357 2026 3408 Civitatis
2052 3349 2270 3403 Perusina
2289 3383 2302 3405 ,
2339 3348 2375 3406 ἒ,

1333 3430 1512 3482 Theseo
1538 3432 1759 3481 Americo
1782 3444 1892 3477 cum
1920 3442 2054 3474 onere
2083 3417 2363 3471 Miffarum..

1331 3519 1412 3568 pet
1435 3499 1758 3551 testamentum
1772 3499 1895 3567 prius
1912 3495 2077 3545 reliCiae
2093 3527 2109 3549 ,
2145 3489 2194 3542 ἃ
2214 3489 2365 3559 postea

1329 3570 1538 3622 Ecclesiae
1554 3577 1601 3623 S.
1622 3571 1780 3621 Mariae
1801 3569 1933 3618 Villae
1953 3563 2152 3617 Piccioni
2169 3563 2365 3630 applica·

1328 3655 1384 3692 tae
1409 3677 1425 3700 ,
1463 3644 1508 3691 in
1539 3639 1779 3692 subsidium
1808 3636 1984 3688 fabricae
2032 3639 2213 3685 Domus
2243 3630 2360 3682 Affi-

1330 3711 1479 3763 fienfis
1514 3709 1858 3777 eleemosynam
1889 3707 1978 3758 uns
2017 3721 2196 3757 tantum
2229 3705 2360 3752 vice..

1331 3787 1509 3856 erogari
1578 3780 1848 3833 concesserat
1876 3815 1891 3838 ‚
1945 3796 2035 3830 non
2082 3773 2358 3849 obstantibus

2220 3856 2307 3900 qu·
