2762 4030
1106 236 1607 330 Romana;

274 357 487 403 amissionis
513 357 709 403 librorum
722 379 738 404 ,
758 354 802 396 δι
829 358 1024 407 typorum
1038 357 1219 399 omnium
1236 371 1310 412 pro

275 431 353 460 una
368 448 384 470 ,
398 422 584 462 Camere
600 412 738 456 nostrae
749 411 993 468 Apostollcae
1006 439 1021 461 ‚
1052 428 1098 457 ac
1115 428 1188 469 pro
1209 415 1308 468 alia,

276 475 435 521 causam
446 478 468 519 ὲ
481 475 589 517 dieto
598 471 811 514 francisco
824 470 1069 514 habentibus
1086 472 1281 527 praedietis
1295 502 1312 524 ,

275 538 318 579 &
344 549 419 595 pro
443 532 599 588 reliqua
629 530 760 574 tertiis
787 529 970 586 partibus
998 529 1252 583 accusatori,
1275 533 1316 574 &

276 593 401 638 ‘udici
414 588 632 647 exequenti
651 587 978 632 irremissibiliter
993 588 1315 644 applicandis,eo

273 654 357 710 ιρῶ
377 648 526 706 absque
549 647 635 691 ulla
651 646 938 692 declaratione
966 647 1217 692 incurrendis
1232 662 1311 703 pae-

270 711 349 761 nia,
358 708 407 752 ne
418 708 528 752 dieto
539 706 747 750 decennio
761 705 818 750 du
825 716 1090 762 rante-,opera
1103 706 1310 763 praedicta,

269 777 341 813 aut
365 765 542 824 aliquam
567 779 709 810 eorum
746 776 907 822 partem
926 793 940 817 ,
971 766 1095 809 etiam
1110 776 1306 821 praetextu

268 825 527 873 additionum
540 853 557 878 ,
587 836 654 868 aut
679 824 1013 882 explanationum
1044 835 1129 868 tam
1155 825 1195 866 in
1223 838 1310 866 ma·

270 899 380 943 gno,
400 899 526 944 quam
550 884 589 927 in
612 899 742 941 parvo
766 883 896 934 folio,
924 897 967 927 ac
995 892 1079 926 tam
1107 884 1144 926 in
1167 883 1282 927 Urbe
1297 910 1311 933 ,

300 957 388 988 uam
403 946 441 988 in
456 942 647 988 universo
656 947 776 987 Statu
792 941 1071 986 Ecclesiastico
1083 941 1279 999 praedietis
1293 968 1309 992 ,

269 959 352 1049 zue
367 1001 594 1063 hujusmodi
610 1002 773 1047 licentia
789 1001 1041 1058 imprimere,
1055 1011 1121 1045 aut
1134 1004 1185 1044 ab
1202 1001 1284 1043 alio
1297 1027 1311 1052 ,

269 1064 340 1107 vel
355 1062 444 1109 aliis
459 1059 640 1120 impressa
654 1060 837 1104 vendere
852 1090 867 1112 ,
884 1070 951 1102 nur
964 1061 1126 1105 venalia
1142 1061 1312 1111 habere,

271 1122 341 1166 vel
357 1134 770 1180 proponere,quoquo
784 1118 910 1162 modo
924 1120 1099 1164 audeant
1112 1149 1126 1172 ,
1139 1117 1205 1162 seu
1220 1132 1317 1175 prae.

273 1178 699 1239 stimant,Mandantes
714 1190 933 1236 propterea
948 1179 1107 1222 dilectis
1121 1177 1233 1222 Filiis
1248 1191 1314 1221 no.

274 1240 362 1284 stris
376 1270 394 1294 ,
421 1242 464 1283 8ι
491 1239 730 1295 Apostolicae
752 1239 870 1286 Sedis
896 1238 949 1281 de
977 1237 1108 1282 latere
1126 1236 1291 1294 Legatis
1307 1265 1321 1290 ,

273 1299 343 1343 seii
359 1313 506 1344 eorum
520 1297 879 1355 vice-Legatis,ac
892 1296 1214 1348 Praesidentibus,
1230 1298 1320 1340 Gu-

275 1357 586 1409 bernatoribus,
600 1356 871 1409 Praetoribus,
901 1355 1044 1400 &aliis
1062 1354 1220 1414 justitiae
1242 1356 1316 1398 Mi.

277 1417 408 1461 nistris
420 1446 435 1472 ,
449 1416 758 1463 Provinciarum
772 1445 786 1469 ,
800 1416 1050 1467 Civitatum,
1065 1418 1288 1459 Terrarum
1301 1442 1316 1466 ‚

277 1489 325 1519 ac
339 1476 524 1520 locorum
537 1474 675 1519 Status
686 1475 811 1518 nostri
826 1474 1091 1518 Ecclesiastici
1109 1473 1316 1531 praedicti,

277 1545 480 1594 quatenus
497 1532 656 1580 causam
680 1534 704 1579 ἃ
720 1533 830 1579 dicio
843 1531 1059 1579 Francisco
1073 1533 1315 1579 habentibus

1074 1651 1298 1716 ΝΟ

1368 356 1595 411 hujusmodi
1632 354 1673 399 in
1712 356 1912 413 praemiffis
1952 360 2127 409 efficacis
2164 279 2409 410 defenii9onia

1369 418 1546 473 praesidio
1579 414 1799 460 assistentes
1823 446 1839 470 ‚
1859 419 2182 478 quandocunque
2221 427 2271 470 ab
2317 426 2408 480 ipfia

1373 475 1525 519 suerint
1558 474 1738 530 requisiti
1769 503 1785 527 ,
1827 489 1955 530 paenas
1987 481 2189 531 praedietns
2227 496 2407 530 contra„

1374 532 1639 590 quoscunque
1665 534 1951 579 inobedientes
1976 536 2297 583 irremiffibiliter
2309 558 2408 587 exe·

1374 602 1551 647 quantur
1566 619 1578 632 .
1599 595 1694 634 Non
1706 592 1951 637 obstantibus
1967 594 2351 653 constitutionibus,
2365 604 2408 646 δι

1369 649 1712 692 Ordinationibus
1738 652 2012 707 Apostolicis‚
2041 654 2082 695 δι
2107 655 2313 710 quibusvis
2334 659 2410 703 sla.

1369 708 1498 757 tutis,
1524 708 1564 747 &
1588 708 1974 762 consuetudinibus,
1999 715 2123 755 etiam
2149 711 2411 770 juramento,

1366 764 1693 811 confirmatione
1709 770 1937 826 Apostolica
1952 795 1968 819 ,
1998 770 2063 813 vel
2082 771 2223 827 quavis
2240 770 2409 816 firmita-

1368 836 1411 869 te
1424 825 1501 867 alia
1519 825 1971 884 roboratis3privilegiis
1987 830 2411 886 quoque,indultis,&

1373 883 1520 927 Literis
1533 883 1793 939 Apostolicis,
1811 887 1847 931 in
1864 889 2111 931 contrarium
2126 889 2409 944 praemissorum

1370 941 1683 1000 quomodolibet
1706 945 1933 997 concessis,
1962 945 2243 999 confirmatis,
2271 949 2312 990 &
2340 962 2413 1005 ap·

1371 1002 1552 1058 probatis
1564 1030 1579 1054 ,
1592 1004 1826 1061 caetcrisqne
1849 1008 2063 1051 contrariis
2077 1005 2385 1063 quibuscunque
2397 1037 2411 1049 .

1374 1061 1573 1104 Volumus
1587 1062 1852 1121 autem,quod
1864 1062 2121 1119 praesentium
2135 1063 2418 1121 transumptis,

1376 1122 1498 1163 etiam
1513 1119 1706 1176 impressis
1718 1149 1734 1173 ,
1754 1135 1876 1166 manu
1889 1123 2067 1178 alicujus
2082 1123 2245 1167 Notarii
2260 1123 2416 1180 publici

1377 1178 1637 1236 subscriptis,
1671 1182 1713 1224 δι
1741 1179 1872 1239 sigillo
1898 1183 2076 1238 personae
2106 1188 2148 1230 in
2172 1181 2417 1239 dignitate,

1380 1240 1604 1283 constitutae
1618 1240 1782 1283 munitis
1794 1269 1810 1293 ‚
1839 1240 1985 1283 eadem
2002 1242 2165 1298 prorsus
2191 1239 2291 1285 fides
2307 1240 2417 1285 adhi.

1379 1298 1526 1342 beatur
1541 1329 1557 1351 ‚
1584 1313 1668 1353 quae
1684 1300 1773 1356 ipsis
1787 1299 2046 1356 presentibus
2068 1300 2228 1358 prorsus
2244 1300 2417 1344 adbibe-

1377 1368 1520 1410 retur,
1550 1359 1577 1400 si
1602 1355 1740 1402 forent
1767 1358 1987 1411 exhibitae,
2018 1360 2085 1404 vel
2110 1358 2298 1406 ostense.

1439 1419 1592 1461 Datum
1615 1418 1756 1460 Romae
1773 1417 1878 1474 apud
1903 1421 1945 1461 S.
1962 1421 2133 1462 Petrum
2157 1417 2228 1461 sub
2244 1416 2416 1461 Annulo

1376 1473 1596 1520 Piscatoris
1625 1475 1706 1518 Die
1726 1490 1821 1519 vii.
1851 1477 2161 1532 Iuniimncxxi.
2192 1476 2419 1522 Pontifica-

1374 1532 1438 1577 tsis
1459 1536 1597 1581 Nostri
1624 1538 1744 1581 Anno
1772 1536 1904 1592 primo
1920 1565 1934 1577 .

1392 1653 1641 1720 TA.

279 1791 373 1883 N
385 1796 449 1833 On
476 1795 568 1852 Lege
580 1793 752 1855 Nationis
765 1818 779 1840 ,
799 1792 854 1830 sed
863 1789 1164 1850 iure-Profelionis
1181 1790 1423 1850 Romanus-est
1437 1794 1537 1840 supra
1551 1793 1734 1843 expressus
1750 1795 1805 1833 Fr.
1821 1793 2018 1853 francisciis
2029 1818 2043 1840 ,
2054 1805 2131 1832 nam
2143 1791 2229 1852 juxt
2238 1809 2258 1834 a
2278 1795 2424 1845 primam

401 1845 590 1881 Provincia
601 1842 793 1881 cusentina
804 1854 883 1879 eum
895 1840 957 1877 sibi
978 1841 1140 1878 vendicat
1153 1864 1167 1884 ,
1188 1852 1268 1878 cum
1283 1842 1518 1880 Coriolanum
1534 1868 1547 1889 ‚
1575 1845 1773 1891 praeclarum
1798 1845 2006 1892 Superioris
2030 1845 2204 1882 Calabria:
2217 1867 2230 1887 ,
2261 1846 2296 1883 δ’(
2324 1843 2425 1894 presa

281 1903 324 1930 te
336 1891 536 1930 Provinciae
548 1889 736 1939 Oppidum
749 1917 763 1938 ,
787 1894 936 1929 natalem
949 1889 981 1926 ei
996 1889 1130 1927 dederit
1145 1891 1257 1927 lucem
1273 1902 1283 1927 ε
1304 1901 1351 1927 ex
1377 1891 1524 1929 secunda
1539 1917 1553 1938 ,
1575 1892 1762 1930 Provincia
1780 1894 1938 1931 Romana
1948 1893 2028 1942 jure
2041 1893 2171 1930 merito
2184 1890 2284 1932 illum
2297 1895 2370 1930 (uis
2382 1892 2426 1930 ad

279 1940 425 1986 scribit,
442 1952 522 1978 cum
535 1939 615 1979 vere
641 1941 678 1978 in
695 1955 734 1981 ea
762 1942 804 1980 S.
822 1937 1004 1984 Religioni
1019 1936 1052 1976 se
1065 1937 1232 1975 autoran'e
1244 1963 1257 1983 ,
1275 1939 1445 1977 chronice
1463 1942 1631 1980 testentur
1648 1943 1773 1980 iabulae
1793 1965 1803 1977 ι
1829 1943 1882 1981 Ut
1903 1953 2018 1981 tamen
2039 1942 2074 1979 ἃ
2101 1938 2214 1979 Patria
2232 1941 2425 1981 Provincia

280 1988 463 2035 Religiosi
488 1988 730 2038 spiritumquo
756 1989 939 2038 pollebat,

989 1986 1138 2023 oriretur
1149 1985 1343 2031 fructibus,
1372 1989 1468 2027 illius
1502 1990 1758 2028 provincialem
1783 2003 1899 2029 curam
1912 1991 1955 2027 ad
1981 1992 2172 2028 nonnullos
2191 2002 2302 2030 annos
2325 1990 2424 2027 seve·

278 2049 340 2076 rus
353 2038 538 2084 Regularis
552 2037 751 2088 Disciplina
776 2037 908 2075 Custos
930 1998 1099 2084 afflimpfit
1113 2048 1127 2076 3
1156 2038 1296 2075 Praeteri
1308 2037 1433 2074 Libros
1445 2039 1482 2075 in
1496 2040 1703 2088 Apollolico
1719 2041 1827 2080 Brevi
1848 2052 2057 2078 memoratos
2071 2066 2084 2083 ‚
2111 2038 2222 2088 Typis
2239 2038 2350 2078 edidit
2362 2062 2374 2075 .

377 2085 580 2124 Tractatum
605 2086 648 2125 de
675 2087 824 2139 §udicio
846 2082 1043 2173 Rcerqulari.

374 2135 470 2186 Bxpo
481 2137 619 2175 itionem
644 2138 685 2174 in
698 2134 845 2174 ‘Rullum

376 2184 454 2236 Exp
468 2185 651 2223 icarionenr
672 2186 712 2222 in
723 2184 862 2223 Bullam
879 2183 1056 2222 Cruciaeae
1071 2207 1083 2220 .

914 2146 977 2172 em.
993 2129 1032 2172 V
1029 2133 1096 2171 111.
1122 2133 1165 2171 de
1177 2133 1383 2184 Largttione
1400 2147 1583 2175 munerum
1596 2158 1610 2174 .

374 2232 605 2282 Horologium
631 2232 828 2285 spirituale
839 2232 934 2330 ,feu
950 2231 1199 2271 Meditationes
1218 2240 1282 2281 pro
1306 2234 1464 2271 omnibus
1498 2233 1602 2284 Feflis
1617 2234 1666 2271 ⁶13.
1682 2233 1727 2274 V.
1748 2235 1804 2275 M

827 2307 842 2327 ,
877 2293 896 2319 e

375 2282 607 2331 Horologium
618 2284 647 2321 S
671 2282 817 2320 iriruale

377 2331 596 2371 Exercirium

896 2292 921 2318 u
940 2281 1190 2320 Meditationes
1211 2281 1254 2318 de
1273 2291 1348 2319 rora
1370 2282 1531 2333 Paffione
1553 2284 1601 2320 D.
1615 2282 1671 2321 N.
1687 2284 1730 2334 J.
1745 2283 1875 2336 Cbristi
1890 2308 1901 2320 .

658 2329 827 2381 ngelicam
845 2340 910 2380 pro
925 2327 1120 2378 salutando
1131 2327 1288 2377 Deipara
1304 2326 1455 2378 Virgine
1475 2331 1597 2369 Mam
1611 2355 1623 2366 .

379 2381 438 2417 De
459 2379 588 2417 summa
600 2379 835 2424 Theologiai,
859 2377 960 2425 cujus
977 2375 1217 2431 Apostolicum
1241 2378 1355 2414 Breve
1377 2380 1519 2426 primam
1531 2379 1616 2418 facit
1641 2381 1848 2420 mentionem
1871 2405 1888 2427 ,
1921 2381 2052 2430 primus
2077 2391 2194 2419 tomus
2219 2381 2424 2422 duniaxtie

283 2432 397 2482 ‘typo
411 2428 590 2465 Vaticano
615 2427 768 2475 prodiit,
795 2426 945 2475 reliquos
960 2424 1128 2462 Aunesis
1150 2437 1243 2463 mors
1267 2425 1465 2473 suppreffit.

380 2477 462 2515 Fuit
485 2475 674 2514 acerrimus
699 2474 884 2513 nostrinae
914 2475 959 2510 D.
975 2475 1230 2511 Bonaveniurae
1253 2474 1414 2512 SeEtator
1427 2499 1442 2521 ,
1466 2478 1502 2515 ες
1521 2478 1626 2528 juxta
1639 2478 1714 2528 ejug
1735 2491 1887 2517 „omum
1901 2480 2134 2525 ,nostmzbug
2148 2479 2290 2518 smum
2305 2479 2426 2518 Tha>

280 2527 411 2575 logiam
437 2524 593 2574 prelegit
608 2548 619 2560 .

376 2571 631 2633 Commendant
654 2569 745 2629 illius
759 2570 895 2630 Scripta
908 2594 924 2615 ,
945 2570 985 2631 ’ἃ
1012 2569 1178 2609 virtutem
1193 2572 1412 2620 Hyppolitus
1426 2575 1620 2618 Maraccius
1644 2577 1706 2616 lib.
1726 2579 1770 2616 de
1791 2578 1921 2628 Script.
1940 2576 2108 2615 Marianis
2135 2589 2172 2626 p.
2208 2589 2239 2613 i.
2261 2576 2424 2624 Wadinss.

277 2625 322 2664 de
347 2626 480 2672 script.
505 2621 598 2659 ord.
613 2621 704 2657 Min.
717 2621 906 2660 Torricilla
930 2619 992 2656 lib.
1007 2619 1136 2668 specul.
1146 2621 1290 2668 Serapb.
1304 2621 1426 2671 Relig.
1436 2625 1472 2662 ἀ
1486 2625 1546 2663 alii
1560 2651 1572 2663 .

465 2821 500 2863 E
561 2821 593 2862 P
653 2822 672 2862 1
733 2821 763 2863 S
823 2820 860 2862 T
919 2821 959 2862 O
1018 2820 1053 2862 L
1112 2819 1149 2861 Α

314 2908 705 2978 S.Congregati0nis
724 2907 861 2976 Episc.
877 2942 893 2966 ,
918 2913 973 2958 &
994 2906 1287 2976 Regularium.

282 3008 468 3061 Erectio
496 3008 606 3056 novi
626 3004 899 3058 Conventus
932 3007 979 3055 in
998 3007 1104 3055 loco
1128 3004 1325 3073 Tulphae

353 3076 581 3149 Episcopo
597 3073 829 3146 Nepesino
847 3077 1154 3126 committitur
1173 3109 1188 3123 .

367 3176 621 3223 Anssiffimus
654 3173 852 3219 Dominus
875 3174 1010 3218 noster
1035 3170 1250 3227 indulget,
1278 3178 1325 3211 ut

387 3235 652 3282 Provincialis
676 3232 982 3288 Capucinorum
1010 3229 1129 3286 hujus
1148 3229 1322 3272 Provin-

280 3301 353 3341 ciae
364 3300 630 3341 Conventum
659 3294 712 3336 sui
728 3290 896 3334 Ordinis
915 3290 952 3334 in
975 3290 1071 3332 loco
1086 3288 1257 3344 Tulphae
1274 3285 1326 3328 il.

282 3357 359 3400 lius
380 3354 577 3399 Dioecesis
599 3353 765 3408 erigere
787 3349 904 3406 possit
918 3378 932 3401 ,
958 3347 1322 3392 contradictione)

281 3419 450 3462 Parrum
467 3413 637 3457 Ordinis
666 3415 706 3454 S.
723 3407 935 3465 Augustini
950 3438 966 3459 ,
990 3408 1059 3464 qui
1074 3406 1145 3449 soli
1165 3406 1219 3448 ibi
1234 3417 1323 3447 nio-

282 3485 428 3519 rantur
443 3503 459 3525 ,
491 3486 569 3516 non
585 3470 768 3514 obstante
782 3496 796 3519 ,
829 3468 884 3509 ita
911 3478 1045 3510 tamen
1061 3494 1075 3519 ,
1088 3475 1131 3507 ut
1148 3462 1317 3519 Amplit.

284 3535 381 3577 Tuae
397 3529 605 3576 consensus
632 3528 832 3578 accedat,
861 3525 954 3568 dicii
972 3527 1114 3569 Patres
1128 3522 1324 3579 Augusti·

283 3592 394 3636 niani
422 3590 609 3636 redditus
637 3617 651 3641 ,
691 3601 743 3630 ex
770 3585 918 3642 quibus
942 3583 1055 3641 juxta
1087 3582 1320 3640 suppositio-

283 3664 377 3694 nem
400 3650 539 3696 vivere
566 3659 747 3707 queant,
781 3645 954 3687 habeant
974 3641 1220 3685 sufficientes
1238 3668 1252 3692 ,
1282 3640 1324 3680 δι

284 3709 326 3752 in
342 3711 564 3753 Conventu
578 3737 592 3760 ,
609 3707 773 3750 noviter
789 3702 1065 3747 construendo
1081 3730 1095 3751 ,
1115 3701 1163 3744 ad
1191 3700 1320 3740 minus

290 3780 305 3810 i
318 3779 357 3809 2.
377 3767 540 3811 Fratres
561 3767 615 3810 de
633 3764 801 3809 Familia
817 3762 970 3819 degant
983 3791 998 3812 ,
1032 3760 1134 3802 acin
1152 3757 1322 3813 reliquis

1383 2831 1441 2873 pae
1455 2819 1576 2861 vm.
1609 2818 1664 2862 de
1682 2831 1879 2862 novorum
1891 2821 2182 2863 Conventuum
2211 2818 2417 2864 ereflione

1382 2878 1624 2921 observetur
1642 2907 1654 2919 .
1685 2881 1827 2923 Roniae
1848 2880 1910 2920 i8.
1926 2878 2023 2936 Maji
2046 2879 2163 2920 1622.

1451 2999 1612 3111 Exsrlog.
1627 2999 1771 3042 secret.
1790 3001 1909 3052 Cong.
1926 2993 2021 3038 anni
2034 3025 2050 3047 ,
2080 2994 2134 3045 &
2148 2992 2280 3052 mensis
2294 2990 2419 3048 pred.

1526 3067 1545 3095 o
1566 3083 1576 3095 .
1599 3068 1690 3104 105.

1385 3135 1499 3149 ἠ
1969 3133 2123 3147 a*

1572 3203 1613 3243 D
1673 3203 1708 3245 E
1770 3204 1808 3245 C
1869 3203 1909 3244 R
1968 3201 2004 3243 E
2064 3199 2102 3241 T
2161 3199 2202 3241 O
2218 3226 2230 3239 .

1432 3287 1478 3339 S.
1495 3290 1536 3340 C
1534 3294 1837 3360 angregationis
1864 3289 1914 3339 de
1938 3286 2212 3356 Propaganda
2227 3282 2332 3333 Fide
2347 3314 2365 3332 .

1386 3389 1607 3441 Studium
1626 3385 2067 3442 Controverfiarum
2084 3387 2128 3433 in
2148 3387 2421 3442 Conventu,

1456 3475 1563 3511 tunc
1592 3464 1639 3513 S.
1660 3464 1990 3511 Bonaventurae
2030 3456 2086 3507 dc
2105 3453 2271 3513 Urbe,
2301 3453 2420 3522 erigi

1455 3534 1707 3603 imponitur
1730 3568 1743 3582 .

1629 3633 1710 3672 Die
1725 3643 1792 3680 ²7·
1825 3627 2041 3674 Februarii
2061 3626 2180 3678 1624.

1467 3693 1572 3736 Aera
1590 3689 1874 3747 congregatio
1901 3685 2060 3729 censuit
2075 3712 2090 3736 ,
2105 3680 2294 3726 Studium
2308 3683 2420 3724 Con.

1485 3750 1774 3792 troversiarum
1803 3747 1970 3789 omnino
2006 3740 2084 3786 esse
2117 3740 2360 3796 erigendum
2382 3740 2422 3780 in

285 3824 493 3882 dispositio
518 3824 690 3870 Decreti
711 3821 826 3868 felic.
852 3835 974 3866 meni.
999 3816 1229 3880 Clementis
1245 3817 1323 3860 Pa-
1381 3815 1599 3854 Conventu
1620 3811 1660 3852 S.
1671 3810 1965 3851 Bonaventuroe
1981 3802 2287 3860 Capucinorum
2306 3797 2415 3841 du

2203 3874 2206 3876 ’
2237 3857 2350 3901 Urbe
