2710 4108
308 298 582 344 MonasteriO,
612 294 649 334 Sc
668 293 933 342 Monialibus,
965 290 1031 333 vel
1050 304 1187 333 earum
1206 293 1343 346 legiti-

308 370 376 396 mo
400 349 657 395 Procuratori
686 352 875 395 summam
914 364 1091 406 pecuntoe
1120 351 1344 393 necessariae

307 428 381 468 pro
397 425 533 461 earum
559 411 898 462 substentatione,
929 411 968 451 &
997 409 1226 451 Monasterii
1257 423 1343 450 ma·

307 470 577 521 nutentione,
610 470 657 512 ad
698 474 865 525 petitam
904 468 1078 523 praediffl
1110 468 1342 510 Monasterii

309 531 569 583 eredtionem
588 525 656 570 sub
687 531 856 583 Regula·
876 528 1180 583 Capucinarum
1196 529 1343 570 §anetae

311 587 441 628 Clarae
455 614 469 637 ,
502 585 670 629 Ordinis
687 591 817 631 Sancti
840 586 1036 631 Francisci
1052 615 1066 637 ,
1081 587 1120 626 ἃ.
1135 585 1341 642 subjeaio-

308 659 363 686 ne
379 645 687 687 Ordinatioloci
701 661 774 701 pro
791 658 976 702 ternpore
990 676 1005 696 ,
1038 658 1112 700 pro
1142 643 1213 686 suo
1240 644 1344 687 arbi-

312 704 395 745 trio
409 731 424 754 ,
451 706 489 744 &
506 704 751 747 conscientia
767 735 783 756 ,
816 704 977 747 servatis
994 701 1196 746 servandis
1211 732 1225 754 ,
1253 717 1342 759 pro-

314 763 465 813 cedat,
497 777 588 804 cum
627 762 821 805 facultate
859 763 990 805 eidem
1024 762 1223 817 Episcopo
1249 763 1346 804 duas

313 820 516 862 Moniales
534 822 765 864 Monasterii
780 823 924 864 Sanfiae
943 822 1076 862 Mariae
1089 820 1344 876 Angelorum

310 878 490 935 ejusdem
509 879 673 921 Ordinis
687 906 700 927 a
733 880 902 936 ipsarum
918 891 1053 922 tamen
1067 908 1080 926 ,
1100 894 1143 921 ac
1164 879 1341 921 Patriar-

313 939 397 979 chae
412 938 673 980 Venetiarum
702 938 888 982 consensu
918 937 1143 980 accedente
1168 937 1341 979 transfe-

313 995 457 1046 rendi,
483 996 535 1038 ita
550 1022 564 1046 ,
581 1007 623 1039 ut
640 998 850 1039 translatio
864 999 945 1052 ipsa
971 995 1077 1038 reela
1096 994 1156 1036 via
1171 1025 1184 1046 ,
1199 1010 1243 1036 ac
1262 996 1341 1037 fine

314 1054 399 1095 ullo
410 1054 458 1095 ad
476 1065 710 1096 extraneum
729 1056 861 1098 locum
880 1053 1106 1097 diverlione
1120 1054 1339 1100 ‚comitan-

318 1112 425 1153 tibus
443 1113 611 1155 honestis
631 1116 823 1155 Matronis
842 1144 854 1165 ‚
899 1128 943 1155 ac
962 1139 975 1161 ,
992 1111 1013 1152 fi
1034 1112 1245 1154 commode
1258 1110 1343 1155 fieri

314 1170 452 1226 possit,
470 1173 795 1224 ‘proximioribus
811 1171 1127 1225 Consanguineis
1157 1170 1343 1213 Moniali-

316 1230 412 1270 lium
440 1228 816 1272 transferendarum
831 1229 899 1273 fiat
914 1259 926 1281 ,
949 1244 1031 1286 quae
1048 1229 1212 1283 quidem
1225 1230 1267 1270 in
1286 1230 1346 1272 di-

315 1291 379 1328 έὶο
395 1288 632 1329 monasterio
650 1303 720 1343 per
738 1290 971 1332 sexennium
987 1288 1142 1331 tantum
1158 1319 1173 1339 ,
1205 1288 1227 1329 fi
1243 1299 1342 1330 tam·

323 1346 475 1399 diupro
491 1345 782 1388 introducenda
799 1373 812 1394 ,
840 1350 879 1390 ὅτ.
903 1347 1134 1389 stabilienda
1160 1348 1340 1401 Regula·

317 1405 349 1445 ri
382 1403 596 1456 Disciplina
630 1403 889 1447 necessarium
919 1405 1197 1460 reputabitur,
1227 1419 1339 1447 com·

317 1472 551 1503 morentur:
576 1476 731 1503 necnon
747 1465 988 1519 Capelianus
1005 1477 1079 1518 pro
1095 1463 1334 1518 Capellania

319 1518 551 1565 i11,Ecclelia
566 1519 761 1566 dietarum
778 1523 1013 1567 Mottialium
1030 1524 1228 1577 perpetuo
1253 1523 1334 1563 eri-

320 1577 447 1632 genda
486 1580 529 1619 fit
560 1579 809 1621 amovibilis.
843 1584 887 1623 In
920 1580 1086 1634 reliquis
1118 1582 1212 1622 vero
1235 1609 1249 1629 ,
1295 1595 1341 1623 ea

317 1636 445 1676 omnia
462 1664 478 1686 ,
508 1650 592 1693 qua:
621 1652 692 1692 per
707 1643 870 1682 Sacrum
886 1639 1116 1683 Concilium
1135 1639 1340 1680 Tridenti-

317 1708 414 1737 num
436 1723 450 1744 ‚
474 1694 793 1737 Constitutiones
810 1698 1086 1753 Apostolicas,
1112 1699 1149 1738 δε
1176 1697 1338 1739 Ordinis

317 1752 492 1807 praediffl
508 1754 612 1794 circa
630 1754 853 1807 hujusmodi
869 1771 1065 1799 novorum
1081 1756 1340 1798 Monallerio-

323 1825 410 1854 rum
445 1812 811 1854 Sanctimonialium
852 1817 1074 1857 ereetiones
1113 1814 1337 1868 praescripta

318 1869 662 1968 ls'untkrgeligiosie
688 1869 922 1916 serventur.
956 1876 1093 1917 Romae
1127 1875 1187 1914 18.
1216 1875 1336 1929 Apri-

337 1941 368 1967 1s
406 1939 418 1967 1
455 1941 482 1984 9
514 1956 525 1968 .

375 2045 587 2108 «lulag-‘ln
612 2047 704 2100 Reg.
730 2050 872 2090 steret.
903 2051 1087 2105 Congreg.
1111 2042 1240 2091 mensis
1256 2077 1270 2100 ,
1297 2048 1344 2096 ἒ]

438 2113 532 2143 anm
548 2104 673 2158 praed.

562 2224 1109 2302 N'O'TA4

322 2377 501 2464 USque
515 2381 556 2416 ad
566 2395 696 2420 annum
715 2387 934 2432 1705.manfit
947 2386 1100 2432 suspensa
1111 2387 1341 2435 hujusDecre·

304 2478 308 2482 η
432 2431 458 2463 ti
470 2431 624 2466 executio
633 2444 677 2468 ex
693 2447 735 2468 eo
748 2436 857 2481 ‚quod
875 2434 1012 2471 fabrica
1026 2436 1249 2482 praescriptam
1264 2440 1340 2475 Mo·

322 2476 710 2523 nasteriiperfefflonem
724 2494 795 2516 non
821 2483 1001 2528 attigisset.
1029 2485 1216 2521 Rem->vatis
1242 2486 1343 2532 proin

321 2523 414 2561 disto
437 2538 525 2561 anno
549 2528 568 2561 a
596 2529 807 2566 Monialibus
833 2531 1007 2568 clausura:
1042 2533 1230 2574 instantiis,
1257 2535 1340 2571 hanc

317 2574 475 2610 consludi
493 2575 709 2612 lllustriffimo
728 2579 878 2614 Domino
891 2580 1078 2618 ordinario
1090 2577 1195 2618 literis
1221 2583 1280 2619 sub
1305 2595 1341 2631 7-

318 2623 466 2666 Augusti
480 2622 625 2669 ejusdem
639 2626 717 2661 anni
739 2638 838 2673 ¹705·
859 2628 948 2664 daris
972 2630 991 2663 ὲ
1013 2630 1113 2664 Sacra
1139 2630 1339 2676 Congrega-

318 2671 414 2705 tione
427 2672 658 2707 confirmatum
682 2674 768 2710 fuit.
798 2677 928 2710 Harum
956 2676 1077 2720 vigore
1103 2679 1338 2717 lllustriffimus

317 2719 492 2774 ⁶Dominus
506 2719 650 2768 Ioannes
664 2722 851 2759 franciscus
863 2725 1068 2762 Barbadicus
1091 2737 1124 2772 9.
1151 2727 1222 2769 Ian.
1238 2738 1337 2775 1707.

313 2765 397 2815 Juffa
410 2768 565 2813 explevit
577 2792 590 2811 ‚
613 2775 645 2806 &
659 2772 845 2808 clausuram
860 2773 1010 2809 decrevit
1030 2773 1131 2821 juxta
1155 2775 1228 2811 asta
1249 2778 1339 2814 Can-

319 2815 465 2851 cellariae
481 2817 710 2863 Episcopalis,
737 2820 779 2855 de
796 2821 922 2868 quibus
944 2825 1120 2870 exemplar
1139 2826 1171 2859 in
1194 2819 1338 2863 Archiv.

320 2863 408 2899 Ord.
423 2866 582 2901 Armario
598 2891 607 2901 .
633 2866 822 2905 Provincia
836 2869 1025 2920 ‘Brixt'enfis
1042 2896 1052 2913 ,
1071 2872 1255 2910 asservatur
1267 2898 1278 2911 .

320 3056 992 3076 -ῇ--ί--ο-ι--υ-Ρ*
1000 3063 1345 3078 *ὴ*-

523 3202 1147 3248 DECRETO

478 3317 613 3368 Sacrae
633 3319 965 3390 Congregationis
984 3322 1162 3373 Concilii
1175 3362 1187 3374 .

322 3446 546 3496 Moniales
582 3453 798 3521 Bergomi
819 3465 908 3500 tres
928 3451 1082 3501 Missas
1101 3490 1114 3510 ,
1149 3455 1206 3504 ad
1236 3474 1344 3523 quas

368 3513 519 3565 'Missa
543 3521 808 3584 quotidiana
836 3522 1019 3571 redufta
1041 3521 1156 3583 fuit,
1181 3544 1256 3593 per
1277 3530 1344 3577 vi·
1402 3526 1406 3530 ⁴

388 3588 502 3653 ginti
519 3607 655 3640 annos
670 3593 885 3659 applicari
913 3590 1058 3642 facere
1084 3595 1349 3647 obliviscen-

390 3656 522 3713 tes,&
539 3657 852 3727 supplicantes,
870 3664 926 3712 ab
941 3663 1193 3727 hujusmodi
1210 3667 1345 3717 omis-

388 3723 528 3777 sione*
556 3730 756 3792 absolvi,
794 3733 842 3787 δε
870 3734 926 3784 ad
957 3737 1141 3786 tertiam
1167 3753 1343 3806 partem
1408 3764 1410 3769 ·

1065 171 1613 262 Provincia.

1473 288 1565 355 legi
1595 280 1845 344 faciendam
1864 281 2105 352 obligari„
2130 280 2344 350 Epi-scopi
2369 285 2439 334 ar'-,

1476 357 1615 408 bitrio
1634 390 1650 415 ,
1684 354 1733 408 ὃς
1765 351 2049 405 conscientiae
2083 357 2368 404 remittitur.

1647 512 2186 576 BERGOMEN.

1530 642 1569 683 D
1591 650 1778 682 tenorem
1813 638 2063 682 Testamenti
2088 639 2273 682 Antoniae
2302 637 2436 680 Almi-

1555 697 1666 739 danae
1694 699 1747 740 de
1768 698 1947 743 Zanchis
1964 727 1980 749 ‚
2008 695 2164 739 conditi
2180 697 2292 755 anno
2312 699 2434 739 1608.

1408 763 1528 798 ambo
1543 757 1762 810 Collegia,
1793 756 1858 796 seu
1886 755 2123 798 Monafleria
2163 757 2434 799 Monialiunt,

1406 816 1706 867 Capucinarum
1723 842 1737 864 ,
1769 815 1808 855 δι
1822 818 1970 856 δεηὲὶτε
1988 810 2134 856 Ursulae
2147 814 2312 856 Ordinis
2328 817 2435 855 Car-

1404 873 1667 924 melitarum,
1699 872 1911 927 aequaliter
1951 870 2217 914 succelserunt
2250 874 2288 914 in
2326 872 2433 914 illius

1403 931 1672 982 haereditate,
1714 931 1959 973 ascendente
1991 930 2041 971 ad
2078 931 2272 973 summam
2299 930 2435 972 scuto-

1403 1003 1489 1031 rum
1502 995 1785 1046 94t.'monetae
1804 991 1994 1031 Romanae
2009 1017 2020 1029 .
2057 988 2226 1039 Verum,
2241 990 2330 1043 quia
2352 991 2434 1030 Te·

1402 1047 1538 1090 (latrix
1564 1050 1778 1104 praecepit,
1809 1058 2026 1102 utrumque
2057 1047 2293 1102 Collegium
2321 1046 2435 1088 cele⁴

1405 1106 1523 1149 brare
1555 1105 1690 1149 facere
1721 1108 1874 1149 debere
1898 1108 1938 1148 in
1965 1119 2102 1148 earum
2126 1105 2322 1147 Oratoriis
2340 1103 2436 1147 Mis-

1404 1163 1485 1206 sam
1525 1165 1802 1221 quotidianam
1828 1193 1842 1215 ,
1887 1164 2151 1220 praeviditque
2180 1165 2218 1205 in
2246 1163 2338 1206 casu
2375 1164 2436 1206 in-

1407 1222 1650 1266 sufficientiae
1675 1224 1933 1276 reddituum,
1965 1237 2015 1265 ex
2055 1222 2244 1263 fruffibus
2274 1221 2435 1264 facien-

1405 1281 1502 1322 dum
1528 1281 1606 1324 effe
1627 1278 1903 1338 'multiplicum
1936 1296 2009 1336 pro
2038 1280 2285 1336 congruenti
2319 1280 2437 1324 elee-

1400 1337 1591 1394 mosyna.
1625 1341 1828 1383 Moniales
1856 1339 2019 1395 praefatae
2048 1354 2153 1381 anno
2187 1339 2301 1381 1611.
2329 1340 2435 1381 obti-

1401 1410 1576 1440 nuerunt
1612 1400 1634 1442 a
1660 1400 1826 1441 vicario
1854 1398 2048 1442 Generali
2078 1396 2315 1440 facultatem
2358 1399 2435 1440 sta-

1397 1457 1470 1497 tim
1509 1457 1755 1499 deveniendi
1797 1458 1846 1500 ad
1882 1456 2206 1500 celebrationem
2234 1455 2430 1497 duarum

1396 1513 1596 1557 Miffarum
1617 1543 1630 1565 ,
1677 1515 1822 1571 absque
1860 1517 2144 1559 effectuatione
2176 1513 2435 1569 Multiplici,

1404 1588 1494 1615 cum
1509 1575 1582 1615 hoc
1603 1584 1736 1615 tamen
1752 1602 1765 1626 ,
1796 1576 1903 1630 quod
1918 1574 1971 1626 de
1988 1573 2154 1630 proprio
2171 1571 2327 1628 semper
2343 1568 2433 1628 sup-⁴

1403 1632 1516 1686 plere
1548 1632 1748 1674 deberent
1781 1633 1976 1674 summam
2015 1629 2308 1682 deficientem,
2339 1630 2430 1686 qui-

1401 1691 1471 1731 bus
1511 1701 1648 1733 tamen
1685 1693 1899 1743 omnibus,
1941 1689 2131 1745 expressis
2169 1698 2299 1732 bacrae
2341 1689 2433 1731 huic

1400 1751 1724 1803 C‹›ngr‹.²gationi
1748 1764 1854 1791 anno
1889 1751 2008 1799 1627.
2042 1760 2302 1802 reportarunt
2322 1763 2434 1791 com-

1398 1809 1505 1848 mitti
1550 1808 1747 1862 Episcopo
1790 1808 1949 1851 illarum
1993 1807 2282 1849 reductionem
2308 1835 2322 1858 ,
2356 1807 2429 1862 qui

1397 1866 1645 1921 postmodum
1688 1865 1848 1920 praefata
1884 1880 2011 1909 onera
2051 1866 2214 1908 reduxit
2259 1866 2310 1908 ad
2347 1876 2435 1907 tres

1401 1922 1531 1966 Missas
1551 1925 1590 1965 in
1619 1924 1872 1967 hebdomada
1903 1926 1940 1967 in
1976 1936 2151 1979 utroque
2177 1924 2400 1980 Colle-*gio-

1459 1983 1616 2038 Viginti
1639 1994 1771 2025 tamen
1799 1983 1846 2027 ab
1864 1984 1956 2028 binc
1987 1983 2099 2025 annis
2130 1983 2326 2025 Moniales
2350 1979 2434 2024 'Ca-

1406 2042 1558 2096 pucinae
1583 2042 1838 2085 immemores
1857 2041 1968 2097 hujus
1996 2041 2253 2096 obligationis
2269 2071 2284 2091 ‚
2315 2054 2434 2083 unam

1404 2101 1560 2142 tantum
1589 2099 1741 2141 Missam
1772 2101 1811 2141 in
1849 2099 2101 2144 hebdomada
2139 2098 2343 2142 celebrari
2372 2096 2437 2140 fe-

1404 2168 1550 2201 cerunt
1567 2188 1581 2208 ,
1613 2173 1706 2200 cum
1724 2159 1993 2216 applicatione
2011 2156 2202 2200 Sacrificii
2216 2186 2230 2208 ,
2264 2172 2340 2199 non
2361 2171 2437 2212 pro

1403 2218 1546 2259 Anima
1565 2216 1824 2267 Testatricis,
1850 2215 1915 2258 sed
1946 2216 2179 2259 Monialiurn
2211 2213 2435 2260 Defuncta÷

1404 2290 1520 2328 rum,
1553 2273 1630 2316 sed'
1649 2274 1770 2316 hodie
1799 2275 1994 2317 certiores
2024 2274 2191 2316 redditae
2218 2274 2271 2317 de
2297 2271 2435 2325 earum

1404 2334 1687 2388 obligatione,
1725 2334 1950 2375 ,intendunt
1989 2335 2026 2376 in
2059 2332 2262 2388 posterum
2302 2331 2433 2383 dictag

1403 2390 1532 2435 Miffas
1558 2391 1759 2434 celebrari
1789 2391 1950 2444 facere,
1982 2394 2032 2434 ad
2063 2391 2235 2432 formam
2263 2403 2429 2433 enarra-

1401 2463 1448 2493 tae
1475 2450 1757 2500 reductionis,
1791 2450 1840 2491 ad
1869 2465 1991 2504 quem
2032 2449 2224 2493 effectum
2266 2447 2433 2491 addide-

1402 2520 1493 2552 runt
1516 2508 1636 2550 dictae
1665 2509 1894 2552 haereditati
1922 2510 1997 2551 alia
2036 2511 2142 2550 scuta
2160 2519 2230 2563 95.
2257 2507 2308 2548 de
2329 2519 2427 2561 pro-

1399 2569 1516 2626 prio,
1549 2569 1640 2621 quia
1675 2579 1810 2609 tamen
1851 2567 1903 2609 ob
1931 2580 2072 2611 earum
2111 2573 2432 2621 paupertatem-³

1400 2641 1480 2669 non
1515 2626 1650 2667 valent
1688 2626 1819 2669 Missas
1857 2623 2130 2686 praetermissas
2175 2622 2430 2681 adimplere,

1399 2685 1622 2742 supplicant
1652 2698 1727 2741 pro
1753 2685 1916 2728 illarum
1932 2683 2235 2727 condonatione
2252 2709 2265 2721 .

1459 2863 1537 2904 Die
1551 2875 1589 2910 7.
1605 2859 1718 2915 ‘Julii
1736 2875 1854 2918 ¹703·
1875 2866 1998 2904 Sacra
2015 2859 2270 2916 Congregatio
2288 2859 2423 2900 Conci-

1399 2922 1446 2965 lii
1461 2949 1475 2972 ,
1498 2931 1652 2963 aetenta
1690 2922 1879 2964 relatione
1907 2920 2080 2976 Epifiopi
2116 2923 2331 2972 Bergomen.
2364 2915 2429 2956 be-

1404 2981 1520 3035 nigne
1554 2979 1739 3032 commisit
1782 2982 1928 3032 eidem,
1965 2989 2012 3021 ut
2045 2982 2148 3020 veris
2187 2973 2433 3032 existentibus

1405 3037 1611 3089 narratis,
1636 3038 1683 3085 (9¹
1709 3038 1889 3095 injunffla
1921 3038 2170 3081 oratricibus
2196 3031 2431 3090 obligatione

1406 3097 1625 3139 celebrande·
1660 3105 1823 3139 tertiam
1856 3107 2015 3151 partem
2056 3095 2226 3138 omnium
2264 3095 2432 3134 trium&

1406 3155 1616 3211 Mfflru'm
1643 3155 2023 3214 pretet-mistarum,
2060 3155 2170 3198 intra
2205 3161 2349 3204 tempus
2381 3150 2434 3189 ab

1406 3215 1532 3256 eodem
1571 3214 1748 3270 Epistopo
1766 3214 2093 3272 praefinicndum‚
2135 3211 2280 3268 eastlem
2307 3208 2435 3266 fiper

1406 3271 1589 3330 omiffi‘onc
1620 3274 1800 3329 praefam
1823 3285 1901 3329 pro
1916 3275 1994 3327 fito
2034 3270 2230 3316 arbitrio,
2258 3267 2305 3316 θ’
2345 3280 2435 3309 ⁶07¹·

1391 3333 1566 3391 scientia
1587 3331 1893 3389 mfiricordaeter
1917 3331 2091 3389 abftlvat
2107 3357 2119 3372 .

1611 3508 1666 3560 Β.
1682 3508 1804 3562 Card.
1823 3507 2081 3558 Panciaeticus
2100 3504 2228 3574 Praef

1802 3694 1849 3749 ᾔ.
1876 3696 1932 3737 D.
1954 3693 2158 3738 Thomatus
2174 3697 2317 3736 secret.

2270 3809 2380 3852 No-
