2774 4068
387 234 566 317 224

325 319 663 376 Capucinorum,
694 324 1066 384 Ordinistjueillius
1082 352 1098 376 ⁵
1120 329 1372 387 etiamjura-

324 390 470 422 mento
481 383 558 423 διε.
572 383 809 442 caeterisque
824 387 1035 430 contrariis
1051 387 1372 448 quibuscunque.

1123 212 1668 317 Provincia
1700 210 1755 296 ss'ss„

1438 334 1629 390 Tuae‚Fili
1646 333 1828 389 vicarie,
1839 352 1911 396 per
1925 341 2139 397 praesentes
2155 345 2449 394 committimus
2462 353 2482 400 ,¹

1433 393 1472 434 81
1496 393 1764 449 mandamus,
1795 408 1838 440 ut
1864 399 1918 442 de
1941 402 2142 455 praemiffis
2162 404 2224 445 Te
2247 399 2475 462 diligenter

326 439 484 481 Datum
517 442 661 486 Romae
685 444 791 499 apud
825 449 866 490 S.
890 449 1073 489 Marcum
1105 445 1176 491 sub
1208 449 1373 493 Annulo
1434 450 1656 505 informes,
1686 456 1726 497 ὃ(
1756 456 1778 498 ιῑ
1804 459 1931 500 dictus
1958 461 2022 515 Jo:
2050 460 2286 504 Franciscus
2317 465 2482 510 (ιῑωιυ

325 496 543 543 Piscatoris
554 526 570 551 ‚
586 503 664 545 Die
677 516 725 545 xt
740 517 754 545 1
770 518 801 545 ι.
818 504 1068 561 Septembris
1083 522 1250 552 moxcv.
1265 510 1372 551 Pon·

327 553 508 602 tificatus
536 559 677 604 Nostri
689 563 815 607 Anno
841 574 986 619 quarto
999 594 1011 606 .

707 679 768 723 M.
796 681 975 725 Vestrius
1000 657 1223 729 Barbianus
1236 713 1249 728 .

386 796 564 896 Exc’prp1⁸3
582 794 626 835 in
641 796 764 862 Arch-
792 797 954 842 ordinis
980 802 1172 845 Armario
1197 801 1366 847 Provin-

444 868 508 897 cia
567 867 740 897 ononiae.

326 985 443 1000 ρ
1133 993 1367 1006 ——-

328 1094 482 1144 Situm
510 1111 594 1161 pro
620 1094 808 1145 Fabrica
829 1096 1009 1148 Domiis
1026 1133 1040 1155 ,
1078 1096 1126 1148 ὅ(
1155 1097 1366 1150 Ecclefiae

397 1180 541 1231 prope
561 1167 817 1215 Civitatem
840 1166 1177 1218 Ariminensem
1210 1172 1252 1218 in
1280 1185 1366 1220 ter-

398 1235 461 1283 ris
492 1237 845 1302 Emphiteuticis
865 1237 1132 1288 Monasterii
1174 1245 1219 1290 S.
1241 1244 1369 1291 Gau-

396 1304 542 1354 dentii
563 1305 731 1356 ibidem
749 1311 840 1357 FF.
859 1309 1046 1358 concedi
1065 1345 1079 1367 ‚
1109 1310 1337 1380 Episcopo
1350 1349 1367 1373 ,

394 1372 473 1424 seu
491 1379 585 1436 ejus
607 1379 1032 1431 VicarioGenerali
1051 1384 1303 1434 committit
1320 1420 1332 1433 .

361 1504 584 1550 Venerabili
603 1508 747 1550 Fratri
773 1508 950 1565 Epifiopo
981 1509 1225 1564 Ariminensi
1232 1538 1246 1561 ·,
1258 1512 1337 1571 sta

455 1564 616 1608 Ditem
649 1566 755 1609 Filio
781 1567 860 1624 ejus
889 1572 931 1609 ἰη
944 1569 1235 1627 spiritualibus

654 1627 807 1670 Vicario
831 1630 1040 1671 Generali.

322 1795 777 1845 CLEMENS
865 1796 1079 1844 PAPA
1173 1796 1366 1844 VIII.

331 1922 572 1966 Venerabilis
603 1925 752 1967 Frater
772 1953 788 1974 ,
807 1923 883 1981 stu
899 1923 1055 1965 Dileffe
1085 1921 1170 1968 Fili
1182 1924 1363 1982 salutem

340 1988 341 1992 ’
499 1985 552 2035 &⁶
584 1982 844 2040 Apostolicam
859 1982 1189 2025 Bencdeelioncm.

433 2103 652 2156 Xpositum
675 2101 805 2143 Nobis
833 2113 961 2155 nuper
992 2098 1068 2141 fuit
1098 2112 1176 2155 pro
1208 2107 1363 2154 parte)

450 2162 600 2204 Dileeti
632 2159 728 2202 Filii
755 2159 923 2203 Dionifii
949 2159 1001 2202 de
1031 2157 1238 2204 Placentia
1266 2161 1365 2202 Fra-

318 2217 396 2255 tris
414 2220 580 2263 Ordinis
597 2220 900 2275 Capucinorum
919 2223 959 2262 S.
976 2218 1171 2262 Francisci
1190 2248 1204 2270 ,
1238 2220 1278 2260 δι
1294 2218 1366 2259 Vi-

317 2277 419 2321 carii
444 2279 635 2323 Bononiae
662 2278 844 2335 ejusdem
875 2278 1042 2321 Ordinis
1066 2307 1080 2330 ,
1119 2277 1226 2335 quod
1245 2292 1364 2328 ,cum

317 2346 447 2395 prope
476 2340 702 2382 Civitatem
732 2338 1028 2380 Ariminensem
1056 2352 1159 2379 nova
1180 2341 1364 2388 Domus,

316 2400 359 2441 &
388 2396 568 2441 Ecclefia
592 2395 771 2454 ejusdem
798 2396 963 2438 Ordinis
1001 2396 1224 2439 necessario
1264 2410 1365 2439 con·

316 2456 507 2503 struenda
523 2458 569 2498 fit
584 2485 597 2506 ‚
628 2469 704 2497 nec
731 2456 841 2498 locus
859 2456 989 2510 aptior
1018 2455 1068 2497 ad
1087 2453 1363 2498 fabricandam

318 2520 505 2560 Domum
520 2543 534 2566 ,
558 2517 595 2557 &
611 2513 831 2558 Ecclesiam
852 2512 1076 2570 hujusmodi
1096 2515 1193 2556 adlit
1210 2542 1223 2565 ,
1239 2528 1362 2565 quam

319 2576 360 2619 in
375 2575 517 2618 Terris
533 2574 849 2629 Emphiteuticis
866 2574 1099 2616 Monasterii
1117 2573 1361 2616 S.Gauden-

318 2634 365 2676 tii
383 2632 567 2690 ejusdem
602 2633 796 2675 Civitatis
824 2662 839 2684 ‚
871 2645 968 2686 quas
999 2635 1148 2674 Terras
1188 2632 1359 2673 dilectus

318 2694 449 2739 Filius
470 2693 650 2748 Joannes
670 2690 902 2733 Franciscus
919 2691 1200 2745 Gambalunga
1220 2691 1359 2733 Laicus

318 2750 584 2797 Ariminensis
605 2752 641 2792 in
661 2749 951 2805 Emphiteufim
968 2751 1130 2794 obtinet
1145 2779 1159 2802 ‚
1186 2763 1364 2806 cumque

319 2811 403 2868 ipse
427 2814 491 2868 Jo-
509 2810 742 2854 Franciscus
769 2812 807 2851 in
825 2809 977 2851 eisdem
998 2811 1138 2851 Terris
1170 2807 1360 2852 situmad

318 2871 599 2917 fabricandam
618 2872 792 2917 Domum
810 2897 823 2919 ,
836 2870 875 2910 &
892 2868 1112 2911 Ecclefiam
1131 2867 1361 2923 hujusmodi

316 2945 406 2976 cum
435 2931 586 2980 horto,
612 2931 649 2971 &
672 2929 760 2970 aliis
781 2928 950 2971 officinis
968 2926 1219 2978 necessariis,
1241 2942 1358 2970 acce-

313 2991 444 3034 dente
459 3002 595 3033 tamen
610 2987 1358 3031 dilectiFiliiMiniflriLaurentiiPres-

314 3051 453 3106 byteri
476 3047 706 3092 Cardinalis
736 3047 966 3091 Blanchetti
985 3048 1232 3103 nuncupati,
1254 3045 1356 3101 ejus-

313 3109 408 3152 dem
446 3107 677 3150 Monasterii
714 3108 763 3149 ad
802 3105 970 3161 praesens
1002 3105 1355 3149 Commendatarii

311 3167 478 3214 licentia
493 3197 508 3218 ,
535 3168 575 3208 &
588 3165 796 3216 consensu,
811 3166 1045 3208 concedere
1062 3163 1241 3209 intendat
1259 3193 1272 3215 ,
1289 3162 1356 3207 sed

314 3229 406 3286 quia
434 3229 551 3270 situm
576 3226 805 3281 praedictum
835 3226 872 3265 in
896 3225 1012 3267 dictis
1030 3225 1170 3269 Terris
1189 3223 1357 3279 Emphi·

315 3287 482 3331 teuticis
501 3285 580 3328 fine
597 3282 740 3327 Nostra
758 3313 771 3335 ‚
786 3286 825 3326 δι
845 3285 1084 3338 Apostolicae
1097 3283 1212 3328 Sedis
1227 3282 1356 3325 licen-

316 3347 372 3387 tia
399 3345 631 3388 concedere
655 3358 734 3385 non
764 3343 921 3398 potest3
955 3344 1083 3386 Nobis
1107 3358 1180 3400 pro
1203 3352 1354 3397 parte,

315 3404 411 3448 dini
431 3404 595 3448 Dionifii
631 3402 843 3445 humiliter
877 3402 1144 3458 supplicatum
1173 3401 1249 3445 fuit
1268 3431 1281 3452 ,
1310 3409 1356 3443 ut

317 3463 541 3519 hujusmodi
558 3463 767 3506 licentiam
790 3464 1039 3512 concedere,
1055 3462 1108 3505 de
1125 3461 1360 3518 Benignita-

320 3531 364 3563 te
394 3523 623 3576 Apostolica
652 3522 916 3578 dignaremur
943 3550 954 3563 .
999 3526 1084 3565 Nos
1114 3522 1238 3578 igitur
1265 3519 1361 3564 dini

314 3581 480 3623 Ordinis
510 3583 788 3638 propagationi
820 3609 835 3633 ‚
873 3591 1065 3637 quantum
1094 3597 1185 3624 cum
1219 3581 1362 3624 Domi-

318 3654 373 3684 no
405 3638 632 3695 possumus,
665 3641 896 3698 prospicere
925 3642 1167 3695 cupientes,
1195 3650 1353 3683 certam

316 3711 452 3741 tamen
494 3699 546 3741 de
573 3701 772 3753 praemiffis
802 3701 987 3743 notitiam
1020 3715 1096 3742 non
1126 3701 1322 3742 habentes
1341 3728 1354 3751 ‚

319 3757 547 3812 hujusmodi
578 3759 930 3814 supplicationibus
952 3760 1163 3810 inclinati,
1186 3762 1353 3802 Frater-

315 3819 432 3863 nitati
451 3821 543 3861 Tuae
559 3846 572 3870 ,
588 3820 731 3861 Frater
763 3820 961 3876 Episcope
977 3848 990 3873 ,
1022 3818 1087 3863 seu
1106 3818 1351 3865 Discretioni

1406 522 1409 525 ’
1433 511 1664 568 praedictum
1685 515 1853 558 eiisdem
1870 520 2076 560 Fratribus
2093 522 2216 576 gratis
2239 525 2479 569 concedere

1429 572 1638 623 voluerit,
1668 574 1705 614 &
1727 577 1932 629 praedictus
1960 581 2208 623 Laurentius
2236 581 2476 626 Cardinalis

1429 631 1815 677 Commendatarius
1845 634 1955 676 suum
1985 637 2032 678 ad
2076 641 2149 681 hoc
2187 637 2473 690 const-nsum...-

1427 690 1679 746 praestiterit‚
1710 694 1845 735 eidem
1865 695 1932 749 Jo:
1952 697 2163 739 Francisco
2193 698 2309 741 fitum
2328 694 2477 755 praedi'-

1429 751 1536 792 &um
1563 749 1679 790 dinis
1710 753 1919 794 Fratribus
1948 756 2233 808 concedendi,
2266 758 2476 815 ipsisque?

1431 809 1638 852 Fratribus
1663 810 1872 861 Domum,
1904 813 1941 852 &
1966 813 2185 857 Ecclesiam
2215 817 2252 858 in
2277 818 2476 873 praedisto

1431 867 1504 910 litu
1526 867 1790 910 construendi
1805 898 1818 919 ‚
1849 870 2317 924 &erigendi‚licentiam
2333 879 2475 919 audo-

1428 927 1552 969 ritate
1585 926 1711 967 nostra
1737 929 1939 970 concedas
1959 958 1969 969 .
2005 933 2097 971 Non
2123 932 2374 977 obstantibus
2391 935 2463 979 fel.

1428 999 1514 1027 rec.
1546 984 1661 1026 Pauli
1682 988 1763 1036 1¹„
1797 988 1836 1027 δι
1859 987 2032 1030 aliorum
2062 990 2340 1034 Romanorum
2366 995 2477 1036 Pon-

1426 1042 1581 1086 tificum
1597 1073 1610 1094 ‚
1626 1043 1964 1088 Praedecefforum
1982 1048 2222 1091 Nostrorum
2257 1050 2310 1092 de
2345 1046 2472 1095 rebus

1428 1101 1617 1147 Eccleliae
1636 1118 1712 1145 non
1733 1104 1985 1156 alienandis,
2017 1106 2181 1163 aliisque
2195 1109 2475 1153 Constitutio—

1427 1163 1569 1208 nibus,
1601 1163 1640 1203 &
1665 1162 2004 1207 Ordinationibus
2036 1166 2310 1221 Apostolicis‚
2344 1184 2389 1212 ac
2407 1170 2472 1211 di-

1425 1223 1475 1263 ἂὶ
1494 1220 1725 1264 monasterii
1755 1222 2030 1265 S.Gaudentii
2050 1254 2062 1275 ,
2092 1226 2132 1266 &
2154 1226 2322 1270 Ordinis
2338 1231 2477 1284 Capu-

1426 1283 1614 1323 cinorum
1635 1308 1648 1331 ,
1678 1281 2068 1340 etiamjuramento,
2084 1284 2471 1332 confirmatione-j

1433 1337 1690 1397 Apostolica,
1716 1339 1782 1382 vel
1811 1342 1956 1397 quavis
1980 1339 2170 1385 firmitate
2197 1345 2275 1388 alia
2297 1347 2472 1388 robora-

1430 1401 1483 1444 tis
1517 1397 1671 1440 statutis
1699 1427 1712 1450 ‚
1748 1399 1792 1439 ὅτ.
1814 1399 2202 1454 consuetudinibus,
2230 1404 2470 1461 caeterisqoe

1429 1458 1641 1503 contrariis
1665 1457 1969 1514 quibuscunque
1984 1486 1996 1498 .
2032 1462 2180 1502 Datum
2202 1464 2341 1505 Romae
2364 1463 2471 1519 apud

1426 1524 1467 1563 S.
1485 1521 1652 1561 Petrum
1681 1517 1751 1559 sub
1779 1517 1946 1559 Annulo
1975 1517 2215 1570 piscatoris,
2252 1524 2329 1564 Die
2345 1535 2475 1566 νιιι.

1425 1577 1673 1621 Novembris
1700 1591 1733 1617 M
1750 1591 1839 1618 oct
1858 1591 1897 1620 v.
1929 1575 2196 1628 Pontificatus
2218 1582 2358 1625 Nostri
2380 1582 2472 1626 An-

1426 1651 1477 1680 no
1501 1636 1794 1678 decimotertio
1816 1664 1827 1676 .
2159 1642 2163 1646 '
2186 1632 2188 1635 ”

1830 1753 1889 1794 Μ.
1905 1751 2088 1796 Vestrius
2106 1756 2349 1800 Barbianus.

1481 1873 1625 1927 Autag.
1649 1872 1693 1911 in
1722 1872 1863 1911 Secret.
1882 1873 2070 1913 Bra-vium
2088 1874 2225 1930 Apast.
2241 1877 2335 1933 Reg.
2349 1878 2465 1920 Men.

1524 1929 1584 1985 sis
1599 1958 1614 1981 2
1646 1929 1693 1976 ἐς
1711 1932 1819 1971 Anni
1834 1928 1964 1984 praed.
1982 1929 2068 1988 sol.
2085 1944 2134 1989 53
2147 1938 2185 1976 8.

1424 2100 2462 2121 ——m—*v—-ffl—

1427 2210 1727 2277 Privilegium
1754 2210 1927 2257 Altaris
1954 2212 2000 2259 in
2029 2209 2227 2261 Ecclesia
2248 2195 2465 2264 Conven-

1496 2279 1570 2330 tfis
1601 2279 1822 2330 Veruchii
1852 2280 2085 2330 Fratribus
2114 2282 2225 2332 inibi
2257 2283 2466 2354 degenti-

1496 2351 1579 2401 bus
1624 2349 1818 2400 limitate
1854 2351 2110 2402 concessum
2138 2388 2161 2414 ,ῃ
2193 2353 2265 2402 ad·
2281 2359 2463 2405 Fratres

1494 2439 1676 2540 quoqu?
1711 2421 1908 2471 advenas
1936 2458 1954 2482 ,
2005 2422 2055 2474 ὅ(
2084 2422 2146 2474 ibi
2178 2423 2461 2477 transeuntes

1494 2507 1629 2541 exten
1666 2505 1730 2540 tt.

1424 2595 1872 2674 CLEMENS
1960 2626 2175 2675 PAPA
2262 2603 2452 2677 v111'.

1597 2751 1666 2794 Ad
1682 2760 1917 2807 perpetuam
1940 2755 2002 2795 rei
2031 2756 2256 2796 memoriam
2270 2782 2282 2795 .

1429 2872 1532 2984 A
1562 2869 1654 2912 Liris
1669 2899 1682 2922 ‚
1709 2869 1806 2912 ficut
1821 2871 2046 2927 accepimus
2062 2901 2074 2923 ‚
2091 2870 2157 2913 fel.
2188 2886 2271 2914 rec.
2290 2875 2454 2930 Grego-

1576 2931 1655 2970 rius
1673 2931 1902 2986 PaanlIl.
1920 2928 2191 2973 Praedeceffor
2205 2932 2369 2984 Noster,
2383 2936 2459 2976 Ec-

1418 2989 1576 3031 clefiam
1593 2989 1822 3031 Monasterii
1836 2990 1917 3030 FF.
1933 2993 2137 3032 Minorum
2151 2992 2458 3046 Capucinorum

1420 3049 1560 3091 Terrae
1573 3048 2065 3099 Veruchii‚Ariminenfis
2091 3049 2286 3092 Dioecelis
2307 3078 2322 3102 ‚
2352 3052 2392 3091 &
2415 3050 2455 3092 in

1420 3120 1466 3150 ea
1483 3106 1690 3163 quoddam
1703 3108 1845 3150 Altare
1862 3108 2020 3164 speciali
2041 3108 2255 3164 privilegio
2268 3122 2342 3164 pro
2357 3107 2457 3152 salu-

1419 3177 1461 3210 te
1483 3166 1723 3210 Animarum
1747 3167 1946 3211 Fidelium
1966 3168 2260 3211 Defunctorum
2282 3169 2456 3210 decora—

1419 3240 1464 3270 re
1491 3225 1661 3277 volens,
1691 3226 1934 3280 auctoritate
1961 3227 2029 3270 sibi
2060 3228 2081 3270 a
2101 3228 2275 3269 Domino
2305 3226 2456 3274 tradita

1416 3282 1608 3329 conceffit
1622 3315 1636 3337 ,
1652 3295 1713 3336 ut,
1727 3286 1885 3341 quoties
1898 3285 1948 3326 ab
1963 3286 2101 3342 aliquo
2116 3283 2340 3328 Sacerdote
2355 3284 2457 3340 ejus—

1412 3346 1508 3390 dem
1525 3343 1710 3387 Ecclefiae
1725 3344 2054 3396 duntaxat‚Miffa
2069 3340 2361 3387 Defunstorum
2380 3359 2455 3400 pro

1423 3404 1568 3446 Anima
1594 3403 1869 3460 cujuscunque
1886 3404 2058 3455 Fidelis,
2084 3416 2168 3458 quae
2189 3404 2279 3443 Deo
2299 3404 2337 3445 in
2356 3406 2456 3446 cha-

1422 3465 1544 3508 ritate
1575 3463 1786 3521 conjunrsta
1822 3464 1872 3506 ab
1908 3465 1979 3506 hac
2018 3463 2109 3503 luce
2139 3460 2372 3517 migrasset,
2402 3464 2455 3507 ad

1420 3523 1651 3580 praedic‘tum
1667 3524 1813 3566 Altare
1836 3521 2144 3571 celebraretur,
2173 3522 2317 3564 Anima
2342 3523 2454 3579 ipsa„

1421 3583 1473 3627 de
1492 3579 1701 3626 Thesauro
1716 3581 1903 3625 Eccleflae
1918 3578 2220 3636 indulgentiam
2238 3582 2454 3638 conseque-

1415 3652 1559 3692 retur,
1592 3653 1789 3697 quatenus
1817 3638 1980 3683 Domini
1998 3639 2133 3682 Nostri
2152 3638 2241 3695 Jesu
2271 3641 2453 3694 Christi,

1415 3716 1459 3745 ac
1487 3701 1720 3745 Beatiffimae
1743 3699 1875 3743 Mariae
1904 3698 2083 3755 Virginis
2100 3726 2113 3747 ,
2139 3713 2184 3740 ac
2202 3702 2452 3745 Beatorum'„

1414 3760 1702 3815 Apostolorum
1717 3760 1855 3809 Petri,
1872 3760 1912 3800 &
1928 3759 2066 3809 Pauli,
2084 3759 2339 3817 aliorumque
2355 3767 2451 3805 San·-

1412 3823 1571 3864 storum
1602 3819 1779 3864 omnium
1806 3819 1959 3861 meritis
1977 3849 1992 3871 ‚
2016 3818 2082 3861 libi
2102 3819 2383 3877 suffagantibus
2402 3848 2415 3872 ,
2430 3819 2451 3860 ὶ

2291 3882 2395 3923 Pur-
