2762 4030
277 304 457 349 Fratres
490 292 515 342 ἂ
546 296 785 343 Locorum
815 290 1086 343 Ordinariis
1117 290 1174 340 ad
1202 292 1320 338 exci-

349 358 533 437 pie'ndas
563 364 814 414 ordinarias
845 363 1124 415 Monialium
1154 358 1322 409 confes-

350 438 496 488 siones
513 472 528 494 ,
546 451 850 504 praeterquam
869 473 884 494 ‚
918 435 994 484 ubi
1017 452 1097 503 per
1122 434 1320 483 Litteras

347 507 640 576 Apostolicas
662 505 934 559 Confessarii
963 506 1199 555 Ordinarii
1217 506 1324 552 Mo-

351 579 547 629 nialium
570 581 946 646 Capuccinorum
962 575 1170 626 destinati
1198 574 1320 634 sunt,

294 667 330 703 κ
348 653 397 700 in
432 651 570 700 Italia
585 649 678 701 ἃς.
695 650 908 719 prohibet
927 686 938 698 .

283 772 814 825 CLEMENS
907 772 1040 820 ΡΡ.
1124 769 1322 818 ΧΙΙ.

491 879 761 940 Adfaturam
787 881 847 923 rei
862 885 1089 924 memoriam
1107 908 1117 920 .

392 995 431 1034 X
461 989 644 1047 injuncto
672 990 804 1033 Nobis
839 989 1083 1046 Apostolicae
1111 983 1322 1029 servitutis

280 994 380 1108 E
419 1064 589 1094 munere
612 1051 651 1093 in
678 1064 770 1092 eam
791 1064 932 1093 curam
957 1049 1082 1091 solitis
1108 1045 1246 1088 studiis
1264 1044 1322 1084 in-

279 1110 493 1154 tendimus
522 1139 536 1162 ,
564 1118 608 1151 ut
639 1109 964 1161 Christifideies,
989 1106 1177 1151 Altiffimi
1207 1101 1323 1145 obse-

283 1170 390 1225 quiis
417 1165 488 1213 sub
514 1167 700 1212 arctioris
730 1170 819 1211 vitae
841 1169 1025 1210 instituto
1052 1164 1323 1215 famulantes,

287 1229 456 1273 sublatis
490 1227 738 1284 quibuslibet
757 1227 1063 1283 impedimentis
1090 1226 1130 1266 in
1147 1223 1324 1279 quietis,

287 1289 330 1329 &
345 1288 454 1343 pacis
471 1288 717 1331 amoenitate
733 1297 827 1329 vota
844 1286 907 1328 sua
925 1286 1105 1328 Domino
1119 1281 1325 1333 reddant,

289 1346 677 1401 felicioribusquein
697 1347 786 1388 dies
803 1345 1017 1400 proficiant
1043 1341 1325 1387 incrementis.

286 1406 459 1461 Exponi
490 1404 687 1460 liquidem
715 1417 846 1460 nuper
876 1403 1064 1447 fecerunt
1088 1402 1225 1446 dilecti
1253 1399 1327 1443 filii

290 1466 591 1507 Bonaventura
611 1461 633 1506 a
653 1463 838 1507 Ferraria
855 1494 872 1515 ,
897 1463 1082 1507 Minister
1103 1490 1117 1513 ‚
1143 1476 1189 1503 ac
1218 1457 1331 1502 Defi-

293 1525 454 1568 nitores
471 1522 704 1566 Generales
726 1525 916 1566 Fratrum
940 1522 1108 1566 Ordinis
1124 1522 1332 1564 Minorum

290 1583 429 1628 Sancti
475 1581 677 1625 Francisci
707 1583 1040 1638 Capuccinorum
1076 1589 1334 1636 nuncupato-

289 1657 399 1693 rum,
412 1641 541 1697 quod,
557 1655 650 1683 cuin
664 1641 762 1684 alias
781 1645 924 1697 vigore
940 1640 1147 1697 cujusdam
1167 1638 1334 1683 Rescri-

217 1699 224 1706 '
290 1702 349 1759 pti
367 1699 439 1743 fel.
457 1715 541 1743 rec.
556 1701 770 1744 Benedicti
787 1704 868 1744 ΡΡ.
888 1703 1007 1743 xiii.
1027 1697 1333 1744 Praedecen‘oris

291 1760 431 1806 Nostri
447 1757 674 1803 concessum
695 1758 817 1802 fuerit
837 1760 1078 1803 Venerabili
1100 1759 1234 1802 fratri
1251 1762 1336 1801 Ar—

290 1820 554 1874 chiepil'copo
570 1817 781 1862 Roffanen.
803 1849 818 1871 ‚
847 1831 889 1862 ut
908 1822 1073 1862 Fratres
1100 1817 1336 1862 dic‘tiOrdi-

292 1880 356 1922 nis
375 1879 417 1920 in
431 1875 702 1921 Conseffarios
719 1879 963 1922 Ordinarios
981 1879 1224 1922 Monialium
1242 1881 1335 1920 Mo-

288 1936 460 1984 nasterii
484 1937 674 1981 §.Clarae
699 1937 919 1982 Roffanen.
946 1938 1150 1994 deputare
1178 1936 1334 1993 poffet3

292 1997 364 2054 ipfi
383 1999 648 2052 Exponentes
679 1995 721 2038 id
739 1999 894 2049 menti,
919 2000 955 2040 &
978 1996 1134 2054 spiritui
1165 1996 1335 2051 Regulae

291 2055 477 2112 ejusdem
506 2055 643 2098 saneti
660 2057 861 2100 francisci
879 2087 895 2108 ‚
912 2072 1035 2114 quam
1051 2059 1219 2100 Fratres
1235 2069 1336 2111 prae-

292 2116 392 2158 dieii
415 2112 666 2169 profitentur
695 2141 711 2165 ‚
747 2115 956 2159 adversari
998 2116 1337 2166 considerantes,

288 2175 459 2230 aliisque
476 2172 789 2215 rationabilibus
807 2189 857 2217 ex
872 2174 1059 2227 caulis,in
1076 2189 1217 2218 eorum
1235 2173 1342 2218 Defi.

287 2234 444 2279 nitorio
459 2231 664 2274 Generali
685 2234 888 2288 perpensis
903 2263 918 2285 ‚
934 2232 1170 2291 opportune
1186 2237 1227 2278 in
1245 2249 1342 2290 prae·

290 2291 412 2336 miffis
438 2294 462 2335 a
488 2291 621 2335 Nobis
651 2292 861 2347 provideri
895 2293 1152 2350 summopere
1178 2295 1339 2339 defide-

291 2363 411 2396 rant.
440 2353 528 2393 Nos
555 2350 722 2392 eosdem
741 2355 1003 2408 Exponentes
1018 2353 1263 2408 specialibus
1281 2350 1341 2394 fa-

295 2412 467 2455 voribus
486 2439 499 2461 ,
529 2411 566 2450 &
598 2411 739 2464 gratiis
757 2410 945 2466 prosequi
974 2414 1164 2455 volentes
1189 2442 1203 2464 ‚
1243 2413 1340 2454 illo-

297 2483 477 2526 rumque
513 2466 734 2524 singulares
766 2470 957 2525 personas
987 2471 1011 2513 ὲ
1034 2470 1242 2526 quibsuvis
1271 2484 1340 2510 ex-

295 2528 680 2574 communicationis
696 2557 709 2579 ,
734 2526 996 2584 suspensionis
1011 2556 1025 2579 ,
1048 2530 1084 2569 &
1105 2528 1344 2578 interdicti,

295 2585 465 2645 aliisque
483 2587 776 2630 Ecclesiasticis
807 2587 1023 2631 sententiis
1041 2615 1054 2638 ‚
1075 2587 1252 2630 censuris
1269 2616 1283 2639 ,
1305 2589 1344 2629 &

297 2648 422 2706 pamis
439 2646 567 2703 ajure
583 2676 597 2698 ,
613 2647 676 2690 vel
689 2647 741 2690 ab
756 2648 924 2690 homine
944 2647 1085 2703 quavis
1103 2647 1316 2690 occasione
1334 2676 1347 2699 ,

298 2707 502 2752 velcausa
520 2705 613 2748 latis
633 2734 647 2757 ‚
676 2705 701 2748 fi
721 2706 867 2763 quibus
893 2706 1211 2762 quomodolibet
1233 2708 1350 2749 inno-

301 2768 407 2811 datae
425 2764 596 2809 existunt
615 2794 630 2816 ,
649 2769 699 2808 ad
715 2765 902 2809 effectum
917 2765 1174 2822 praesenti'um
1191 2776 1349 2809 tantum

304 2825 550 2880 consequen.
567 2827 715 2868 harum
732 2826 831 2869 serie
852 2826 1092 2869 absoventes
1107 2855 1121 2878 ‚
1137 2827 1175 2867 &
1189 2824 1353 2869 absolu-

307 2895 370 2928 tas
405 2883 495 2926 fore
516 2883 728 2926 censentes
754 2914 769 2935 ,
812 2884 1176 2942 supplicationibus
1196 2887 1350 2929 Eorum

309 2943 477 2987 nomine
495 2943 625 2986 Nobis
645 2942 765 3000 super
799 2945 876 2987 hoc
905 2944 1120 2987 humiliter
1148 2945 1350 3000 porrecftis

310 3002 530 3051 inclinati,
558 3002 851 3046 concessionem
883 3003 1351 3060 supradiffiioArchiepi-

305 3062 427 3118 scopo
443 3060 660 3105 Rossanen.
674 3077 747 3120 per
779 3076 1053 3106 memoratum
1080 3065 1350 3107 Benedictum

305 3118 652 3166 Praedecessorem
667 3152 681 3174 ‚
724 3121 826 3175 sicut
850 3123 1116 3179 praemittitur
1130 3154 1144 3176 ,
1174 3121 1320 3166 fastam
1335 3152 1349 3175 ,

307 3179 463 3226 etiamsi
498 3181 750 3236 postmodum
783 3197 856 3238 per
886 3183 1037 3225 Sedem
1076 3181 1350 3240 Apostolicam

307 3239 553 3285 confirmata
586 3242 817 3296 reperiatur
834 3271 848 3294 ‚
878 3244 1124 3286 auctoritate
1150 3241 1353 3299 Apostoli-

309 3316 355 3344 ca
375 3330 389 3353 ‚
409 3302 548 3343 harum
583 3299 688 3344 serie
711 3315 949 3344 revocamus
963 3333 978 3353 ,
1019 3304 1058 3345 &
1086 3303 1325 3357 abrogamus
1341 3332 1352 3343 .

309 3363 514 3403 Praeterea
533 3389 546 3411 ‚
575 3374 623 3402 ne
641 3363 809 3403 Fratres
825 3361 1000 3417 praediffi
1014 3362 1180 3406 Ordinis
1194 3363 1234 3404 in
1251 3363 1351 3404 Pro-

312 3419 456 3462 vinciis
486 3419 616 3462 ltaliae
631 3434 766 3473 nunc,
791 3421 831 3462 δι
861 3435 936 3477 pro
965 3431 1153 3478 tempore
1178 3422 1351 3464 existen-

315 3488 377 3519 tes
393 3478 411 3518 ὲ
426 3480 745 3523 Venerabilibus
764 3481 981 3524 fratribus
998 3480 1324 3538 Archiepiscopis
1336 3510 1351 3533 ‚

315 3535 525 3601 Episcopis
541 3568 555 3590 ‚
584 3542 649 3583 seu
667 3540 829 3583 dilectis
846 3540 938 3584 filiis
962 3542 1148 3584 locorum
1166 3539 1349 3584 Ordina-

315 3607 386 3636 riis
399 3608 438 3635 in
453 3597 726 3643 Confeffari'os
742 3600 971 3643 ordinarios
997 3601 1234 3645 Monialium
1250 3616 1352 3656 quo-

315 3653 377 3693 vis
407 3652 472 3693 sub
490 3667 687 3707 praetextu
707 3689 720 3712 ,
735 3670 1001 3716 praeterquam
1016 3691 1031 3711 ,
1051 3662 1118 3703 ubi
1135 3673 1207 3716 per
1236 3660 1353 3703 litte-

318 3724 383 3754 1‘28
406 3712 659 3779 Apono-istas
690 3718 936 3762 Confeisarii
965 3721 1164 3763 ordinarii
1186 3719 1356 3778 alicujus

325 3769 563 3813 Moriasterii
587 3775 827 3822 Monialium
843 3779 1173 3837 Capuccinarum
1202 3794 1355 3824 nuncu-

1019 171 1668 259 Monumenta

1381 295 1568 342 patarum
1595 283 1786 326 destinati
1814 281 1952 326 forent
1985 311 1999 333 ‚
2038 280 2234 337 deinceps
2262 283 2423 327 ullate-

1383 359 1454 388 nus
1468 344 1657 387 constitui
1674 373 1687 395 ,
1712 345 1778 386 seu
1803 341 1995 396 deputari
2013 341 2177 383 valeant
2195 369 2208 391 ‚
2235 341 2340 386 dieta
2352 358 2424 386 au-

1382 405 1602 454 ctoritate,
1631 414 1779 447 tenore
1814 400 2072 458 praesentium
2104 400 2313 443 statuimus
2336 432 2351 453 ,
2385 404 2424 443 δε

1383 464 1677 522 prohibemus.
1704 464 1994 504 Decernentes
2025 458 2188 502 easdem
2207 457 2423 515 praesentes

1382 527 1543 568 litteras
1575 521 1733 579 semper
1758 520 1892 563 firmas
1909 549 1924 571 .,
1952 519 2111 568 valjdas
2130 548 2145 570 ‚
2177 518 2423 563 &efficaces

1383 584 1554 628 existere
1572 611 1585 634 a
1611 583 1652 624 δι
1677 579 1766 622 fore
1782 608 1796 631 ,
1811 579 1977 635 suosque
1995 578 2197 633 plenarios
2215 607 2227 630 ,
2253 580 2294 620 δι
2317 579 2427 621 inte·
2465 615 2469 619 .

1386 660 1477 701 gros
1504 641 1666 685 effeetus
1691 637 1858 690 sortiri,
1882 641 1922 680 &
1937 638 2128 681 obtinere
2145 666 2159 690 ‚
2186 652 2231 680 ac
2252 639 2301 680 ab
2317 638 2395 680 illis
2413 666 2427 688 ,

1385 705 1435 747 ad
1452 715 1551 759 quos
1569 699 1716 756 spestat
1734 727 1747 749 ,
1779 700 1817 739 &
1836 712 1911 753 pro
1939 706 2128 752 tempore
2143 697 2426 753 quandocum-

1385 776 1463 820 que
1490 760 1684 816 speciabit
1702 758 1769 809 ‚in
1796 757 1985 798 omnibus
2003 785 2018 806 ,
2035 757 2075 797 &
2097 770 2171 812 per
2196 757 2332 799 omnia
2359 758 2427 798 in*-

1387 820 1640 864 violabiliter
1664 815 1899 868 observari;
1926 816 2106 871 Sicque,
2126 816 2165 856 &
2192 828 2275 858 non
2300 814 2426 859 aliter

1384 882 1423 924 in
1444 877 1643 936 praemisfis
1670 890 1742 933 per
1758 875 2035 932 quoscumque
2056 874 2220 931 Judices
2245 874 2428 917 Ordina-

1381 942 1495 988 rios‚
1523 940 1562 978 &
1580 937 1824 991 delegatos,
1851 933 1976 977 etiarn
2008 932 2230 976 Causarum
2270 933 2426 977 Palati·

1383 996 1609 1055 Apostolici
1627 994 1851 1039 Auditores
1876 991 2084 1050 judicari,
2110 990 2324 1035 &definiri
2350 991 2425 1034 de-

1386 1060 1513 1108 bere,
1544 1071 1590 1098 ac
1605 1057 1774 1098 irritum
1791 1082 1804 1105 ‚
1833 1053 2007 1104 &inane
2023 1081 2037 1103 ‚
2056 1051 2078 1093 fi
2097 1053 2211 1095 secus
2227 1050 2344 1107 super
2362 1051 2424 1092 his

1385 1118 1406 1161 έί
1420 1129 1620 1173 quoquam
1638 1144 1652 1167 ‚
1679 1114 1823 1171 quavis
1839 1111 2082 1156 auctoritate
2098 1110 2277 1154 scienter
2301 1139 2316 1161 ,
2355 1108 2426 1152 vel

1383 1180 1626 1233 ignoranter
1646 1172 1868 1228 contigerit
1894 1170 2121 1214 attentari.
2154 1174 2252 1213 Non
2265 1169 2426 1212 obstan-

1385 1239 1492 1281 tibus
1509 1233 1704 1290 praemiffis
1721 1260 1735 1283 ,
1759 1246 1804 1274 ac
1822 1230 2192 1274 constitutionibus
2208 1258 2223 1282 ‚
2236 1231 2277 1271 δι
2291 1227 2419 1272 Ordi-

1386 1295 1617 1339 nationibus
1635 1291 1897 1350 Apostolici5‚
1915 1304 2094 1341 necnon,
2109 1299 2313 1346 quatenus
2328 1301 2430 1343 opus

1387 1360 1453 1408 sit,
1467 1354 1711 1404 Ordinis,·&
1727 1349 2038 1394 Provinciarum
2054 1347 2308 1406 hujusmodi,
2322 1345 2433 1390 aliis-

1392 1430 1444 1461 ve
1459 1412 1665 1472 quibusvis
1683 1441 1696 1465 ‚
1712 1411 1838 1454 etiam
1855 1409 2088 1468 juramento
2103 1437 2118 1460 ‚
2149 1406 2431 1450 confirmatio-

1393 1490 1442 1519 ne
1458 1472 1690 1531 Apostolica
1705 1500 1718 1523 ‚
1745 1470 1814 1512 vel
1828 1469 1968 1525 quavis
1992 1467 2189 1510 firmitate
2208 1467 2289 1510 alia
2306 1466 2434 1508 robo-

1393 1535 1490 1579 ratis
1524 1533 1730 1582 statutis,
1760 1531 1800 1570 &
1829 1526 2188 1570 consuetudinibus
2205 1554 2220 1578 ,
2245 1523 2435 1581 -privile-

1396 1594 1467 1652 giis
1486 1606 1650 1648 quoque
1674 1619 1688 1640 .,
1727 1586 1928 1636 indultis,
1954 1584 2158 1628 &litteris
2185 1581 2434 1640 Apostolicis

1396 1657 1435 1697 in
1481 1649 1726 1694 contrarium
1784 1641 2072 1702 pra-missorum
2115 1642 2434 1700 quomodolibet

1396 1709 1592 1756 conceffis
1609 1737 1623 1761 ‚
1651 1703 1903 1750 confirmatis
1918 1732 1932 1755 ‚
1955 1702 2212 1745 &innovatis
2231 1731 2242 1743 .
2269 1702 2434 1762 Qibus

1396 1772 1615 1819 omnibus,
1641 1769 1679 1808 &
1709 1763 1902 1818 lingum,
1945 1761 2113 1804 illorum
2142 1770 2308 1805 tenores
2336 1773 2437 1815 prae-

1396 1831 1576 1875 sentibus
1606 1841 1678 1883 pro
1696 1823 1843 1881 plene,
1868 1823 1906 1863 &
1932 1819 2182 1864 sufficienter
2209 1818 2434 1875 expreslis,

1397 1907 1442 1935 ac
1457 1891 1509 1933 de
1535 1888 1664 1932 verbo
1679 1883 1731 1927 ad
1745 1882 1918 1926 verbum
1940 1880 2101 1922 insertis
2129 1878 2331 1922 habentes
2346 1907 2360 1930 ‚
2387 1877 2441 1920 il-

1397 1952 1445 1995 lis
1471 1949 1569 1993 alias
1598 1947 1638 1988 in
1660 1945 1729 1987 suo
1743 1942 1890 1986 robore
1913 1939 2183 1997 permansuris
2200 1969 2216 1990 ,
2259 1939 2311 1982 ad
2337 1950 2442 1994 prae-

1399 2008 1605 2053 missorum
1630 2002 1814 2048 effectum
1843 2001 1919 2043 hac
1935 2000 2026 2043 vice
2056 1998 2273 2042 dumtaxat
2288 1997 2447 2053 specia-

1401 2071 1498 2113 liter
1509 2096 1523 2118 ‚
1538 2068 1578 2108 &
1590 2060 1781 2119 erpi-esse
1797 2060 2048 2116 derogamus
2062 2087 2078 2110 ‚
2100 2058 2329 2113 ceterisque
2344 2070 2446 2099 con-

1403 2127 1543 2173 trariis
1570 2123 1888 2182 quibuscumque
1909 2149 1919 2160 .
1964 2122 2119 2161 Datum
2161 2119 2303 2160 Romae
2331 2113 2443 2172 apud

1403 2195 1447 2234 S.
1475 2187 1645 2230 Mariam
1677 2180 1883 2237 Maiorem
1918 2179 1985 2220 sub
2012 2177 2184 2231 Annulo
2219 2174 2439 2218 Piscatoris

1404 2247 1568 2292 XXIII.
1609 2242 1706 2286 Maii
1740 2239 2120 2283 MDCCXXXVI.
2163 2232 2438 2280 pontificatus

1403 2305 1539 2353 Nostri
1556 2306 1679 2346 Anno
1694 2305 1823 2344 Sexto
1838 2327 1850 2339 .

1522 2423 1567 2463 F.
1591 2417 1720 2460 Card.
1736 2415 1946 2460 Oliverius
1964 2445 1976 2457 .

1524 2539 1646 2580 Breve
1665 2532 1893 2593 formatum
1922 2534 1965 2573 in
1993 2529 2119 2574 Arcb.
2137 2527 2327 2571 Generali
2347 2526 2445 2570 ord.

1583 2605 1677 2639 tom.
1698 2595 1747 2636 R.
1766 2590 1950 2634 num.60.
2192 2618 2324 2711 s

1670 2821 2194 2886 o‘RntNss

1409 2739 1546 2752 ——-
1551 2733 1899 2746 ------,,

1449 2981 1467 3018 s
1591 2950 1686 3003 Sac.
1706 2950 1908 3021 Congreg.
1933 2947 2103 3016 Difiil'·
2120 2944 2281 3015 Regul.

1381 3067 1638 3143 “Qialibet
1657 3073 1729 3122 die
1746 3072 2015 3128 Dominica,
2028 3059 2072 3117 in
2091 3064 2305 3118 omnibus
2321 3063 2452 3112 Con-

1480 3145 1696 3198 ventibus
1716 3146 1863 3195 Laicis
1917 3140 2193 3194 Dostrinam
2234 3130 2455 3187 Christia-

1481 3237 1586 3269 nam
1628 3236 1737 3267 cum
1766 3219 1922 3284 aliquo
1951 3211 2145 3283 Regulae
2175 3205 2372 3259 articulo
2384 3219 2456 3252 ex·

1483 3291 1645 3361 plicari
1671 3286 1874 3339 sancitur
1895 3323 1907 3337 .
1933 3294 1941 3303 '

1413 3423 1514 3534 C
1530 3418 1776 3462 Onsiderans
1799 3424 1890 3464 Sac.
1905 3412 2191 3473 Congregatio
2222 3405 2454 3463 Disciplinae
2473 3428 2508 3459 1„
2519 3427 2571 3457 m,
2586 3425 2664 3456 md,

1550 3480 1768 3535 Regularis
1781 3509 1795 3531 ‚
1811 3477 2009 3536 quantum
2022 3469 2176 3516 intersit
2194 3497 2207 3522 ‚
2234 3476 2280 3537 uf
2307 3468 2345 3508 &
2364 3467 2453 3508 Re-

1414 3538 1542 3594 ligiosi
1560 3539 1597 3581 in
1618 3540 1721 3583 statu
1738 3538 1872 3582 laicali
1891 3532 2071 3584 Proferri,
2091 3543 2172 3573 non
2190 3526 2317 3570 solum
2335 3540 2371 3568 in
2389 3539 2452 3592 re-

1414 3600 1486 3642 bus
1503 3602 1544 3642 S.
1563 3598 1706 3651 Pidei,
1729 3598 1799 3641 sed
1825 3597 1949 3642 etiam
1973 3593 2083 3635 circa
2096 3602 2220 3632 onera
2247 3588 2287 3629 δε
2313 3585 2451 3628 debita

1413 3659 1548 3702 Statui
1565 3660 1733 3715 proprio
1747 3655 1978 3713 specialiter
1992 3663 2150 3695 annexa
2177 3647 2424 3712 instruantur
2439 3673 2454 3694 ,

1417 3722 1457 3762 &
1472 3734 1521 3761 ex
1539 3718 1745 3761 nonnullis
1763 3715 1907 3760 habitis
1921 3711 2078 3756 notitiis
2104 3709 2294 3753 dubitans
2312 3734 2326 3757 ‚
2349 3719 2397 3747 an
2410 3717 2453 3746 in

1416 3778 1602 3823 omnibus
1634 3774 1930 3822 conventibus
1946 3801 1960 3826 ,
1980 3770 2028 3815 eri
2045 3800 2059 3824 ‚
2086 3769 2165 3828 qua
2191 3765 2366 3868 pareest,
2385 3778 2456 3807 ex-

1644 3858 1646 3860 ·
2243 3841 2263 3869 a
2310 3835 2390 3868 itu-
