2774 4068
416 205 581 289 182

1167 197 1708 287 Provincia

343 318 429 356 dum
458 313 733 375 Annoejubilaeo
751 314 853 355 1600.
879 314 942 355 sub
951 314 1133 352 Clemente
1145 313 1246 353 vui.
1275 317 1311 352 in
1322 315 1468 353 Ecclelia
1489 315 1715 354 &Laurentii
1732 312 1770 357 ln
1788 316 1959 362 Damaso,
1985 325 2045 364 per
2060 316 2221 356 cineralia
2235 318 2464 371 Ecclefiastem

342 367 429 406 Eum
457 367 597 404 audivit
609 390 620 405 .

431 418 614 455 Honorem
627 438 640 455 ,
653 414 791 457 vir-tute
803 414 908 454 Pauli
929 422 1081 461 partum,
1097 414 1304 460 comprobat
1318 414 1522 464 Apostollca
1535 413 1678 463 Legatio
1690 438 1702 459 ‚
1715 427 1784 464 qua
1796 413 1948 453 vifitatio
1960 413 2162 453 Missionum
2178 417 2393 457 Vallenfium
2405 420 2475 459 &c-

343 476 406 513 per
431 465 532 515 supra
561 463 712 513 politum
739 465 852 503 Breve
870 463 910 504 Ei
932 462 998 501 fuit
1027 462 1218 502 commissa.
1245 463 1454 507 Geminavit
1477 471 1510 508 δι
1535 464 1663 506 Paulus
1683 464 1874 510 honorem,
1899 464 1980 502 dum
1991 463 2207 505 Miffionibus
2226 467 2474 517 circumspesta

339 514 515 555 consuluit
533 511 756 563 provisione,
782 516 816 549 δε
833 509 1018 550 Pontificia
1035 511 1122 565 julia
1143 511 1264 555 exafte
1280 512 1439 561 implevit
1453 541 1462 551 .

428 560 576 602 Virtute
589 561 761 608 obtinuit,
773 561 809 598 &
821 561 978 607 generale
988 559 1130 598 Ordinis
1144 560 1324 610 Imperium
1344 562 1444 612 1609.
1455 562 1513 602 seu
1523 562 1841 611 generalem‚juxta
1857 562 1895 599 S.
1907 562 2054 607 Regula
2070 564 2173 600 verba
2185 566 2419 603 consistentem
2429 566 2469 603 in

331 611 499 650 famulatu
514 610 718 649 servitutem
736 622 746 646 ε
762 610 947 657 Imperium
960 633 975 653 ,
987 609 1022 645 &
1046 609 1245 647 servitutem
1258 612 1354 658 aequfl
1369 612 1522 660 portavit
1547 621 1662 648 mente
1680 623 1689 647 ε
1714 611 1802 647 illud
1815 636 1825 652 ‚
1839 610 1922 646 dum
1942 611 2019 647 flori
2035 613 2219 658 Regulatis
2232 615 2466 652 Observantiae

334 660 572 700 conservando
591 657 797 696 anaor-itate
819 658 1044 706 invigilavit:
1070 658 1156 697 hanc
1167 683 1177 699 .
1195 659 1279 697 dum
1293 660 1489 698 accedentes
1510 662 1638 699 Fratres
1652 660 1791 706 blando,
1805 658 1994 707 humilique
2009 661 2149 708 excepit
2160 661 2285 710 affatu,
2301 665 2336 704 &
2349 675 2448 712 pater
2459 678 2474 691 -

331 722 381 749 no
405 709 547 759 adjuvit,
564 707 727 753 consilio,
750 707 828 747 aliis
850 707 998 747 testibus
1018 717 1120 746 nemo
1140 707 1250 749 maior
1262 732 1277 755 ‚
1297 708 1458 759 sejudice
1475 721 1576 751 nemo
1596 709 1707 746 minor
1721 734 1732 749 .

334 833 452 850 ῃ

338 916 421 974 Ad
452 917 599 971 alium
628 920 930 970 Conventum
961 916 1007 967 in
1025 916 1173 966 Terra
1189 918 1368 970 Montis

403 989 544 1044 Ulmi
589 986 859 1058 erigendum
883 1023 900 1046 ,
942 984 1173 1053 quoddam
1211 988 1369 1038 Terrae

401 1060 580 1128 petium
594 1094 610 1117 ,
623 1060 746 1111 muri
763 1058 925 1108 veteris
942 1071 1183 1115 caementa,
1203 1055 1252 1108 8(
1267 1057 1368 1107 aedi-

401 1127 556 1179 ficium
575 1127 815 1187 Ecclefiae,
838 1128 1019 1178 ruinam
1043 1129 1254 1177 minantis
1275 1163 1290 1186 ,
1307 1127 1366 1178 ad

403 1199 747 1250 Commendam
776 1204 824 1250 S.
840 1197 1036 1264 Philippi
1055 1196 1110 1245 de
1125 1200 1334 1248 Auximo
1348 1235 1364 1257 ‚

400 1267 661 1337 Hospitalis
674 1273 721 1332 S.
740 1269 922 1338 Joannis
942 1265 1363 1336 Hierosolymitani

399 1337 676 1407 spestantia,
706 1356 792 1408 pro
819 1339 912 1389 alio
941 1351 1153 1398 terren0,
1195 1341 1217 1391 a
1253 1339 1364 1395 dicti

402 1411 519 1460 Loci
535 1410 886 1461 Communitate
915 1407 1105 1468 oblato,
1142 1411 1362 1470 alienari,

398 1482 569 1550 Magni
597 1480 708 1530 dieti
737 1479 998 1548 Hospitalis
1014 1479 1241 1550 Magistro
1257 1500 1363 1533 con-

398 1550 523 1601 cedit
536 1586 554 1610 ,
572 1551 635 1602 ita
652 1565 705 1603 ut
715 1548 916 1603 Ecclefia
930 1585 947 1607 ,
963 1550 989 1597 ὲ
1008 1551 1241 1603 Fratribus
1255 1551 1356 1605 reli-

398 1621 474 1674 &a
498 1657 516 1681 ,
552 1620 764 1677 Ecclesiae
807 1620 1110 1674 Commendae
1155 1620 1367 1695 subroge.

399 1707 481 1743 tur
515 1728 531 1752 ,
574 1690 624 1746 ὅ(
663 1695 710 1744 in
748 1694 828 1747 illa
866 1693 999 1759 hujus
1046 1710 1184 1747 onera
1224 1695 1367 1750 adim.

400 1765 638 1832 pleantur.

329 1905 370 1948 A
391 1905 530 1960 Tergo
543 1934 554 1944 .
594 1902 751 1947 Ditem
762 1908 870 1951 Filio
885 1904 1035 1960 Aloyst'o
1052 1906 1097 1948 de
1117 1905 1366 1961 Wgnaecourt,

417 1962 637 2025 Hqspitalis
671 1967 712 2005 s.
736 1964 907 2019 {Joannis
935 1965 1284 2024 Hierosblymt‘tani

649 2024 802 2080 Magno
829 2023 1026 2081 Magistro
1043 2052 1055 2065 .

325 2141 837 2199 PAULUS
910 2144 1225 2198 PAPA
1300 2147 1365 2196 V.

384 2269 542 2314 Dilcfle
567 2269 681 2324 Fili,
708 2271 885 2325 fizlutem
898 2300 913 2325 ,
950 2273 1005 2326 (ἐν
1044 2273 1304 2333 Apostolicam

675 2330 986 2374 BenediWonem
1006 2359 1018 2373 .

426 2445 563 2504 Xponi
593 2446 726 2489 Nobis
758 2459 889 2501 nuper
917 2445 1109 2491 fecerunt
1129 2451 1277 2493 Dilecti
1297 2451 1363 2494 Fi·

454 2505 499 2546 lii
525 2503 690 2547 Priores
725 2505 866 2547 Terrae
898 2508 1053 2549 Montis
1083 2508 1195 2552 Ulmi
1227 2538 1241 2561 ,
1279 2510 1367 2552 Fir-

324 2579 447 2608 manae
474 2564 701 2616 Dicemus,
734 2565 775 2606 δε
800 2565 966 2608 Fratres
997 2566 1177 2611 Minores
1202 2568 1370 2611 Ordinis

323 2626 365 2666 S.
378 2623 577 2668 Francisci
591 2652 608 2672 ,
625 2621 831 2680 Capucini
858 2626 1110 2683 nuncupati,
1126 2626 1235 2682 quod
1250 2656 1264 2679 ,
1276 2641 1373 2669 cum

322 2681 502 2736 ejusdem
518 2679 685 2723 Ordinis
715 2683 873 2723 Domus
894 2683 1032 2725 Terrae
1055 2685 1211 2728 Montis
1228 2686 1370 2738 Uimi,

322 2741 518 2784 Firmanae
547 2738 753 2785 Dioecefis
780 2767 794 2790 ,
820 2739 862 2781 in
892 2740 990 2784 loco
1026 2756 1107 2784 non
1146 2743 1369 2788 admodum

323 2798 503 2851 salubri,
523 2813 572 2844 ex
598 2813 677 2843 una
709 2807 831 2854 parte
859 2796 932 2843 fita
961 2800 1037 2852 fit,
1067 2810 1189 2858 atque
1206 2803 1367 2846 ideirco

325 2857 376 2903 ad
391 2857 582 2901 tuendam
597 2886 611 2909 ,
629 2859 670 2900 δι
694 2853 1022 2902 conservandam
1054 2862 1246 2906 Fratrum
1267 2862 1365 2905 inibi

322 2917 664 2963 commorantium
694 2915 941 2969 sanitatem,
983 2934 1053 2963 eos
1081 2920 1253 2964 transire
1282 2921 1363 2965 alio

324 2985 543 3033 oporteat,
573 2975 748 3032 praedit‘ti
776 2977 940 3020 Fratres
966 2978 1192 3022 Ecclesiam
1209 2979 1363 3023 Domfis

321 3035 549 3093 praedietae,
575 3037 616 3081 δι
642 3035 794 3079 ΒΞῙεᾶῐ
827 3035 953 3088 Filii,
980 3040 1296 3089 Communitas,
1324 3041 1363 3082 &

325 3093 527 3139 Homines
553 3095 649 3138 dieli
665 3096 822 3139 Montis
840 3096 955 3139 Ulmi
969 3125 983 3148 ,
1015 3098 1069 3141 ob
1084 3099 1332 3154 singularem
1348 3128 1362 3151 ,

324 3169 445 3211 quem
474 3168 571 3210 erga
600 3154 752 3198 dietum
778 3154 976 3199 Ordinem
1002 3166 1183 3214 gerunt,
1213 3161 1361 3203 Devo-

322 3214 445 3256 tionis
468 3213 652 3258 affeetum
665 3243 682 3265 ,
709 3222 925 3258 terrenum
953 3216 1158 3271 quoddam
1174 3244 1188 3268 ,
1208 3216 1261 3260 ad
1284 3231 1357 3261 eos

324 3273 509 3327 legitime
539 3272 747 3330 speetans,
783 3274 823 3315 in
853 3272 1036 3329 ejusdem
1063 3275 1217 3320 Montis
1244 3276 1358 3319 Ulmi

325 3332 540 3376 territorio
569 3332 718 3384 situm,
749 3332 902 3375 valoris
939 3333 978 3376 in
1004 3337 1264 3391 proprietate
1295 3335 1357 3377 vi-

325 3389 427 3444 ginti
455 3391 578 3435 trium
603 3390 811 3436 scutorum
853 3406 945 3435 cum
977 3393 1150 3437 dimidio
1186 3394 1357 3437 alterius

323 3447 601 3500 scutifimilis,
640 3453 678 3493 δι
707 3452 804 3495 anni
839 3450 1029 3494 redditus
1055 3452 1214 3496 dimidii
1251 3454 1355 3497 scuti

328 3506 579 3572 hujusmodi,
608 3525 700 3553 cum
715 3511 889 3568 quadam
905 3521 1023 3553 terrae
1045 3513 1155 3567 petia
1174 3540 1187 3564 ,
1203 3511 1357 3555 ibidem

326 3575 483 3623 pariter
516 3570 741 3623 existente,
773 3572 813 3614 &
835 3569 888 3613 ad
914 3572 1255 3627 Praeceptoriam,
1287 3571 1357 3616 seu

327 3627 622 3670 Commendam
669 3628 808 3673 Sancti
839 3630 1017 3686 Philippi
1056 3631 1110 3672 de
1151 3632 1355 3684 Auximo,

327 3683 550 3739 Hospitalis
580 3689 788 3742 S-Joannis
809 3689 1171 3745 Hierosolymitani
1188 3720 1204 3741 ,
1234 3706 1355 3747 quam

327 3742 515 3786 Dilectus
532 3744 657 3788 Filius
671 3747 843 3801 Joannes
858 3750 974 3792 Otho
995 3748 1127 3791 Pofius
1143 3779 1157 3799 ,
1175 3748 1356 3804 ejusdem

324 3801 546 3861 Hospitalis
562 3806 704 3851 frater
726 3807 846 3864 Miles
871 3809 1032 3852 obtinet
1048 3836 1062 3862 ,
1088 3810 1355 3866 pertinente,

2097 832 2455 850 -ss—

1428 919 1468 963 &
1495 916 1546 960 ad
1578 914 1860 959 fabricandum
1900 915 1999 957 inibi
2027 917 2204 960 Domum
2246 919 2343 963 dicti
2387 923 2467 965 01-

1429 977 1538 1020 dinis
1572 979 1758 1022 Fratrum
1786 975 1995 1018 Minorum
2027 977 2336 1029 Capucinorum
2355 1007 2369 1030 ,
2400 994 2472 1036 ap·

1427 1036 1556 1092 prime
1571 1031 1783 1077 commoda
1796 1060 1810 1083 ,
1844 1033 1990 1076 valoris
2007 1032 2045 1075 in
2064 1036 2320 1091 proprietate
2338 1039 2471 1080 trium

1426 1094 1630 1138 scutorum
1669 1106 1761 1134 cum
1804 1091 1980 1134 dimidio
2010 1121 2024 1144 ,
2063 1093 2117 1132 δι’
2153 1094 2341 1138 redditus
2397 1111 2471 1139 an-

1426 1155 1493 1201 nui
1522 1151 1682 1198 dimidii
1705 1150 1804 1194 scuti
1833 1149 1884 1195 ad
1925 1152 2153 1206 summum,
2185 1168 2346 1197 necnon
2387 1160 2468 1211 pro

1424 1203 1660 1270 quibusdam
1684 1212 1903 1253 Murorum
1930 1220 2113 1253 veterum
2143 1215 2361 1256 coementis
2377 1242 2392 1265 ,
2417 1229 2466 1256 ac

1423 1270 1593 1314 aedificio
1618 1269 2016 1321 Eccleliae,ruinam
2043 1272 2229 1314 minantis
2257 1301 2271 1324 ,
2309 1274 2348 1315 in
2384 1287 2463 1328 qua

1423 1331 1541 1374 nullae
1570 1331 1659 1372 sunt
1675 1342 1880 1386 campanae
1894 1358 1909 1379 ,
1925 1327 1992 1371 sed
2013 1343 2135 1371 unum
2159 1330 2359 1374 duntaxat
2375 1332 2458 1373 Al.-

1424 1400 1538 1439 tare‚
1560 1391 1601 1431 ἃ.
1627 1399 1692 1432 ter
1722 1388 1762 1431 in
1800 1402 1908 1430 anno
1947 1387 2147 1431 duntaxat
2191 1389 2457 1442 celebratur,

1423 1448 1574 1492 valoris
1600 1458 1796 1498 centum,
1825 1449 1863 1490 δι
1881 1444 2036 1502 septem
2051 1446 2258 1490 scutorum
2288 1463 2461 1505 permu-

1423 1518 1510 1552 tare
1536 1506 1796 1551 defiderant.
1838 1506 1996 1549 Verum
2014 1534 2028 1556 ,
2054 1506 2146 1561 quia
2181 1510 2352 1551 statutis
2374 1538 2390 1561 ‚
2416 1521 2463 1550 ac

1428 1566 1708 1608 stabilimentis
1735 1564 1830 1605 dic‘ti
1851 1563 2072 1620 Hospitalis
2090 1592 2103 1615 ,
2131 1565 2363 1620 Apostolica
2381 1581 2455 1608 au-

1427 1626 1616 1671 ctoritate
1655 1622 1904 1665 confirmatis
1920 1652 1935 1673 ,
1959 1624 2320 1678 Praeceptoriarum
2341 1655 2355 1677 ,
2386 1624 2454 1668 seu

1427 1683 1778 1729 Commendarum
1794 1711 1807 1732 ,
1821 1683 2012 1724 &earum
2028 1682 2230 1726 bonorum
2248 1683 2466 1726 alienatio}

1425 1758 1527 1794 nes,
1567 1742 1634 1784 seu
1667 1741 1987 1797 permutationes
2023 1739 2112 1783 fieri
2143 1741 2334 1796 expresse
2362 1756 2462 1799 pro-

1424 1803 1648 1851 hibentur,
1675 1798 1924 1842 defiderium
1950 1813 2094 1842 eorum
2119 1799 2346 1855 adimplere
2378 1815 2459 1844 non

1424 1859 1612 1920 possunt,
1629 1857 1777 1914 absque
1802 1857 1938 1903 nostra
1955 1888 1971 1909 ,
2005 1859 2043 1900 &
2072 1858 2188 1903 Sedis
2218 1859 2461 1915 Apostolicae

1427 1919 1621 1974 licentia3
1655 1918 1816 1964 Idcirco
1831 1931 1905 1973 pro
1918 1926 2035 1973 parte
2048 1918 2247 1961 dictorum
2264 1920 2454 1963 Fratrum

1429 1974 2012 2036 Capucinorum,afferentlum
2028 1978 2370 2033 permutationem
2385 1979 2465 2020 hu-

1428 2037 1623 2096 jusmodi,
1647 2036 1672 2078 fi
1699 2034 1797 2085 fiat,
1823 2035 1862 2076 in
1887 2046 2151 2092 augmentum
2178 2035 2314 2079 cultfis
2339 2038 2456 2079 Divi-

1428 2098 1467 2141 ni
1505 2093 1697 2140 cessuram
1736 2091 1847 2147 esse,
1885 2094 2016 2137 Nobis
2055 2094 2269 2137 humiliter
2312 2094 2463 2152 suppli-

1425 2166 1561 2200 catum
1589 2155 1697 2205 fuit,
1730 2162 1928 2209 quatenus
1957 2153 2026 2195 fibi
2063 2154 2101 2197 in
2142 2153 2342 2208 praemiffis
2384 2169 2460 2210 op·

1424 2215 1601 2272 portuue
1641 2212 1902 2266 providere,
1943 2211 1998 2253 de
2037 2213 2290 2267 benignitate
2347 2217 2460 2269 Apo-

1424 2274 1565 2319 stolica
1615 2272 1880 2331 dignaremur
1899 2299 1911 2311 .
1960 2273 2049 2313 Nos
2097 2271 2220 2326 igitur
2257 2271 2465 2329 hujusmo-

1424 2335 1469 2378 di
1494 2331 1605 2389 petia
1623 2333 1790 2380 Terrae,
1821 2330 2050 2372 &Terreni
2074 2329 2290 2383 Ecclefiae,
2316 2334 2462 2374 &coe-

1425 2402 1658 2437 mentorum
1685 2389 1991 2445 praedffilorum,
2015 2391 2056 2431 δι
2079 2403 2231 2431 annuos
2261 2390 2422 2433 valores
2441 2418 2456 2441 ,

1426 2467 1474 2494 ac
1495 2450 1730 2491 fituationes
1749 2476 1762 2498 ,
1778 2447 1973 2490 vocabula
1989 2476 2002 2497 ,
2023 2451 2062 2490 &
2075 2447 2456 2497 denominationes,

1428 2508 1685 2567 praesentibus
1721 2519 1794 2560 pro
1831 2505 2018 2560 expressis
2053 2507 2283 2558 habentes,
2321 2507 2459 2565 hujus-

1433 2567 1540 2614 modi
1569 2564 1929 2622 supplicationibus
1957 2565 2168 2617 inclinati,
2193 2568 2315 2618 Tibi,
2344 2566 2454 2623 post-

1431 2640 1550 2684 quam
1579 2639 1653 2680 per
1680 2622 1902 2677 diligentes
1933 2622 2274 2676 informationes,
2302 2639 2461 2680 permu-

1430 2687 1626 2730 tationem
1673 2680 1898 2738 hujusmodi
1941 2682 1978 2724 in
2015 2695 2284 2737 augmentum
2322 2683 2456 2727 cultus

1430 2743 1568 2789 Divini
1595 2739 1788 2785 cessuram
1819 2739 1897 2784 effe
1934 2743 2210 2796 cognoveris,
2243 2743 2459 2797 prior-ent-

1427 2803 1678 2852 Ecclesiam,
1704 2802 1744 2842 &
1768 2810 2013 2850 terrenum,
2047 2815 2136 2843 cum
2168 2812 2285 2844 terrae
2320 2801 2456 2857 petia,

1425 2861 1667 2912 coementis,
1696 2862 1735 2902 &
1759 2859 1929 2901 aedificio
1954 2859 2145 2901 Ecclefiae
2170 2860 2457 2915 permutandi,

1424 2925 1465 2965 δι
1491 2933 1749 2978 quaecumque
1786 2918 2047 2961 instrumenta
2065 2948 2082 2969 ‚
2111 2933 2205 2961 cum
2242 2920 2388 2976 paffls,
2419 2921 2460 2960 &

1424 2974 1725 3025 conditionibus
1752 2976 1950 3020 benevilis
1963 3005 1977 3028 ,
1992 2976 2168 3033 desuper
2186 2977 2457 3028 conficiendi,

1422 3041 1665 3084 facultatem
1681 3067 1695 3090 ,
1716 3050 1961 3092 omnemque
1990 3037 2029 3078 in
2054 3037 2254 3093 praemiffis
2277 3036 2457 3079 auftori·

1421 3110 1550 3143 tatem
1578 3095 1870 3148 neceffariam‚
1898 3097 1938 3137 δι
1959 3107 2231 3152 opportunam
2258 3094 2469 3138 concedi-·

1421 3174 1505 3203 mus
1520 3190 1536 3211 ,
1557 3160 1598 3200 &
1612 3159 1897 3213 impartimur,
1917 3156 1973 3197 ita
1996 3165 2156 3204 tamen,
2182 3154 2308 3210 quod,
2327 3153 2350 3195 fi
2365 3167 2454 3209 per-

1420 3220 1687 3262 mutationem
1704 3214 1928 3272 hujusmodi
1946 3212 2032 3255 fieri
2049 3214 2255 3269 contingat
2269 3240 2282 3261 ,
2300 3212 2452 3255 Eccle—

1418 3278 1471 3322 fia
1497 3280 1652 3321 Domus
1692 3278 1881 3318 Fratrum
1909 3275 2212 3327 Capucinorum
2240 3270 2451 3325 praedifto-

1421 3351 1543 3388 rum,
1568 3348 1694 3392 quam
1721 3348 1827 3377 nunc
1857 3332 2109 3384 inhabitant,
2142 3333 2182 3374 δι
2209 3330 2448 3385 relinquere

1417 3395 1641 3441 intendunt
1659 3423 1672 3447 ,
1700 3392 1793 3437 loco
1820 3391 2006 3435 Ecclefiae
2042 3387 2304 3434 Commendae
2321 3418 2334 3438 ‚
2379 3387 2448 3431 seu

1417 3454 1700 3511 Praeceptoriae
1716 3450 1940 3509 hujusmodi
1964 3448 2231 3504 subrogetur,
2246 3449 2314 3498 ,δε
2342 3448 2381 3489 in
2395 3462 2443 3490 ea

1415 3529 1571 3566 onera,
1599 3513 1783 3563 Ecclefiae
1799 3507 2022 3553 collabenti
2056 3506 2252 3563 praedistae
2292 3506 2453 3550 incum-

1414 3571 1705 3624 bentia,adim
1740 3570 1814 3614 leri
1831 3567 1996 3612 omnino
2024 3565 2228 3619 debeant,
2267 3579 2346 3607 non
2375 3567 2451 3610 ob·-

1416 3632 1609 3681 stantibus
1647 3629 1757 3674 fehe.
1791 3641 1874 3674 rec.
1906 3624 2020 3669 Pauli
2059 3627 2138 3669 PP.
2184 3627 2244 3668 11.
2285 3626 2451 3670 Praede-

1417 3691 1577 3738 cefforis
1604 3689 1759 3741 nostri,
1781 3687 1833 3730 de
1858 3686 1979 3728 rebus
2010 3684 2199 3728 Ecclefiae
2232 3699 2312 3727 non
2350 3686 2456 3728 alie·

1416 3752 1558 3796 nandis
1575 3777 1589 3801 2
1614 3763 1662 3794 ac
1687 3749 1774 3792 aliis
1801 3743 2193 3792 Constitutionibus,
2221 3747 2261 3786 &
2277 3744 2452 3787 Ordina-

1414 3811 1593 3855 tionibus
1610 3805 1851 3866 Apostolicis
1866 3829 1880 3855 2
1906 3817 2068 3848 necnon
2082 3803 2178 3847 dieti
2193 3801 2417 3861 Hospitalis
2433 3829 2448 3853 ,

2311 3866 2396 3909 Pro
