2710 4108
321 296 363 340 &
375 216 698 360 §congregatio
711 304 786 351 subv
795 318 839 360 9.
857 302 1020 358 Augusti
1037 300 1130 346 dieti
1146 305 1235 346 anni
1251 316 1351 344 con-

320 362 607 415 gratulatorias
633 364 773 408 literas
788 363 1002 414 decrevit,
1034 363 1074 403 δι
1088 361 1350 405 commenda-

321 420 355 460 rl'
376 415 481 475 jusffi
498 423 731 478 Capucinos
744 421 1009 466 Miffionarios
1027 448 1042 472 ‚
1069 421 1110 461 δι
1133 420 1348 478 praesertim

320 478 657 528 P.Alexandrum
680 479 984 527 zelantiffimum
1002 507 1017 532 ,
1045 480 1085 521 δι
1107 475 1347 524 indefessum

321 535 610 583 Miffionarium
627 569 639 581 .

377 599 623 645 Provinciali
644 598 948 654 Capucinorum
971 595 1214 641 Pedemonti
1229 625 1244 649 ,
1270 610 1349 639 ceu

317 661 487 705 illarum
505 658 729 702 Miffionum
745 656 951 707 Praefecto,
972 657 995 699 εὶ
1010 657 1148 711 primis
1166 656 1350 700 institutae

318 719 437 776 huju's
465 725 506 763 S.
537 716 881 772 Congregationis
911 714 1022 757 annis
1053 713 1222 758 fuerunt
1253 729 1349 757 con-

316 776 430 823 ceffae
451 776 668 821 facultates
696 790 748 818 eo
766 803 780 826 ‚
812 788 892 828 quo
921 784 1017 817 tunc
1048 773 1221 816 concedi
1248 772 1349 814 sole-

316 839 446 888 bant,
475 835 629 879 modo:
660 832 888 888 compilatis
923 833 1053 884 vero,
1084 833 1124 874 δι
1155 831 1346 886 impreffis

317 897 480 939 illarum
510 891 724 944 formulis,
754 891 791 932 ei
811 890 1020 940 dabatur,
1052 901 1175 947 prout
1200 889 1344 931 hodie-

315 956 413 999 dum
429 954 714 1002 continuatur,
744 947 919 991 formula
937 947 1134 1004 septima,
1165 947 1240 989 suis
1259 949 1343 988 Re-

315 1013 462 1069 ligiofis
485 1013 588 1054 intra
622 1008 865 1053 Praefefiurae
893 1007 963 1049 suae
988 1007 1207 1048 districtum
1230 1020 1342 1048 com-

316 1071 599 1115 municabilis,
630 1069 669 1110 in
695 1082 772 1123 qua
797 1067 1000 1120 reperitur
1016 1065 1183 1109 facultas
1210 1063 1340 1108 admi-

315 1129 506 1174 nistrandi
533 1126 780 1170 Parochialia
797 1125 833 1165 in
857 1124 1109 1167 Dioecesibus
1125 1153 1139 1174 ,
1163 1124 1233 1166 ubi
1257 1137 1336 1165 non

314 1198 435 1232 erunt
463 1186 673 1242 Episcopi,
708 1182 1027 1233 vclOrdinarii,
1062 1183 1126 1224 vel
1155 1196 1335 1225 eorum.»

314 1246 494 1292 vicarii,
527 1245 645 1287 velin
661 1241 898 1293 Parochiis,
930 1241 1095 1284 ubinon
1128 1251 1247 1284 erunt
1261 1243 1338 1283 Pa-

313 1306 429 1350 rochi
457 1333 470 1356 ,
511 1305 576 1347 vel
602 1301 667 1343 ubi
695 1309 814 1343 erunt
837 1328 852 1350 ,
884 1299 937 1341 de
963 1312 1104 1342 eorum
1137 1301 1332 1343 licentia.

310 1369 373 1410 Ex
401 1378 509 1419 que,
539 1363 558 1404 ἐ
589 1359 805 1415 Capucinis
831 1358 1083 1401 Parochialia
1104 1387 1120 1410 ,
1151 1360 1215 1400 ubi
1243 1359 1331 1401 sunt

311 1422 530 1481 Episcopi,
559 1421 597 1462 δι
623 1418 792 1463 Patochi
822 1445 838 1467 ,
867 1416 926 1459 uti
952 1417 989 1458 iu
1019 1417 1233 1460 Provincia
1258 1419 1333 1459 Pe—

307 1483 555 1525 demontana
580 1507 595 1528 ,
635 1475 900 1520 administrari
931 1489 1010 1517 non
1041 1473 1148 1530 posse
1177 1475 1333 1527 ,clare

308 1540 481 1584 infertur
505 1568 515 1580 .
560 1538 665 1580 Hinc
719 1533 935 1591 jurisdictio
975 1532 1226 1590 Episcopalis
1259 1535 1328 1577 in.,

308 1602 386 1644 hoc
409 1612 487 1641 non
515 1596 603 1640 laedi
622 1623 635 1645 ‚
665 1596 704 1636 &
727 1593 916 1635 instantiae
936 1606 1008 1646 pro
1032 1592 1251 1635 obtinenda
1278 1591 1335 1635 fa·

306 1659 509 1701 cultarum
542 1653 843 1709 Capucinorum
888 1652 1136 1694 restriflione
1183 1649 1291 1693 faciae
1320 1679 1334 1703 ,

307 1718 435 1760 minus
484 1727 668 1767 congruae
711 1712 902 1754 videntur
928 1736 942 1759 ,
995 1706 1193 1753 afferente
1232 1723 1333 1765 prae-

307 1777 445 1819 sertim
485 1777 576 1816 Sac.
603 1775 812 1825 Congreg.
844 1769 1081 1811 Secretario
1107 1797 1122 1819 ,
1162 1769 1271 1824 quod
1315 1798 1331 1820 ‚

308 1845 574 1890 praeterquam
601 1825 1020 1886 hujusmodiformulae
1045 1827 1119 1869 lint
1146 1829 1333 1870 immuta-

307 1893 437 1943 biles,
468 1888 578 1939 ἧκα,
611 1891 651 1930 &
677 1887 1206 1930 matuoeoexamineasacra
1220 1890 1333 1929 Con-

305 1950 544 2006 gregatione
561 1947 639 2003 jam
664 1945 869 1992 stabilitae,
901 1945 1063 1986 articuli
1078 1958 1247 1995 earum,
1279 1946 1330 1989 ad

304 2011 448 2052 dictam
485 2006 793 2062 jurisdictionem
831 2003 1113 2057 Episcopalem
1152 2002 1330 2057 spectan-

303 2079 396 2116 tes,
428 2067 487 2108 uti
518 2063 804 2108 administratio
830 2061 1158 2112 Parochialium,
1189 2063 1229 2102 δι
1257 2060 1334 2103 dis-

299 2125 482 2185 pensatio
518 2120 876 2167 Matrimonialium
905 2149 920 2170 ‚
966 2133 1054 2162 eam
1093 2133 1170 2163 non
1202 2119 1330 2164 offen·

299 2186 427 2236 dant,
457 2198 548 2226 cum
578 2181 820 2230 Praefeezus,
846 2177 1107 2235 ejusdemque
1132 2178 1330 2224 Missiona.

299 2246 348 2288 rii
363 2258 433 2287 eos
448 2257 529 2285 non-
542 2241 608 2284 nifi
625 2241 679 2283 de
695 2236 886 2282 consensu
904 2236 1191 2292 Episcoporum
1209 2251 1326 2282 exer-

300 2317 398 2346 cere
414 2301 588 2358 poffinr,
619 2307 738 2354 prout
766 2311 817 2339 ex
841 2293 1012 2338 formula
1041 2295 1226 2353 impressa
1245 2323 1259 2343 2
1289 2299 1329 2341 ὃς

298 2375 454 2413 annexa
472 2357 657 2414 cognosci
673 2357 801 2412 potest
814 2385 826 2397 .

357 2421 398 2463 Si
429 2418 526 2462 dein
562 2414 918 2471 impraesentiarum
954 2414 1250 2458 Pedemontum
1280 2418 1326 2459 fit

298 2491 432 2523 totum
460 2476 747 2525 Catholicum,
778 2474 930 2517 debent
944 2474 1077 2529 primo
1103 2484 1238 2529 grates
1254 2489 1322 2516 re-

296 2537 397 2580 ferri
428 2540 518 2580 Deo
540 2564 554 2586 ,
596 2532 769 2576 secundo
809 2533 1024 2588 vigilantiae
1056 2534 1171 2589 hujus
1197 2536 1323 2576 Sacra:

295 2593 639 2651 congregationis
666 2621 680 2643 ,
713 2593 754 2633 δι
792 2592 919 2634 tertio
956 2591 1063 2634 Zelo
1090 2592 1322 2646 Capucino-

296 2669 385 2698 rum
403 2682 417 2705 ,
443 2652 511 2708 qui
527 2653 548 2693 a
577 2649 800 2706 primordio
826 2650 1042 2691 erectionis
1059 2649 1176 2707 hujus
1197 2654 1326 2693 Sacrae

295 2709 640 2769 congregationis
671 2709 763 2766 (uti
783 2709 933 2752 dietum
954 2708 1010 2751 est
1024 2710 1173 2768 supra)
1204 2707 1324 2754 sese,

1081 2791 1300 2856 ΝΟ

1134 185 1659 277 Provincia

1412 301 1580 345 cultura:
1609 298 1886 355 hujusVineae
1923 300 2076 342 Christi
2111 300 2404 357 impenderunt
2429 337 2444 360 ,

1411 360 1450 400 δι
1476 357 1777 415 copiosiffimum
1807 357 2072 412 reportarunt
2099 358 2295 411 frustum,
2327 376 2451 421 prout
2525 388 2528 392 ·

1406 431 1456 462 ex
1478 417 1754 466 monumentis
1780 417 1897 474 hujus
1928 419 2097 460 Archivi
2130 418 2376 476 deducitur,
2409 425 2450 468 in

1407 490 1490 532 quo
1505 477 1660 531 pariter
1677 477 1782 519 inter
1801 476 2262 529 relationes,succeffive
2277 480 2297 521 ἐι
2313 485 2372 525 Ca
2377 496 2450 538 pu-

1411 535 1511 578 cinis
1540 533 1777 578 transmissas
1807 536 2017 590 reperitur
2039 563 2054 587 ,
2099 539 2203 591 quod
2231 539 2269 581 in
2299 540 2448 597 aliqui-

1407 594 1484 637 bus
1500 593 1735 637 Pedemonti
1758 593 1856 636 locis
1884 607 2080 644 venenum
2099 596 2294 642 haereseos
2319 599 2445 655 plene

1412 667 1491 695 non
1522 653 1662 702 exulet
1689 682 1705 707 ,
1757 652 1850 695 hinc
1887 652 1926 694 in
1955 651 2155 698 relatione
2191 659 2284 700 anni
2323 671 2442 713 ¹731-

1409 711 1676 762 continetur,
1705 711 1814 766 quod
1841 712 2028 753 Dronerii
2056 741 2070 766 ‚
2103 714 2211 768 quod
2240 718 2438 760 Salutien.

1412 770 1550 812 Dioec.
1583 772 1714 813 Locus
1734 770 1792 811 est
1818 796 1834 819 ,
1864 768 2139 814 habitaverint
2166 767 2350 819 Personae
2374 789 2447 831 ap·

1409 837 1603 882 parentet·
1627 828 1849 875 Catholicae
1875 855 1888 878 ,
1930 842 2015 884 quae
2045 838 2179 884 tamen
2203 833 2243 875 in
2273 835 2442 877 occulto

1398 887 1570 942 regulas
1596 916 1611 939 ,
1645 888 1684 927 δι
1712 886 1802 929 usus
1832 887 2103 930 §cetariorum
2134 890 2402 947 sequebantur
2428 923 2442 947 ‚

1404 945 1460 986 ita
1491 974 1505 996 ‚
1549 955 1593 987 ut
1621 959 1720 987 unus
1761 948 1801 987 ἃ
1824 945 1932 987 alter
1958 945 2260 992 Confesfionem
2291 955 2440 997 sacn-

1402 1004 1628 1046 mentalem
1644 1004 1694 1046 ad
1711 1017 1778 1048 20.
1801 1005 1839 1045 &
1856 1020 1922 1058 30·
1947 1020 2071 1048 annos
2093 1006 2292 1052 distulerit
2309 1039 2320 1051 .

1459 1062 1585 1119 Quod
1619 1063 1657 1104 in
1682 1065 1794 1106 Loco
1810 1063 1940 1105 Castri
1967 1063 2114 1107 Delfini
2152 1068 2316 1123 quidam
2329 1072 2430 1114 Ric-

1398 1122 1658 1172 cardi,unus
1680 1122 1902 1177 primarum
1917 1149 1932 1172 ,
1962 1124 2002 1164 δι
2025 1126 2150 1179 magis
2173 1127 2342 1171 divitum
2365 1132 2440 1173 Fa-

1402 1181 1604 1223 miliarum
1626 1180 1707 1223 loci
1736 1209 1752 1232 ,
1781 1181 1819 1222 in
1840 1182 1982 1223 mortis
2009 1195 2140 1238 agone
2169 1186 2434 1242 constitutus,

1397 1239 1439 1280 in
1456 1239 1636 1281 manibus
1656 1241 1702 1282 P.
1721 1239 1908 1282 Marcelli
1934 1240 1955 1281 ἐ
1972 1244 2113 1284 Monte
2131 1245 2279 1298 Regali
2295 1250 2438 1303 Capu-

1394 1297 1506 1349 cini,
1538 1297 1634 1339 inibi
1661 1297 1919 1350 Miffionarii,
1943 1297 2048 1343 suam
2075 1301 2324 1357 abjuraverit
2360 1312 2435 1350 Se-

1394 1359 1501 1398 &am
1525 1383 1540 1404 ,
1587 1354 1700 1409 cujus
1738 1358 1899 1399 Coniux
1932 1359 2064 1412 postea
2089 1363 2247 1416 pariter
2278 1364 2327 1407 ad
2367 1368 2438 1410 Fi-

1394 1414 1490 1456 dem
1508 1417 1727 1457 Romano·
1743 1416 2000 1459 Catholicam
2017 1417 2056 1462 se
2081 1422 2320 1476 convertit3

1455 1474 1578 1532 Qod
1603 1473 1763 1516 duobus
1789 1476 1904 1516 annis
1920 1477 2031 1529 prius
2062 1480 2217 1532 pariter
2247 1482 2332 1524 duo
2359 1483 2429 1528 alii

1397 1531 1478 1574 loci
1510 1534 1550 1574 la
1585 1535 1702 1574 Torre
1730 1535 1986 1588 nuncupati,
2017 1536 2162 1580 Castro
2188 1538 2339 1582 Delfini
2373 1543 2435 1585 vi-

1397 1590 1508 1637 cini,
1527 1590 1690 1632 haerefin
1710 1592 1884 1633 nativam
1908 1592 2159 1648 ejuraverint
2178 1624 2192 1647 ,
2221 1599 2261 1640 &
2286 1601 2338 1642 fic
2353 1600 2434 1643 dis-

1396 1649 1504 1691 curri
1533 1661 1654 1704 queat
1682 1648 1732 1692 de
1762 1650 1849 1691 aliis
1875 1651 2124 1696 Miffionibus
2152 1683 2166 1706 ‚
2211 1657 2248 1699 in
2284 1659 2433 1715 quibus

1395 1706 1597 1750 incolatus
1615 1707 1952 1751 Missionariorum
1967 1711 2213 1756 necessarius
2228 1716 2283 1758 est
2297 1718 2346 1761 ad
2357 1733 2428 1762 oc·

1396 1766 1554 1808 cultum
1582 1765 1778 1808 haereseos
1793 1768 1925 1810 senten
1939 1770 2230 1815 eradicandum
2246 1803 2259 1824 ‚
2296 1768 2362 1819 vel
2380 1777 2432 1821 ad

1395 1824 1721 1868 conservandum
1748 1855 1763 1876 ‚
1796 1827 1864 1880 qui
1894 1828 2095 1885 hucusque
2119 1831 2322 1877 colleaus
2346 1837 2434 1889 est,

1395 1879 1752 1934 frustum,attento
1767 1885 2078 1943 periculo‚quod
2094 1899 2163 1932 aut
2177 1893 2230 1934 ob
2246 1894 2432 1944 viciniam

1395 1939 1577 1984 locorum
1596 1941 1876 1984 haereticorum
1893 1971 1908 1995 ‚
1941 1957 2008 1987 aut
2030 1951 2318 1996 commercium
2333 1967 2427 1997 cum

1395 1999 1442 2043 iis
1457 2000 1599 2044 subest.

1446 2064 1497 2103 ,ln
1516 2060 1819 2117 Congregatione
1834 2065 2020 2106 Gener-ali
2041 2063 2267 2125 babitasub
2282 2071 2345 2113 dt‘e
2358 2074 2428 2115 28.

1392 2120 1579 2162 Novemb.
1596 2133 1671 2172 174
1682 2134 1712 2162 ι.
1729 2119 2088 2180 reliriptumfuit:

1450 2178 1657 2219 scribatur
1683 2182 1734 2220 R.
1756 2181 1795 2219 P.
1815 2183 1867 2220 D.
1896 2183 2069 2222 Mcrlino
2093 2185 2247 2227 Nuntio
2264 2177 2429 2246 Aposto-

1390 2236 1463 2281 lico
1478 2239 1702 2279 Tauream}-
1718 2237 1773 2277 ad
1786 2237 1970 2294 sormam
1996 2240 2174 2296 Epistola·
2188 2248 2318 2290 sacre
2334 2255 2427 2293 Con.

1385 2294 1721 2352 gregationisfhb
1736 2295 1797 2336 die
1816 2308 1877 2344 15.
1899 2299 2049 2341 Martii
2071 2304 2190 2350 1728.
2216 2308 2427 2366 transmis·

1375 2353 1440 2413 sc
1458 2354 1746 2415 Arcbiepfiopo
1768 2357 1975 2398 Taurinen.
2002 2358 2055 2408 ὠ·
2087 2361 2267 2417 Epistopo
2293 2367 2423 2421 Iporc-

1388 2412 1514 2468 dt’ensl
1546 2427 1635 2456 cum
1661 2414 1897 2455 indicatione
1925 2418 2085 2459 Decrcti
2125 2430 2165 2467 5.
2193 2424 2424 2478 Septembris

1393 2484 1470 2521 170
1481 2485 1511 2512 ι.
1533 2472 1819 2527 &iniungendo
1831 2502 1844 2523 ,
1861 2476 2022 2517 Sacram
2039 2481 2425 2535 Congregationem„

1382 2530 1588 2589 censiuffli,
1618 2533 1686 2572 PP.
1717 2530 1929 2584 Capucinos
1964 2539 2259 2580 manutenenda
2286 2542 2355 2599 ff'
2378 2544 2422 2587 in

1378 2590 1600 2647 poffe'stmne
1622 2590 1815 2643 Miſsiom‘s
1835 2619 1849 2641 ,
1875 2605 1940 2632 nec
1953 2593 2023 2650 ψ
2049 2597 2170 2638 locum
2184 2599 2420 2644 moderatio-

1385 2651 1431 2693 m·
1448 2648 1761 2705 privilegiorum
1787 2651 1926 2703 petita·
1953 2651 2004 2692 ab
2032 2654 2210 2712 Epifiopo
2225 2660 2416 2705 salutien-

1617 2710 1664 2754 R.
1681 2707 1885 2756 A-Card.
1899 2709 2057 2754 Carflffa
2074 2714 2248 2757 Ponens.

1393 2794 1639 2858 TA.

304 2886 490 2937 Epistulam
501 2884 612 2944 Sactae
623 2883 947 2945 congregationis:
971 2885 1125 2942 adfuius
1137 2883 1517 2943 formam-illustrissimo
1534 2883 1689 2920 Domino
1707 2871 1848 2922 Nuntio
1862 2888 2070 2935 Apostolico
2083 2895 2234 2934 Taurini
2263 2910 2328 2947 pm
2349 2901 2417 2941 fin,

386 2935 518 2974 causae,
534 2934 596 2969 diu
620 2935 702 2969 alias
717 2961 726 2976 ,
752 2934 787 2970 8<
813 2933 943 2969 fervide
971 2943 1106 2978 agitatae
1121 2957 1133 2976 ,
1156 2932 1427 2980 rescribijussum
1451 2932 1525 2975 est,
1551 2930 1646 2968 fimul
1670 2928 1705 2970 ἃ
1735 2934 1944 2980 Decretum,
1971 2940 2068 2984 quod
2089 2943 2249 2990 Epistola
2274 2948 2423 2997 ,djungj

386 2984 530 3023 debuit,
555 2981 677 3020 videsis
705 2982 846 3028 primam
858 2979 917 3016 fol.
934 2992 1017 3027 400.
1032 2983 1066 3019 8<
1082 2983 1264 3018 secundum
1288 2983 1351 3019 fol.

383 3032 447 3073 fuit
473 3033 508 3069 &
536 3031 655 3069 eodem
683 3031 738 3067 die
759 3031 889 3068 editum
917 3053 930 3075 ,
954 3031 1049 3081 quod
1074 3029 1227 3079 sequitur
1245 3055 1255 3067 .

1364 2981 1720 3051 401.Consequenter
1745 2994 1857 3020 autem
1882 2986 1926 3023 ad
1952 2986 2146 3035 hujusmodi
2174 2994 2418 3045 Rescriptum,

705 3143 928 3200 Decretum
958 3150 1090 3202 Sacrae
1106 3153 1448 3223 Congregationis
1475 3152 1524 3201 de
1556 3111 1827 3222 Propaganda
1857 3154 1965 3205 Fide
1983 3194 1995 3208 .

1063 3260 1072 3277 Ι

909 3295 911 3298 ’
979 3282 1139 3326 Habita·
1160 3283 1222 3325 die
1248 3286 1316 3328 28.
1347 3279 1578 3323 Novembris
1616 3294 1737 3336 1741.
2366 3325 2370 3333 ,

384 3344 508 3382 Relnrn
534 3354 593 3391 per
609 3342 722 3380 Emin.
737 3343 769 3377 &
788 3340 1116 3379 Reverendiffimum
1143 3342 1333 3379 Dominum
1354 3340 1402 3377 D.
1416 3338 1635 3377 Cnrdinalem
1655 3341 1892 3379 Alexandrum
1910 3343 2083 3383 Albanum
2110 3345 2206 3384 causa
2224 3342 2357 3391 Ταυῑῐῃ

285 3390 481 3430 Miffionum
497 3392 696 3435 Pancalerii,
713 3390 803 3427 inter
819 3389 1010 3425 Dominum
1021 3390 1126 3437 Joan.
1141 3391 1351 3428 franciscum
1367 3388 1498 3438 Agosta
1513 3412 1524 3430 ‚
1541 3389 1727 3426 plebanum
1740 3391 1946 3429 Parochialis
1960 3393 2111 3432 Ecclesia
2124 3390 2206 3434 dieu
2235 3401 2304 3438 loci
2323 3370 2417 3443 Paeti,

284 3442 422 3482 castrii,
445 3447 477 3478 δι
495 3443 563 3480 ΡΡ.
578 3439 778 3488 Ρπςῖεξὶιιω
792 3462 800 3476 ,
831 3438 865 3473 &
880 3438 1109 3477 Miffionnrios
1135 3439 1280 3476 Ordinis
1306 3438 1482 3474 Minorum
1492 3436 1754 3483 Capucinorum
1773 3439 1947 3477 Misslorus
1970 3441 2115 3488 ejusdem
2140 3446 2235 3491 loci,
2263 3448 2337 3488 Ε’-Ε,
2352 3428 2416 3491 Ρ...-

285 3498 353 3525 tres
363 3493 494 3527 mature
519 3490 687 3538 perpensa
710 3487 925 3529 rationibus,
950 3487 985 3523 &
1006 3487 1142 3534 juribus
1170 3487 1347 3535 utriusque
1377 3486 1502 3532 pards,
1527 3486 1747 3523 decreverunt
1773 3489 1892 3526 Patres

1912 3489 2110 3536 Capuctnos
2126 3495 2318 3536 Paucalerii
2341 3512 2415 3540 ma-

282 3540 498 3596 nutenendos
523 3539 645 3598 effe-in
655 3536 862 3597 poffessione
875 3535 1074 3593 Missionis,
1098 3537 1220 3574 debere
1243 3546 1353 3595 tamen
1369 3536 1400 3571 se
1420 3535 1590 3572 abstinere
1615 3536 1636 3571 A
1649 3534 1880 3574 funffionibus
1893 3536 2168 3588 parochialibus,
2194 3546 2322 3594 absque
2343 3550 2407 3588 Β..

282 3588 404 3628 recht,
429 3590 484 3625 vel
501 3588 759 3636 Atclnepiscopi
773 3587 937 3642 licentia:
963 3596 1026 3620 nec
1038 3587 1158 3622 Sacras
1181 3585 1375 3623 functiones
1397 3584 1519 3620 eodem
1533 3594 1685 3630 tempore
1703 3595 1880 3631 peragant,
1907 3597 1978 3632 quo
1994 3587 2166 3628 parochus
2177 3605 2235 3631 eas
2257 3599 2414 3636 celebra·

279 3645 318 3671 re
330 3637 413 3672 solet
429 3647 491 3684 pro
504 3640 624 3687 populi
641 3634 908 3675 commoditate.
937 3635 1065 3670 Datum
1080 3635 1201 3673 Romae
1225 3647 1271 3674 ex
1292 3634 1419 3673 aedibus
1439 3632 1588 3683 ejusdem
1602 3633 1715 3673 Sacra
1739 3633 2033 3680 congregationis
2053 3638 2132 3684 die,
2159 3644 2194 3679 ει
2219 3656 2310 3682 anno
2331 3637 2410 3696 qui-f

281 3683 346 3722 bus
367 3686 479 3734 Supra
493 3710 504 3724 .

705 3735 759 3787 V.
800 3733 926 3785 Card.
957 3733 1098 3786 ‘Petra
1128 3732 1258 3805 Praef

2221 3814 2356 3870 PRO&
