2710 4108
383 238 553 322 390

451 383 666 445 Numerat
697 383 853 434 Domos
881 382 1078 433 Fratrum
1103 398 1212 436 ΧΠ.

590 454 836 521 Mifflones
865 453 1039 513 flabiles
1079 473 1152 521 rx.

590 526 788 594 Hospitia
812 539 889 591 pro
927 523 1224 574 itinerantibus
1259 542 1321 575 vr
1336 543 1378 575 ι.

587 594 878 658 monstier-ia
901 592 1180 657 monialium
1214 613 1234 646 x
1248 613 1289 655 ι,

1088 206 1646 305 Provincia

309 920 641 979 Monasterium
657 957 672 981 ,
688 921 884 977 Abbatia
915 936 1227 991 nuncupatum
1242 958 1256 977 ,
1290 922 1340 974 ἃ

379 996 425 1044 in
453 992 792 1044 commendam
819 992 1051 1045 Cardinali
1071 992 1341 1044 Vastavillav

378 1080 441 1118 no
456 1060 709 1116 concessum
727 1098 743 1120 ‚
778 1063 1011 1115 Fratribus
1031 1079 1113 1128 pro
1140 1061 1339 1117 constru-

379 1138 529 1188 &ione
548 1132 814 1198 Conyentfis
829 1135 875 1183 in
892 1134 994 1192 loco
1013 1134 1210 1190 Pinaroli
1240 1150 1336 1202 per·

377 1207 524 1264 mittit
541 1236 556 1262 ᾳ
1248 1207 1251 1211 ¹

304 1394 841 1451 GREGORIUS
895 1394 1121 1443 PAPA
1173 1395 1327 1450 XIII,

479 1540 549 1584 Ad
560 1546 794 1596 perpetuam
816 1540 877 1581 ret
901 1539 1124 1587 memoriam
1137 1565 1149 1578 .

450 1687 566 1739 Uper
596 1698 670 1740 pro
689 1694 804 1739 parte
820 1684 1070 1727 Dilectorum
1093 1684 1327 1727 Filiorum..

464 1742 774 1793 Univerfitstis,
804 1744 1073 1788 &Hominum
1097 1744 1233 1786 Terrae
1260 1742 1329 1787 Pi-

298 1800 449 1850 naroli,
464 1801 609 1845 nullius
624 1799 921 1851 Dioecefis5sub
944 1799 1219 1856 jurisdictione
1243 1803 1331 1843 Mo-

300 1858 664 1910 nasterii‚Abbatiae
679 1860 897 1914 nuncupati
916 1863 955 1903 S.
976 1859 1108 1901 Mariae
1124 1873 1249 1916 prope
1264 1887 1278 1910 ,
1294 1861 1332 1900 &

299 1924 417 1959 extra
432 1931 563 1960 muros
580 1917 693 1959 dit‘tae
706 1918 976 1968 terrae,Nobis
990 1917 1172 1959 exhibita
1189 1918 1332 1972 petitio

295 1975 554 2024 continebat,
567 1975 674 2030 quod
689 1975 754 2029 ipfi
769 1977 833 2032 pia
844 1975 1063 2018 devotione
1078 1975 1186 2017 ducti
1207 1989 1326 2018 unam

295 2035 475 2079 Domum
501 2034 666 2076 Ordinis
693 2036 881 2080 Fratrum
901 2038 940 2076 S.
958 2031 1159 2081 francisci
1189 2034 1327 2077 Mino-

293 2106 388 2134 r-um
401 2093 706 2147 Capucinorum
722 2101 1067 2146 nuncupatorum,
1082 2091 1120 2132 in
1138 2107 1214 2148 qua
1231 2094 1330 2140 Fra-

293 2161 379 2201 tres
405 2149 523 2206 ipsius
551 2151 715 2192 Ordinis
764 2150 893 2193 saeculi
925 2147 1130 2207 fugientes
1160 2153 1328 2205 abrupta

292 2211 364 2258 sub
393 2209 669 2265 Regularibus
706 2207 883 2263 ejusdem
921 2207 1087 2249 Ordinis
1126 2210 1320 2251 Institutis

289 2267 435 2325 poffint
462 2271 699 2323 perpetuum
726 2267 922 2310 Altiffimo
942 2266 1125 2321 praebere
1151 2266 1320 2310 famula-

292 2325 451 2377 tum,ad
465 2326 591 2368 divini
608 2326 778 2368 nominis
793 2326 980 2382 gloriam,
996 2325 1218 2379 Religionis
1233 2341 1324 2382 pro-

290 2386 577 2441 pagationem,
608 2386 647 2426 &
672 2385 889 2427 animarum
903 2383 1072 2425 salutem
1090 2386 1126 2426 in
1154 2385 1247 2426 loco
1270 2384 1320 2427 ad

287 2444 330 2486 id
361 2453 597 2499 opportuno
621 2442 866 2489 constituere
890 2440 1146 2487 defiderant.
1179 2446 1319 2508 Qare

288 2513 371 2545 tam
387 2516 460 2555 pro
477 2511 593 2557 parte
609 2501 889 2544 Univerfitatis
903 2530 919 2551 ‚
950 2502 989 2543 &
1005 2499 1204 2548 hominum
1220 2516 1318 2558 prae-

284 2561 486 2608 cli-{iorum
505 2588 520 2608 ,
551 2573 664 2615 quam
685 2559 833 2602 Dilecti
857 2558 947 2609 Filii
977 2559 1097 2610 nostri
1112 2561 1285 2616 Philippi
1301 2586 1316 2609 ,

284 2623 327 2663 S.
343 2619 477 2661 Mariae
499 2621 626 2661 Novae
645 2617 814 2660 Diaconi
829 2616 1061 2661 Cardinalis
1077 2618 1316 2661 Vastavilla-

283 2677 325 2720 ni
345 2677 577 2731 nuncupati,
593 2676 712 2718 nostri
728 2673 944 2718 secundum
963 2689 1127 2719 carnem
1143 2692 1190 2720 ex
1206 2678 1317 2719 soro-

282 2750 331 2786 re
346 2736 522 2789 Nepotis
541 2763 555 2786 ,
586 2736 653 2790 quvi
681 2735 970 2786 Monasterium
1003 2735 1234 2790 praedit‘tum
1267 2749 1316 2779 ex

282 2793 578 2845 Conceffione,
604 2795 644 2834 δε
670 2791 961 2847 dispensatione
978 2793 1209 2848 Apostolica
1239 2794 1313 2837 in.‚

281 2853 577 2903 Commendam
604 2852 652 2893 ad
679 2851 761 2907 ejus
777 2853 898 2896 vitam
913 2853 1221 2904 obtinet,Nobis
1238 2853 1314 2905 fuit

282 2911 495 2954 humiliter
519 2910 815 2965 supplicatum,
833 2922 1026 2965 quatenus
1043 2910 1192 2953 eisdem
1213 2914 1314 2954 Uni-

280 2970 459 3013 versitati
474 2999 488 3021 ,
518 2972 555 3011 &
570 2970 799 3011 hominibus
816 2969 979 3011 domum
1003 2967 1205 3025 praefatam
1222 2985 1311 3012 cum

278 3029 459 3071 Ecclesia
474 3059 490 3079 ,
515 3028 728 3082 campanili
751 3028 1131 3085 humili,campana,
1157 3043 1312 3072 coeme-
1333 3038 1335 3041 ’

280 3089 389 3130 terio
403 3118 418 3141 ,
448 3086 694 3130 dormitorio
710 3115 724 3137 ,
748 3085 961 3129 refec‘iorio
974 3117 986 3137 ,
1003 3085 1193 3134 claustro,
1215 3090 1310 3129 hor-

277 3156 324 3191 to
339 3174 354 3198 ,
370 3145 587 3192 hortalitiis
601 3173 614 3195 ,
637 3147 677 3195 ᾅι
692 3146 777 3186 aliis
792 3143 1013 3193 necessariis
1027 3145 1194 3193 officinis
1208 3160 1307 3197 con-

278 3205 371 3248 strui
395 3202 586 3254 faciendi,
601 3203 807 3251 licentiam
829 3204 1059 3252 concedere
1072 3233 1087 3254 ,
1102 3205 1143 3245 &
1165 3204 1276 3246 illam
1290 3232 1305 3256 ,

274 3265 479 3320 postquam
508 3263 728 3305 constructa
755 3260 905 3312 fuerit,
937 3263 976 3304 in
1006 3261 1181 3304 Domum
1205 3259 1306 3305 Fra-'

272 3331 383 3365 trum
409 3322 573 3365 Ordinis
604 3321 863 3365 S-Francifci
893 3322 1096 3363 Minorum
1122 3322 1302 3377 Capuci·

274 3394 420 3424 norum
432 3379 842 3435 nuncupatorun1‚sub
866 3378 1125 3423 invocatione
1140 3384 1180 3423 S.
1197 3383 1300 3423 Lau-

272 3442 396 3482 rentii
415 3469 428 3493 ,
454 3440 512 3482 ita
525 3438 636 3494 quod
659 3438 700 3481 in
725 3452 772 3484 ea
785 3447 982 3496 perpetuo
997 3439 1134 3496 vigere
1147 3439 1299 3486 debeat

270 3498 491 3554 Regularis
506 3498 771 3543 Observantia
788 3495 883 3537 dieti
899 3497 1064 3539 Ordinis
1090 3496 1303 3541 secundum

270 3556 356 3613 ejus
367 3554 587 3612 Regularia
610 3557 785 3600 instituta
799 3555 971 3605 statuere
985 3583 999 3606 ,
1029 3557 1069 3597 δι
1083 3555 1273 3599 ordinare
1287 3585 1301 3606 ,

269 3616 445 3672 aliasque
472 3615 511 3655 in
536 3614 728 3669 praemiffis
742 3615 967 3671 opportune
987 3614 1223 3669 providere,
1243 3616 1297 3659 de

268 3676 531 3733 Benignitate
557 3672 788 3729 Apostolica'
808 3671 1092 3727 dignaremur.
1118 3676 1203 3715 Nos
1220 3675 1295 3730 igi·

269 3746 359 3785 tur,
377 3734 443 3789 qui
458 3733 507 3775 ad
524 3746 570 3775 ea
588 3758 601 3780 a
619 3747 702 3786 quae
718 3731 945 3786 Religionis
960 3733 1293 3787 propagationem

268 3794 306 3837 in
321 3794 448 3840 divini
463 3792 595 3843 cultus
610 3802 872 3848 augmentum
885 3801 1154 3843 concernunt,
1166 3805 1293 3848 quan-

1399 930 1483 966 tum
1510 923 1638 967 Nobis
1666 936 1716 965 ex
1742 922 1828 965 alto
1844 922 2121 978 permittitur,
2150 923 2287 966 nostrae
2315 923 2436 966 beni-¹

1399 982 1562 1036 gnitatis
1587 995 1708 1032 aures
1725 980 1905 1032 libenter
1921 981 2261 1034 accomodamus,
2295 981 2446 1038 huju-th.

1397 1040 1509 1090 modi
1537 1039 1894 1096 supplicationibus
1907 1039 2120 1091 inclinati,
2152 1053 2306 1083 necnon
2331 1041 2442 1083 con-⁴}

1396 1098 1733 1154 templationibus
1759 1098 1897 1141 dilecti
1922 1098 2011 1140 Filii
2039 1097 2200 1140 Nobilis
2229 1098 2317 1155 eri
2338 1094 2450 1139 Ena-'-

1395 1157 1587 1207 manuelis
1600 1156 1813 1200 Philiberti
1827 1185 1840 1208 ,
1855 1155 2061 1205 sabaudiae
2077 1159 2225 1209 Ducis,
2242 1155 2432 1214 eisdem.»

1395 1214 1656 1260 Univerfitati
1670 1244 1684 1266 ,
1715 1217 1755 1257 ἃ.
1769 1216 2009 1258 Hominibus
2026 1217 2202 1258 Domum
2226 1209 2430 1271 praefatam

1391 1288 1485 1319 cum
1513 1273 1721 1324 Ecclesia,
1748 1274 1960 1329 campanili
1984 1272 2124 1316 humili
2153 1303 2168 1326 ,
2201 1279 2429 1330 campana,

1389 1332 1634 1382 coemeterio
1647 1362 1662 1385 ,
1678 1330 1898 1388 refectorio
1912 1361 1926 1383 ‚
1947 1331 2121 1375 claustro
2135 1361 2148 1383 ,
2165 1333 2288 1375 horto
2303 1361 2318 1383 ,
2331 1334 2431 1375 hor-

1387 1390 1529 1438 talitiis
1543 1419 1558 1442 ,
1588 1391 1628 1432 &
1642 1391 1731 1438 aliis
1749 1388 1977 1433 necessariis
1999 1389 2168 1433 officinis
2187 1391 2428 1435 construen-

1387 1449 1429 1491 di
1454 1449 1690 1496 licentiam,
1715 1450 1754 1492 &
1770 1447 2258 1504 facultatem,Apostolica
2276 1451 2428 1491 Aueto-
2494 1507 2497 1510 ἢ
2554 1459 2558 1462 ’

1385 1509 1674 1560 ritate,tenore
1684 1507 1934 1563 praesentium
1948 1508 2430 1558 concedimus‚Domum-'

1385 1580 1467 1622 que
1484 1564 1684 1621 pra-fuam
1702 1595 1717 1615 ,
1739 1565 1946 1621 postquam
1963 1565 2183 1607 construfia
2209 1563 2334 1607 fuerit
2349 1594 2364 1616 ,
2383 1565 2422 1607 in

1389 1628 1564 1667 Domum
1578 1624 1742 1666 Ordinis
1772 1623 1945 1678 praedicni
1971 1624 2038 1665 sub
2067 1624 2324 1667 invocatione
2346 1625 2423 1665 hu-

1388 1682 1557 1741 jusmodi
1573 1683 1764 1739 erigimus
1779 1712 1795 1733 ‚
1829 1684 1882 1727 ita
1895 1681 2000 1735 quod
2024 1682 2063 1726 in
2086 1697 2132 1724 ea
2148 1683 2347 1737 perpetuo
2361 1682 2424 1724 vi-

1390 1755 1487 1797 gere
1502 1742 1645 1791 debeat
1662 1741 1880 1797 Regularis
1894 1741 2162 1789 Observantia
2183 1740 2278 1783 dicti
2297 1739 2422 1783 Ordi-

1391 1801 1450 1842 nis
1468 1797 1680 1843 secundnm
1695 1800 1805 1841 illius
1822 1798 2026 1856 regularia
2044 1800 2217 1851 instiruta
2235 1828 2249 1851 ,
2281 1799 2419 1858 statui-

1393 1872 1480 1901 mus
1499 1887 1512 1910 ,
1542 1860 1578 1900 &
1593 1859 1827 1900 ordinamus
1844 1887 1854 1899 .
1885 1858 2090 1916 roirca
2109 1858 2421 1905 venerabilibus

1394 1917 1599 1959 Fratribus
1619 1916 1939 1972 Archiepiscopo
1965 1916 2195 1959 Taurinenfi
2212 1943 2226 1966 ,
2256 1918 2295 1959 δι
2322 1916 2421 1971 Epi-

1388 1977 1508 2033 scopo
1534 1977 1720 2019 Lauden.
1749 1975 1880 2017 nostro
1905 2005 1920 2024 ,
1961 1974 2001 2016 &
2033 1975 2269 2030 Apostolicae
2299 1975 2417 2018 Sedis

1385 2034 1489 2090 apud
1506 2035 1664 2083 Ducem
1681 2034 1889 2081 Sabaudiae
1902 2035 2058 2075 Nuntio
2073 2046 2088 2085 3
2117 2035 2158 2074 &
2173 2034 2332 2076 Dilefio
2348 2034 2416 2075 121-

1389 2093 1445 2135 lio
1463 2090 1688 2138 Causarum
1700 2094 2017 2141 CuriaeCamerae
2028 2091 2261 2147 Apostolicae
2273 2095 2415 2135 Gene-

1388 2151 1463 2193 rali
1479 2152 1674 2194 Auditori
1700 2165 1774 2208 per
1793 2148 2004 2206 praesentes
2025 2150 2316 2192 committimus
2330 2180 2343 2201 ,
2373 2151 2415 2192 &

1387 2209 1624 2260 mandamus
1641 2236 1655 2257 a
1687 2212 1888 2265 quatenus
1911 2208 2000 2264 ipsi,
2022 2209 2089 2250 vel
2105 2211 2208 2259 duo,
2223 2218 2290 2251 aut
2308 2222 2413 2252 unus

1379 2283 1517 2311 eorum
1529 2282 1600 2325 per
1626 2266 1695 2318 se,
1727 2267 1793 2309 vel
1815 2264 1968 2317 alium,
1999 2264 2070 2309 seu
2082 2268 2208 2320 alios,
2233 2268 2299 2309 ubi
2324 2296 2338 2318 ,
2369 2268 2411 2310 &

1384 2329 1544 2383 quando
1570 2326 1782 2381 expediri,
1811 2328 1852 2367 &
1876 2325 2035 2379 quoties
2055 2340 2128 2381 pro
2149 2339 2263 2381 parte
2277 2327 2410 2368 dicto-

1386 2401 1473 2429 rum
1490 2384 1771 2429 Universnatis
1785 2415 1800 2435 ,
1813 2388 1849 2426 &
1865 2385 2086 2427 Hominum
2104 2383 2257 2427 fuerint
2272 2386 2411 2442 requi·

1379 2444 1438 2488 sni
1453 2474 1467 2498 ,
1485 2444 1598 2495 eisin
1615 2443 1811 2500 praemiffis
1833 2443 2005 2494 efficacis
2029 2441 2267 2489 defentionis
2282 2445 2412 2499 praefi-

1378 2503 1448 2547 dio
1464 2502 1680 2546 assistentes
1697 2531 1712 2553 ,
1743 2500 1893 2550 faciant
1918 2503 2158 2544 auctoritate
2172 2502 2300 2544 nostra
2314 2501 2403 2544 eos-

1376 2562 1471 2603 dem
1488 2559 1824 2611 universitatem,
1840 2562 1876 2602 &
1893 2562 2092 2604 Homines
2109 2560 2307 2616 praemiffis
2318 2575 2405 2602 om·-

1376 2621 1517 2673 nibus,
1547 2622 1588 2662 δι
1614 2619 1774 2676 fingulis
1797 2619 1907 2676 juxta
1927 2620 2173 2674 praesentium
2191 2620 2404 2662 continene

1359 2679 1498 2728 tiam,
1525 2681 1565 2721 δι
1586 2687 1773 2722 tenorem
1802 2675 1968 2734 pacifice
1995 2678 2100 2727 frui,
2130 2680 2170 2723 δε
2187 2677 2366 2732 gaudere
2383 2706 2398 2730 ,

1376 2752 1423 2780 ac
1449 2737 1608 2787 easdem
1626 2739 1841 2794 praesentes
1857 2736 1998 2782 literas
2013 2767 2030 2788 ‚
2051 2739 2090 2778 &
2108 2738 2147 2787 in
2162 2738 2220 2780 eis
2235 2749 2403 2779 conten-

1375 2806 1416 2839 ta
1442 2810 1704 2852 quaecumquae
1732 2796 1930 2852 perpetuo
1955 2795 2250 2847 inviolabiliter
2266 2794 2402 2838 obser-

1376 2857 1491 2908 vari3
1525 2868 1603 2903 non
1632 2855 1920 2910 permittentes
1947 2869 2016 2897 eos
2036 2883 2049 2906 ,
2080 2869 2125 2896 ac
2141 2855 2240 2897 alios
2258 2884 2271 2906 ,
2300 2867 2399 2911 quos

1374 2914 1488 2973 dicia&
1513 2913 1918 2965 litem-concernunt
1934 2941 1948 2964 ,
1974 2921 2115 2955 contra
2147 2913 2311 2956 illorum
2339 2923 2397 2955 te·

1374 2966 1516 3041 nos*
1542 2984 1629 3028 'ptr
1653 2972 1923 3029 quoscumque
1945 2972 2253 3027 quomodolibet
2270 2972 2400 3015 mole-

1371 3030 1842 3085 fiar11‚·2eontradi&ores
1865 3030 2072 3087 quoslibet
2103 3059 2118 3082 ,
2155 3032 2193 3076 δε
2218 3029 2396 3074 rebelles

1358 3087 1445 3147 'per
1475 3089 1664 3133 censuras
1679 3118 1694 3142 ,
1715 3091 1754 3132 δι
1776 3104 1914 3145 poenas
1937 3088 2229 3140 Ecclefiassicas
2256 3116 2271 3140 ,
2302 3087 2397 3130 alia-

1365 3163 1445 3204 que
1457 3160 1684 3204 opportuna
1701 3147 1818 3205 juris,
1838 3150 1876 3199 &-
1892 3146 1982 3189 fasti
2001 3146 2199 3198 remedia,
2212 3145 2396 3202 appella—

1365 3207 1480 3250 tione
1491 3207 1718 3262 postpolita,
1734 3205 2052 3262 compescendo.
2086 3209 2181 3249 Non
2203 3206 2394 3248 obstanti-

1364 3267 1436 3308 bus
1450 3266 1819 3308 Constitutionibus
1833 3295 1848 3317 ‚
1877 3267 1917 3306 δι
1932 3264 2265 3307 Ordinationibus
2279 3265 2394 3319 Apo-

1362 3324 1511 3366 stolicis
1526 3352 1539 3375 ,
1570 3338 1618 3366 ac
1641 3323 1736 3365 dit‘ti
1759 3324 1926 3366 Ordinis
1951 3323 2204 3381 juramento,
2227 3320 2392 3364 Confir-

1360 3383 1538 3425 matione
1554 3381 1787 3438 Apostolica
1803 3411 1817 3432 ,
1848 3384 1914 3426 vel
1937 3382 2075 3438 quavis
2101 3378 2293 3427 firmitate
2309 3380 2392 3425 alia.

1358 3441 1564 3486 roboratis
1592 3441 1773 3491 statutis,
1789 3443 1828 3489 ὃς
1849 3438 2202 3487 consuetudinibus
2227 3449 2389 3483 contra-

1366 3501 1499 3542 trariis
1515 3501 1852 3556 quibuscumque.
1884 3501 1969 3542 Aut
1983 3528 1999 3550 ,
2011 3499 2038 3539 ss
2062 3496 2258 3553 aliquibus
2274 3513 2388 3540 com-

1363 3561 1542 3606 muniter
1562 3587 1576 3607 2
1608 3559 1674 3602 vel
1696 3559 1850 3601 divisim
1873 3558 1922 3600 ab
1943 3555 2175 3613 Apostolica
2205 3559 2252 3598 fit
2278 3556 2388 3600 Sede

1359 3617 1590 3670 indultum,
1614 3618 1723 3673 quod
1738 3614 1960 3667 interdici,
1993 3614 2203 3671 suspendi,
2235 3615 2300 3659 vel
2316 3630 2388 3657 ex-

1355 3678 1643 3720 communicari
1657 3690 1739 3718 non
1759 3675 1920 3731 poflint,
1933 3689 2006 3730 per
2021 3675 2198 3717 Litteras
2213 3674 2387 3729 Aposto-

1354 3733 1453 3777 licas
1470 3763 1484 3785 ,
1501 3750 1579 3777 non
1599 3733 1799 3779 facientes
1831 3735 1989 3790 plenam
2012 3763 2027 3784 ‚
2069 3735 2109 3773 &
2132 3733 2352 3788 expressam
2366 3762 2381 3786 ,

1353 3805 1399 3835 ac
1426 3794 1479 3838 de
1506 3796 1660 3848 verbo,
1691 3794 1741 3836 ad
1775 3795 1944 3850 verbum
1971 3791 2024 3836 de
2051 3790 2218 3846 indulto
2245 3790 2380 3846 hujus·

2247 3864 2329 3893 mo—
