2774 4068
1069 191 1147 278 S.
1188 192 1277 277 P.
1316 190 1841 311 Fran'ct‘scir

390 315 438 347 ac
454 304 681 351 Terrarum
693 301 965 359 adjacentium
979 332 994 355 ‚
1035 305 1288 364 aliorumque
1316 324 1414 365 pra:-

395 361 602 409 missorum
615 391 634 416 ,
647 365 689 406 δι
702 360 891 419 Judicum
905 374 1200 418 exequuturum
1221 381 1413 421 quorum-

386 434 559 480 cumque
585 421 765 467 veriores
792 429 953 463 tenores
981 422 1205 464 habeantur
1235 437 1311 477 pro
1335 439 1407 467 ex-

380 483 550 536 preffis,
571 477 639 523 seu
664 477 706 523 in
734 487 847 526 toto,
879 479 947 522 vel
974 490 1088 535 parte
1117 480 1287 535 exprimi
1317 481 1405 535 pos-

383 538 455 582 sint
476 538 518 581 in
543 535 702 588 literis,
724 537 765 579 δι
787 535 842 579 de
878 537 1073 587 licentia,
1116 538 1370 581 concessione
1385 567 1399 588 ,

380 597 546 652 aliisime
566 594 798 651 praemiffis,
828 604 872 638 ut
908 594 1055 653 supra,
1084 597 1124 637 &
1156 596 1263 653 quod
1302 612 1398 651 prae·

379 651 582 706 missorum
607 653 786 697 omnium
802 682 816 706 ,
842 653 1137 711 &singulorum
1154 656 1304 707 ,etiam
1338 657 1400 698 in-

174 717 362 768 Flat‚1=.
380 721 517 756 vocat.
541 711 794 756 denominat.
819 726 965 756 annex.
983 713 1159 771 qualiter
1182 726 1404 768 nuncupat.

188 1198 320 1234 Cen&
327 1218 339 1233 ο

379 770 635 828 aliorumque
663 770 975 816 necessariorum
1002 775 1156 829 major,
1198 773 1238 813 δι
1267 773 1399 814 verior

376 828 652 886 specificatio,
674 833 714 873 &
729 830 928 887 expressio
951 830 1039 874 fieri
1070 829 1183 887 poffit
1198 857 1212 880 ‚
1240 829 1278 870 in
1305 830 1398 873 lite·

375 888 431 932 ris
455 901 531 944 per
554 891 686 932 Breve
711 892 752 933 S.
766 892 816 934 V.
842 892 908 934 stu
933 889 1110 937 officium
1126 887 1288 931 minoris
1303 902 1397 944 gra-

381 946 446 990 tiae
468 947 687 1004 expedien.
1022 962 1026 966 ’

438 1008 591 1050 Dsstum
609 1009 750 1050 Romae
774 1008 882 1063 :pud
903 1011 1090 1053 Sanstum
1107 1010 1275 1050 Petrum
1295 1004 1396 1048 duo·

376 1064 540 1109 decimo
565 1065 770 1110 Kalendas
791 1069 971 1124 Januarii
998 1070 1120 1110 Anno
1147 1066 1317 1109 Tertio.

435 1186 590 1228 Parsa
622 1186 837 1229 Salvere.
868 1184 977 1242 Quia
1006 1186 1047 1225 in
1077 1183 1252 1226 districtu
1278 1183 1392 1226 Civi-

373 1244 470 1286 tatis
499 1245 776 1287 Interamnen-
801 1256 878 1285 una
906 1240 1071 1301 quidem
1089 1245 1242 1287 Domus
1267 1241 1392 1284 Ordi-

371 1301 432 1344 nis
462 1301 645 1343 Fratrum
670 1300 873 1345 Minorum
900 1300 1208 1358 Capucinorum
1237 1314 1390 1344 nuncu-

373 1367 590 1418 patorum,
620 1358 690 1403 illa
715 1370 853 1407 tamen
891 1363 944 1405 ab
981 1360 1156 1420 itinere,
1192 1359 1301 1419 quod
1340 1358 1391 1403 ad

1147 1493 1372 1560 NO-

1475 313 1633 356 Urbem
1660 311 1822 359 tendit,
1836 309 2000 354 nimium
2014 326 2166 362 remota
2181 319 2341 372 existit,
2369 238 2486 367 ἀζῐέὶῐ.

1472 384 1552 427 que
1578 371 1744 413 Fratres
1767 372 1808 411 in
1841 369 2000 424 praesata
2033 372 2214 420 Civitate
2240 379 2288 421 ad
2316 382 2483 438 Caupo-⁴

1469 442 1569 480 nas,
1593 428 1633 469 &
1659 426 1914 484 Hospitalis,
1939 437 2059 481 prout
2079 432 2115 472 in
2146 432 2323 487 superius
2340 443 2483 493 praein·

1466 486 1758 536 serta‚errore
1783 484 2007 541 expressum
2034 486 2116 536 est,
2143 489 2375 539 divertere:
2409 498 2478 541 sed

1461 543 1560 585 inibi
1591 545 1796 594 Domum,
1820 555 1866 585 ut
1891 542 1985 585 illac
2018 543 2269 589 transeuntes
2310 553 2480 609 hospitio

1460 600 1591 655 excipi
1628 600 1797 655 poffint‚
1828 613 1973 643 tenere
2000 612 2196 655 cogantur
2223 632 2234 643 .
2283 608 2479 662 Dignum·

1460 667 1679 714 propterea
1704 662 1744 701 S.
1761 661 1812 701 V.
1838 660 1976 702 literas
2002 659 2117 714 super
2140 659 2245 704 dic'ta
2274 667 2474 717 praeinser-

1466 726 1507 757 ta
1535 713 1832 768 conficiendas,
1862 716 2015 759 sublata
2059 718 2338 773 expreffione,
2369 727 2478 778 quod

1459 774 1500 815 in
1517 771 1693 815 districtu
1709 802 1724 825 ,
1752 775 1860 817 nulla
1880 777 2034 817 Domus
2059 775 2258 819 difflorum
2289 781 2478 825 Fratrum

1458 831 1618 881 existit,
1639 831 1831 888 quodque
1848 833 1970 876 iidem
1984 834 2149 877 fratres
2174 835 2222 878 ad
2240 839 2476 893 Cauponas,

1458 891 1497 931 &
1525 890 1747 945 Hospitalia
1776 891 1989 934 divertere
2003 903 2232 947 coguntur,
2250 895 2287 936 in
2315 897 2478 953 reliquis

1463 950 1565 992 vero
1581 948 1691 1004 juxta
1707 947 1882 1006 ejusdem
1910 948 2143 1004 praeinsertae
2163 953 2476 1007 continentiam,

1457 1009 1701 1051 &tenorem
1724 1007 1908 1064 expediri
1933 1009 2121 1052 mandare
2136 1023 2149 1051 ε
2165 1011 2363 1064 praemiffis
2382 1043 2397 1063 ,
2429 1028 2475 1055 ac

1459 1068 1644 1109 omnibus
1669 1066 1776 1118 illis,
1802 1079 1887 1121 quae
1918 1066 1956 1108 in
1990 1065 2069 1123 ipsa
2110 1068 2339 1122 praeinserta
2378 1085 2477 1112 con-

1457 1122 1556 1168 cessa
1575 1127 1664 1168 sunt
1688 1139 1767 1167 non
1796 1124 1977 1176 obstare,
2004 1125 2236 1182 ceterisque
2250 1127 2292 1170 in
2304 1139 2471 1171 contra·

1451 1185 1554 1227 rium
1585 1184 1730 1227 facien.
1757 1196 2012 1240 nequaquam
2044 1183 2195 1227 obstan.

1507 1300 1620 1356 Orig.
1637 1299 1681 1342 in
1698 1301 1818 1344 Arch-¹
1826 1313 1916 1357 gen.
1934 1301 2028 1345 Ord-
2046 1303 2234 1346 Armorio
2250 1304 2473 1348 Provincia

1453 1361 1494 1404 S.
1510 1363 1554 1404 Ρ.
1571 1358 1799 1403 francisci.

1459 1491 1708 1555 ΤΑ.

456 1644 535 1682 UM
561 1645 685 1686 Bulla3
709 1655 785 1692 qne
812 1645 903 1684 circa
924 1644 1105 1684 Ecclefiam
1128 1645 1168 1683 S.
1182 1643 1325 1682 Martini
1349 1646 1552 1681 interamnae
1570 1654 1648 1680 cum
1673 1639 1797 1680 Terris
1822 1642 2058 1688 adjacentibus
2083 1652 2146 1690 pro
2171 1653 2265 1678 nova
2291 1644 2409 1680 Domo
2426 1646 2475 1684 ibi

477 1694 707 1731 construenda
729 1694 938 1740 concessam,
960 1694 1024 1732 fuit
1037 1694 1226 1740 expedita,
1253 1693 1403 1730 adhibita
1424 1703 1638 1740 quacumque
1659 1689 1838 1734 diligentia
1862 1691 2007 1727 inveniri
2030 1703 2098 1727 non
2121 1691 2294 1739 potuerit,
2319 1691 2356 1726 in
2381 1693 2475 1730 illius

370 1741 466 1778 vices
488 1741 780 1790 supplicationem
795 1742 964 1792 ,desuper
983 1742 1239 1790 presentatam,
1263 1743 1299 1779 &
1324 1743 1375 1779 ab.
1393 1742 1469 1790 ipso
1504 1742 1649 1780 Summo
1682 1739 1850 1776 Pontitice
1885 1739 2107 1788 subscriptam
2127 1763 2137 1780 ,
2174 1739 2208 1776 in
2247 1740 2341 1777 illius
2383 1741 2475 1779 vices

369 1788 571 1828 substituere
585 1790 686 1828 volui
698 1815 711 1827 .

469 1841 507 1876 ln
529 1840 589 1876 hac
611 1839 707 1878 vides
732 1840 887 1883 schema,
912 1842 947 1878 δε
972 1839 1151 1879 formulam
1176 1839 1372 1889 hujusmodi
1389 1839 1716 1889 Supplicationum,
1740 1836 1945 1887 causamque
1963 1860 1977 1882 ,
2009 1837 2106 1885 quod
2131 1837 2180 1875 ha:
2205 1839 2249 1875 ab
2275 1837 2345 1885 ipsa
2374 1839 2475 1886 Papa

368 1899 470 1926 manu
490 1888 683 1933 signentur,
705 1890 843 1930 exbibet
867 1889 929 1928 tibi
957 1886 1124 1935 lsagoges
1147 1889 1255 1927 Tomi
1280 1889 1402 1936 primi,
1416 1890 1480 1926 fol.
1496 1900 1608 1925 xvrr.

466 1938 568 1974 Nota
603 1937 638 1972 in
673 1937 736 1976 hac
761 1938 907 1977 formula
932 1940 1108 1976 lateralem
1141 1937 1410 1986 supplicationis
1440 1935 1602 1987 synopsin
1634 1935 1858 1984 incipientem
1885 1947 1896 1970 ι
1933 1935 2092 1973 Licentia
2123 1935 2326 1973 concedendi
2359 1935 2475 1974 Ecclea

359 1986 443 2036 fiam
464 1985 537 2027 dre.
561 1996 639 2033 quar
661 1986 747 2024 olim
770 1987 854 2025 ideo
878 1988 1190 2037 supplicationibus
1223 1988 1374 2035 praeponi
1410 1987 1559 2025 solebat,
1589 1996 1630 2021 ne
1659 1986 1750 2030 Papa
1778 1993 1887 2020 totam
1913 1983 2014 2031 hujus
2041 1985 2216 2031 ambagem
2241 1990 2355 2031 legere
2378 1994 2477 2022 tene·

367 2046 484 2076 retur.
509 2034 546 2072 8<
571 2045 713 2072 econtra
751 2035 863 2083 primo
899 2035 995 2082 quast
1018 2036 1149 2078 intuitu
1174 2036 1341 2081 integram
1353 2037 1400 2073 rei
1426 2035 1542 2071 seriem
1570 2041 1766 2079 penetraret
1782 2056 1793 2068 .

464 2084 563 2121 Nota
586 2082 712 2132 pariter
739 2086 863 2123 verba:
891 2084 972 2124 Fiat
991 2095 1032 2122 ut
1048 2087 1184 2134 peritur
1205 2082 1243 2120 F.
1270 2085 1355 2122 Haec
1385 2082 1522 2132 propria
1549 2083 1647 2128 Papae
1670 2092 1771 2116 manu
1803 2081 1877 2116 sunt
1901 2091 2065 2124 exarata,
2090 2080 2323 2128 significatque
2347 2081 2472 2130 adjutu

365 2130 423 2168 &a
449 2131 494 2169 iis
519 2132 619 2169 litera
644 2130 681 2169 F.
703 2134 864 2174 Nomen,
889 2135 985 2183 quod
1002 2135 1092 2182 Papa
1117 2133 1353 2177 subscribens,
1376 2145 1440 2169 ceu
1463 2130 1659 2167 cardinalis
1686 2129 1850 2173 gerebat:
1875 2128 1910 2164 &
1938 2130 2149 2165 recordando
2175 2130 2318 2166 Si'xtum
2342 2133 2386 2165 V·
2406 2145 2473 2169 ceu

365 2180 586 2227 Religiosum
601 2206 612 2222 ‚
635 2181 671 2218 δε
701 2183 924 2219 Cardinalem
951 2193 1115 2220 vocatum
1143 2181 1237 2219 fnifl‘e
1262 2182 1409 2219 Felicem
1424 2206 1436 2224 ,

1461 2178 1689 2227 supradistam
1715 2175 2006 2226 supplicationem
2044 2179 2085 2213 ab
2107 2176 2182 2225 ipso
2207 2189 2346 2224 quoque
2370 2179 2467 2217 fuiffe

364 2227 524 2275 flgmtam
550 2230 741 2267 conclude.
769 2230 972 2277 Replicatur
993 2231 1028 2267 in
1053 2230 1122 2267 alia
1146 2230 1279 2268 laterali
1303 2227 1562 2278 supplicationis
1576 2236 1673 2276 parte
1687 2223 1767 2264 Fiat
1791 2223 1830 2262 F.
1847 2236 1887 2262 ut
1912 2225 2114 2270 materiam,
2140 2237 2241 2274 quam
2260 2227 2361 2265 afficit
2374 2253 2387 2275 ‚
2409 2241 2474 2266 ex.

367 2277 478 2325 presse
501 2289 643 2326 quoque
661 2278 859 2315 confirmari
873 2301 886 2321 ,
907 2280 965 2315 vel
990 2278 1148 2325 ampliari
1170 2287 1309 2326 pateat.

461 2328 555 2364 Nota
577 2326 724 2374 denique
745 2325 988 2364 correffionem
1003 2350 1016 2370 ‚
1035 2326 1120 2363 calci
1148 2325 1405 2374 supplicationis
1430 2324 1624 2373 adjunaam
1640 2347 1653 2369 ‚
1673 2334 1751 2361 cum
1774 2322 1865 2359 enim
1889 2322 2062 2359 motivum
2077 2334 2125 2360 ex
2146 2324 2246 2359 nullo
2272 2326 2472 2362 Interamnae

368 2374 566 2413 consistente
599 2375 862 2422 Capucinorum
897 2377 1089 2413 Conventa
1122 2373 1306 2412 adduaum
1329 2397 1342 2420 ,
1376 2374 1465 2411 haud
1501 2373 1690 2411 substiteret
1709 2397 1723 2417 ,
1761 2372 1879 2409 debuit
1914 2381 2008 2409 error
2030 2397 2047 2415 a
2073 2382 2137 2419 pro
2170 2372 2286 2419 gratiae
2310 2376 2468 2411 valor-2,

370 2424 497 2474 corrigi
510 2425 580 2460 ‚De
602 2424 663 2459 hac
691 2424 810 2459 Domo
831 2423 912 2462 vide
937 2423 1023 2460 infra
1043 2421 1109 2472 sol.
1128 2434 1203 2470 ¹¹7-

368 2586 518 2634 Situm
540 2600 648 2633 cum
682 2581 909 2642 Ecclesia,
938 2584 1190 2642 Oratorio,
1222 2602 1274 2650 ac
1291 2586 1391 2634 aliis

437 2652 654 2705 Officinis
684 2652 743 2704 ad
763 2651 1198 2717 Confraternitatem
1226 2658 1276 2704 S.
1293 2660 1388 2704 An·

435 2727 550 2776 tonii
569 2722 722 2777 Affifii
736 2721 1037 2791 sped'tantem‚
1060 2722 1290 2774 Fratribus
1306 2741 1390 2790 pro

433 2811 552 2844 nova
569 2797 727 2843 Domo
747 2795 807 2843 ibi
822 2793 1121 2844 construenda
1133 2793 1231 2843 dari
1247 2829 1262 2850 ,
1279 2792 1327 2844 ἃ
1344 2795 1391 2842 in

434 2864 567 2928 hujus
600 2862 1016 2931 compensationem
1044 2864 1173 2915 distas
1191 2860 1387 2914 Confra-

432 2934 633 2984 ternitati
668 2932 1027 2992 Monasterium,
1056 2933 1105 2986 &
1139 2931 1387 2984 Ecclesiam

434 3009 484 3056 S.
497 3003 753 3055 Catharinae
765 3003 951 3052 concedi
966 3039 986 3062 ,
1006 3003 1259 3056 ordinario
1275 3004 1387 3053 Loci

435 3076 714 3125 committit.

375 3185 593 3231 Venerabili
618 3185 763 3228 Fratri
787 3181 966 3239 Eps'stopo
988 3179 1156 3238 Affiss'en.
1167 3181 1246 3233 stu
1276 3179 1390 3224 Dite-

449 3244 508 3288 Ho
535 3244 640 3287 Filio
665 3243 745 3301 ejus
769 3239 1110 3343 &tezzanum
1143 3241 1291 3285 Vecan‘o

370 3392 842 3443 CLEMENS
900 3390 1150 3439 PAPA
1204 3387 1386 3440 vm.

378 3491 606 3535 Venerabilis
624 3493 769 3535 Frater
787 3520 800 3543 ,
810 3491 887 3547 stu
914 3486 1063 3529 Dim-‘le
1081 3487 1159 3529 Pil}
1173 3486 1388 3544 ψωμίσω,

541 3550 595 3602 &⁴
611 3548 866 3606 Apessolicam
893 3545 1189 3589 Benedietionem
1203 3574 1216 3587 .

371 3646 380 3653 “
472 3638 681 3693 Xpofitum
706 3638 834 3681 Nobis
862 3647 989 3691 nuper
1015 3633 1088 3674 suit
1127 3645 1202 3687 pro
1237 3630 1392 3688 parte)

501 3697 753 3742 Dilestorum
779 3696 969 3740 Filiorum
998 3690 1391 3741 communitatis‚&

373 3755 597 3857 Homipgtprnu
618 3756 812 3856 givitatis
840 3755 988 3799 Nostra:
1013 3750 1183 3795 Affifien.
1200 3750 1308 3807 quod
1324 3747 1391 3806 ipsi

1449 2581 1659 2640 cupientes
1684 2593 1833 2623 novum
1857 2578 2149 2622 Monasterium
2173 2581 2358 2622 Fratrum
2386 2583 2471 2623 Ca·

1447 2642 1686 2697 pucinorum
1714 2637 1845 2679 veteri
1861 2636 1997 2691 ,quod
2027 2650 2130 2678 nunc
2163 2637 2340 2687 habent,
2357 2651 2471 2678 corn-

1449 2698 1633 2747 modius,
1671 2696 1712 2735 &
1749 2694 1918 2736 Civitati
1958 2694 2145 2749 praedielae
2179 2695 2470 2750 propinquius,

1447 2771 1522 2814 pro
1545 2754 1709 2797 Civium
1735 2750 1927 2807 spirituali
1964 2750 2236 2795 consolatione
2277 2754 2471 2807 erigere,

1450 2815 1563 2857 situm
1588 2809 1803 2868 quemdam
1826 2810 1948 2851 muris
1972 2809 2264 2852 circumdatum
2285 2825 2375 2852 cum
2393 2813 2471 2852 Ec·

1445 2871 1564 2917 clefia
1582 2899 1597 2922 ,
1619 2868 1838 2918 Oratorio,
1862 2869 1900 2909 δι
1916 2867 2004 2909 aliis
2030 2867 2197 2910 officinis
2221 2869 2271 2912 ad
2295 2866 2469 2916 Confra-

1447 2930 1691 2974 ternitatem
1708 2926 1837 2971 saneti
1852 2927 2016 2969 Antonii
2033 2925 2209 2969 Affifien.
2226 2925 2468 2983 spec'tantcm

1447 3004 1520 3046 per
1552 2987 1701 3030 difflatu
1713 2983 2106 3028 Confraternitatem
2125 2983 2239 3040 ‚ipfis
2266 2987 2468 3027 Fratribus

1448 3045 1621 3092 concedi
1644 3040 1866 3093 curarunt,
1885 3043 1925 3083 δι
1947 3042 1984 3084 in
2010 3041 2374 3097 compensationem
2398 3040 2466 3096 ipsi

1448 3101 1784 3151 confrater-nitati
1824 3100 2061 3155 Capitulum
2102 3100 2361 3144 Cathedral³s
2391 3102 2469 3141 Ec-

1447 3164 1573 3208 clena:
1598 3159 1773 3204 Affifien.
1800 3157 2014 3216 quamdam
2048 3173 2188 3203 eorum
2219 3158 2468 3201 Ecclesiam,

1449 3222 1523 3266 sub
1548 3217 1802 3265 invocatione
1824 3220 1973 3261 Sancte
2000 3219 2257 3268 Catharinae,
2288 3218 2327 3257 &
2370 3215 2466 3257 dicti

1449 3277 1759 3326 eommunitas‚
1787 3277 1825 3318 δι
1848 3276 2045 3319 Homines
2062 3273 2470 3319 Monasteriumdielae

1449 3340 1635 3383 Ecclestae
1653 3336 1799 3379 SanCtae
1824 3335 2054 3377 Catharinae
2075 3334 2306 3389 contiguum
2322 3360 2336 3383 ‚
2360 3331 2469 3374 unde

1449 3397 1650 3441 nonnullae
1690 3391 1893 3435 Moniales
1938 3394 1993 3435 ibi
2040 3392 2236 3448 degentes
2286 3390 2337 3432 ad
2389 3390 2469 3433 alia

1445 3457 1636 3501 Civitatis
1671 3452 1861 3508 praedic'tae
1885 3451 2154 3502 Monasteria,
2180 3450 2471 3494 auctoritate-a

1449 3514 1679 3571 Apostolica
1718 3510 1916 3553 translata!
1958 3509 2151 3559 suerunt,
2183 3507 2251 3550 sub
2293 3507 2472 3559 Nostro,

1451 3574 1492 3615 δι
1518 3572 1633 3617 Sedis
1649 3568 1884 3625 Apostolicae
1897 3566 2153 3622 beneplacito
2167 3563 2443 3614 concesserunt
2459 3594 2472 3606 .

1451 3634 1556 3674 Cum
1584 3640 1719 3673 autem
1748 3636 1828 3670 tam
1847 3626 2153 3676 Communitas,
2181 3626 2219 3668 &
2248 3625 2471 3673 Homines,

1452 3690 1570 3744 quim
1592 3688 1714 3730 etiam
1745 3684 1925 3728 Dilet‘tus
1962 3683 2082 3727 Filius
2122 3686 2364 3728 Procurator
2388 3685 2474 3724 Ge-

1453 3747 1602 3791 neralis
1629 3745 1724 3800 dieti
1752 3742 1915 3787 Ordinis
1941 3744 2240 3799 Capucioorum
2263 3743 2469 3798 cupientes

1934 3802 1966 3844 P
2323 3812 2417 3841 con-
