2774 4068
370 247 540 305 222

1122 216 1653 306 Provincia

450 335 504 385 In
542 333 582 384 F
583 371 596 388 ,
617 333 860 392 Mchaele
886 337 1048 407 Angelo
1077 336 1130 386 ab
1162 335 1359 388 Arimino
1378 374 1393 396 ,
1429 357 1483 389 ex
1509 338 1642 387 nobili
1675 334 1930 389 Diotallevi
1956 337 2157 406 Progenie
2187 373 2203 397 ,
2238 341 2339 407 visa
2356 342 2460 409 ficit

308 414 355 458 'ea
388 424 523 457 rerum
549 408 795 476 agendarum
818 410 1041 476 prudentia
1055 444 1071 466 ,
1097 423 1144 456 uc
1161 408 1277 457 Ordo
1310 428 1388 458 non
1406 408 1546 476 filiam
1572 408 1702 477 ipsum
1719 421 1798 473 pro
1824 408 2057 458 traffandis
2080 411 2357 478 gravioribus
2391 431 2455 460 ne-

305 481 439 546 gotiis
473 478 533 528 ad
557 479 753 547 diversas
771 480 1025 534 Provincias
1046 478 1338 548 Commiffitriii
1366 480 1615 530 auHoritase
1641 478 1910 545 ablegaverit
1929 516 1945 538 ,
1967 483 2122 531 verum
2147 486 2271 531 etiam
2306 479 2458 530 Procu-

95 558 292 640 51241·ιᾷὗῶ
308 552 464 599 ratoris
480 549 700 601 Generalis
731 570 893 602 munere
907 550 1200 602 honestaverit
1219 587 1235 610 ‚
1278 568 1326 602 ac
1359 550 1410 601 P.
1423 550 1729 602 Marcellinus
1749 548 2118 621 ‹Mantiftonetfis
2148 553 2224 612 (*)
2255 553 2458 620 praeclara

96 644 291 683 bima-83·
310 637 400 685 ejus
425 621 536 689 gesta
572 621 756 672 Posteris
789 621 915 691 effuse
940 622 1291 673 commendaverit
1308 656 1321 670 .

449 692 632 742 Eandem
669 694 1002 744 Procuratoriam
1020 692 1292 744 Provinciam
1327 697 1372 742 in
1397 693 1611 743 hodiedum
1645 693 1722 742 Fr.
1746 692 2028 760 Sigismundus
2061 696 2086 741 (ὶ
2107 694 2306 743 Ferraria
2325 731 2341 752 ,
2377 695 2454 742 hu-

295 768 379 830 jus
405 763 662 815 Provinciae
692 763 757 812 bis
784 763 1078 815 Provincialis
1097 799 1113 823 ,
1145 783 1193 813 ac
1218 765 1316 812 olim
1347 761 1562 831 Confiiltor
1583 764 1800 813 Generalis
1813 765 1904 811 &a
1934 762 2048 829 serio
2076 764 2215 814 labore
2229 782 2249 825 ,·
2282 772 2335 815 &5
2364 765 2449 826 Hu3

309 834 378 884 dio
409 836 552 902 explet
582 833 831 883 inexhausto
849 871 864 893 ,
880 834 1066 900 justitia
1081 870 1095 892 ,
1129 837 1182 884 ἰδ’
1211 834 1436 901 prudentia
1458 835 1650 901 prestans
1666 870 1678 882 .

450 906 744 973 ‘Definitorum
774 906 1037 955 Generalium
1077 904 1111 953 S
1106 905 1253 969 yllabo
1285 905 1430 970 nostris
1455 903 1704 971 temporibus
1734 901 1986 971 adscriptum
2009 905 2197 954 vidimus
2231 905 2308 954 Fr.
2326 905 2453 962 Joan·

311 981 399 1026 nem
423 977 685 1044 Francisbum
710 973 737 1023 ἃ
765 975 902 1043 Castro
938 974 983 1028 S.
1000 977 1147 1033 Petri,
1184 979 1256 1046 qui
1287 975 1342 1028 &¹
1368 976 1507 1043 causas
1531 975 1772 1027 Saniiorum
1785 976 1962 1024 Ordinis
1980 989 2056 1040 per
2065 976 2207 1041 plures
2238 993 2362 1024 annos
2392 979 2455 1038 di7

306 1047 499 1116 gniffi'ma
527 1049 647 1097 laude
674 1051 847 1097 curavit
861 1084 872 1099 .

453 1120 576 1167 Alios
609 1123 655 1167 in
682 1122 854 1168 virtute
879 1117 1044 1165 divites
1071 1117 1197 1180 hujus
1212 1114 1467 1167 ‘Provinciae
1495 1115 1618 1165 Viros
1640 1153 1657 1175 ,
1692 1121 1764 1185 qui
1789 1115 1977 1184 posiulat
1992 1152 2006 1175 ,
2026 1116 2216 1165 Bononiae
2247 1115 2299 1164 ab
2319 1119 2455 1166 Anto-

311 1192 378 1242 nio
408 1191 457 1240 de
492 1190 625 1242 Paula
657 1187 843 1257 Mefini
865 1184 1129 1257 perlustratae
1156 1202 1320 1254 partem
1338 1191 1519 1255 primam
1533 1187 1625 1255 fil.
1655 1189 1762 1239 mihi
1779 1193 1858 1241 28.
1872 1224 1890 1248 ,
1926 1189 1980 1238 (9¹
2005 1204 2120 1251 319.
2157 1188 2351 1259 inspiciat
2367 1223 2380 1236 .

451 1336 588 1388 Habet
619 1335 867 1386 ‘Provincia
892 1332 1052 1401 defaflo
1080 1333 1237 1383 Domos
1268 1335 1467 1387 Fratrum
1503 1352 1659 1386 xxv1.

589 1406 786 1473 Hospitia
817 1421 893 1473 pro
919 1404 1230 1453 ltine-rantibus·
1256 1426 1312 1455 x1
1328 1425 1369 1455 1.

592 1478 676 1528 Pro
707 1475 1042 1545 Quaestuantibus
1087 1494 1164 1526 ιν.

591 1546 854 1614 Monafleria
886 1546 1144 1598 Monialium
1173 1546 1324 1615 Capuc.
1343 1547 1491 1615 striHe
1517 1549 1669 1598 talium
1705 1566 1724 1596 1
1742 1567 1760 1599 1
1775 1568 1817 1599 1.

591 1617 732 1687 Largi·
764 1620 913 1670 talium
947 1639 964 1669 1
981 1639 998 1668 1
1016 1639 1055 1671 1.

325 1817 557 1836 *a*
562 1819 790 1838 ——-

1022 1817 1740 1840 -*,-*-*

2321 1818 2453 1835 F—

319 1983 578 2050 Qotannis
609 1983 654 2030 in
685 1980 883 2032 Ecclefia
907 1983 1180 2034 Conventfis
1204 1987 1353 2032 Veru-
1411 1982 1488 2023 hoc
1519 1977 1730 2022 humiliter
1761 1977 1959 2031 porree'tis
1987 1975 2197 2028 inclinati,
2226 1977 2279 2018 de
2301 1975 2449 2018 Omni-¹

386 2055 478 2103 chii
497 2071 581 2121 pro
597 2051 726 2102 Festo
739 2055 786 2101 S.
803 2056 997 2122 Georgii
1011 2089 1026 2111 ,
1036 2059 1167 2116 juxta
1195 2051 1354 2101 instan-

386 2127 470 2174 tias
488 2124 851 2190 Communitatis
881 2124 1050 2173 ibidem
1067 2159 1082 2181 ,
1099 2143 1176 2192 per
1205 2122 1356 2174 missos

388 2197 616 2246 Oratores
641 2191 861 2260 expofitas
873 2230 887 2252 ‚
905 2194 1247 2264 Indulgentiam
1265 2197 1356 2263 ple-

388 2267 562 2316 nariam
600 2263 977 2317 Christifidelibus
1004 2267 1051 2315 in
1077 2281 1352 2336 perpetuum

391 2339 586 2407 largitur
609 2371 621 2385 .

325 2478 855 2531 GREGORIUS
903 2480 1117 2531 PAPA
1170 2481 1356 2529 XIII.

381 2617 575 2671 Univcrfi's
591 2614 911 2673 christifidelibus
934 2617 1141 2674 praesentes
1163 2620 1300 2660 literas

439 2676 671 2735 iffioeb‘luris
690 2676 891 2730 salutem,
922 2675 970 2723 δ’
989 2675 1245 2732 Apostolicam

676 2732 984 2780 Benedinionem
997 2762 1010 2776 .

452 2869 682 2911 tynnorum
709 2863 1044 2908 Christifidelium
1072 2867 1238 2909 Animas
1269 2871 1363 2911 Deo

461 2925 705 2969 lucrifacere
719 2923 996 2967 desiderantes
1009 2955 1024 2976 ‚
1040 2924 1217 2981 fingulos
1242 2927 1363 2971 Fide·

328 2987 388 3028 les
415 2985 465 3027 ad
495 2982 735 3029 sanniffima
761 2985 838 3029 Dei
864 2984 1034 3041 Templa
1055 3011 1069 3034 ‚
1100 2999 1184 3040 quae
1205 2989 1359 3029 Domus

327 3045 536 3087 Orationis
554 3043 746 3093 existunt,
766 3043 955 3087 vifitanda
970 3072 984 3095 2
1005 3043 1358 3101 Indulgentiarum

325 3104 591 3152 muneribus,
618 3104 657 3144 &
688 3113 952 3156 peccatorum
983 3102 1273 3147 remiffionibus
1308 3106 1360 3147 li-

328 3165 474 3206 benter
499 3163 715 3204 invitamus
732 3188 746 3210 ,
779 3173 824 3203 ut
850 3160 999 3203 exinde
1023 3161 1179 3205 suorum
1204 3163 1360 3206 abolita

325 3221 483 3264 macula
516 3221 784 3270 delictorum,
813 3221 952 3263 salutis
982 3232 1139 3264 aeternae
1167 3224 1360 3278 praemia„

327 3281 490 3323 facilius
516 3278 709 3334 consequi
742 3291 978 3322 mereantur
997 3310 1008 3321 .
1042 3283 1102 3324 Ut
1124 3282 1251 3336 igitur
1285 3285 1360 3325 Ec·-

328 3339 445 3382 clesia
465 3342 655 3384 Fratrum
668 3337 871 3383 Minorum
888 3341 1196 3393 Capucinorum
1214 3355 1362 3385 nuncu.

328 3410 536 3453 patei-um,
549 3401 689 3442 Terrae
703 3397 842 3440 nostrae
859 3399 1058 3440 Veruchii
1070 3426 1084 3448 a
1102 3401 1362 3445 Ariminenfis

329 3458 528 3502 Dioecefis
543 3460 612 3510 ,in
626 3457 765 3501 debita
789 3458 1051 3503 veneratione
1070 3461 1289 3513 habeatur,
1316 3475 1361 3504 ac

330 3516 626 3560 Christifideles
640 3516 690 3559 ad
706 3531 796 3559 eam
822 3517 1015 3559 libentius
1033 3521 1240 3563 confluant
1253 3550 1266 3572 ‚
1283 3534 1364 3576 quo

331 3589 380 3619 ex
412 3576 484 3616 hoc
511 3578 621 3620 dono
644 3577 835 3621 Coelestis
852 3578 992 3632 gratiae
1018 3579 1298 3635 conspexerint
1325 3581 1365 3623 se

332 3634 494 3676 uberius
524 3634 601 3677 effe
630 3636 800 3694 rese-&os
817 3666 827 3678 .
860 3636 1055 3680 Precibus
1080 3652 1239 3695 quoque
1259 3639 1365 3682 dile-

331 3696 486 3738 &orum
507 3694 696 3736 Filiorum
727 3696 888 3739 Patritii
916 3699 1081 3752 Cupers
1098 3728 1114 3748 ,
1143 3700 1183 3739 &
1201 3700 1363 3755 Joannis

331 3751 587 3803 Ambrofini‚
619 3754 686 3807 qui
714 3753 1060 3799 §Communitate
1089 3758 1201 3802 dietae
1223 3760 1363 3804 Terrae

333 3815 529 3856 Oratores
555 3811 605 3855 ad
635 3815 722 3857 Nos
746 3815 843 3857 miffi
869 3815 1066 3871 fuerunt,
1096 3817 1224 3862 Nobis
1246 3819 1364 3875 super.

1413 2039 1592 2096 potentis
1621 2037 1695 2078 Dei
1716 2033 2021 2086 misericordia,
2052 2050 2098 2076 ac
2126 2039 2350 2078 Beatorum
2378 2038 2456 2078 Pe-

1416 2098 1496 2146 tri,
1528 2100 1567 2139 &
1597 2096 1707 2140 Pauli
1736 2094 2022 2150 Apostolorum
2054 2093 2141 2149 ejus
2169 2097 2453 2137 auctoritate)

1416 2154 1548 2199 confili
1566 2186 1582 2207 ,
1613 2155 1795 2198 omnibus
1825 2152 2034 2209 utriusque
2058 2152 2172 2196 sexus
2189 2150 2453 2196 Christifide-

1416 2217 1521 2258 libus
1554 2216 1652 2255 vere
1686 2213 1981 2267 poenitentibus
2001 2241 2015 2261 ‚
2042 2212 2249 2262 confeffis,
2277 2227 2322 2255 ac
2351 2215 2451 2254 San-

1416 2273 1578 2316 &iffima
1596 2271 1905 2315 Communione
1924 2268 2083 2312 refectis
2100 2300 2113 2322 ,
2139 2272 2206 2326 qui
2222 2270 2448 2313 Ecclesiam

1414 2332 1638 2391 praedickam
1654 2331 1812 2387 piorum
1828 2327 2070 2383 elemosynis
2084 2356 2098 2378 ,
2127 2341 2171 2372 ut
2193 2330 2453 2385 accepimus,

1414 2391 1603 2435 fabricari
1631 2399 1820 2445 ceptam,
1833 2389 1900 2432 die
1916 2389 2034 2430 Festo
2049 2389 2182 2430 Sandii
2200 2388 2370 2443 Georgii
2392 2386 2449 2428 de

1417 2448 1553 2493 mense
1570 2448 1726 2502 Aprilis
1753 2447 1916 2502 lingulis
1948 2447 2058 2488 annis
2085 2447 2237 2489 devote
2261 2446 2453 2488 visitave-

1416 2510 1499 2553 rint
1526 2537 1540 2560 ,
1578 2509 1617 2548 &
1660 2507 1712 2547 ibi
1751 2519 1827 2561 pro
1864 2504 2188 2547 Christianorum
2212 2507 2452 2559 Principum

1419 2566 1641 2612 concordia
1659 2595 1674 2617 ‚
1692 2559 1882 2606 haeresum
1899 2564 2172 2619 extirpatione
2187 2590 2201 2610 2
2216 2567 2451 2618 Sanetaeque

1420 2627 1564 2671 Matris
1582 2624 1769 2669 Ecclefiae
1784 2623 2081 2679 tranquillitate
2097 2652 2111 2674 ,
2133 2623 2198 2664 vel
2215 2623 2330 2673 alias,
2352 2635 2450 2677 pro-

1419 2697 1462 2729 ut
1489 2685 1703 2740 unicuique
1723 2683 1909 2740 suggeret
1925 2681 2094 2723 devotio
2109 2710 2123 2732 ‚
2139 2681 2189 2724 ad
2208 2684 2340 2723 Deum
2370 2694 2458 2736 pre·-

1420 2760 1488 2788 ces
1503 2743 1735 2793 effuderint,
1756 2742 1978 2797 plenariam
1996 2741 2175 2783 omnium
2192 2750 2457 2796 peccatorum

1423 2805 1584 2846 suorum
1611 2800 1944 2856 Indulgentiam,
1975 2801 2016 2840 &
2043 2798 2311 2841 remiffionem
2335 2797 2459 2840 mise-

1423 2863 1645 2906 ricorditer
1674 2862 1710 2902 in
1729 2863 1820 2902 Deo
1840 2858 2100 2902 concedimus
2116 2885 2130 2906 a
2160 2860 2200 2899 ὃ(
2231 2859 2454 2913 largimur,

1423 2921 1679 2980 prasentibus
1696 2921 1896 2975 perpetuo
1915 2917 2099 2959 valituris
2111 2947 2121 2957 .
2153 2920 2300 2960 Datum
2316 2919 2456 2959 Romae

1422 2980 1528 3037 apud
1551 2983 1733 3023 Sanetum
1749 2979 1915 3021 Petrum
1937 2975 2006 3018 sub
2024 2976 2190 3019 Annulo
2211 2975 2454 3039 Piscatoris3

1423 3042 1505 3084 Die
1517 3054 1556 3083 x.
1573 3037 1819 3083 Novembris
1835 3049 2021 3084 MDtxxx.
2037 3034 2306 3080 pontificatus
2319 3032 2457 3079 Nostri

1422 3103 1543 3144 Anno
1570 3112 1676 3142 nono
1693 3128 1702 3142 .

1955 3213 2051 3260 Caes.
2079 3211 2308 3258 Glorierius
2326 3240 2339 3252 .

1481 3394 1604 3438 ‘Breve
1614 3393 1843 3453 firmatum
1868 3396 1910 3438 tn
1937 3393 2110 3436 Archino
2137 3392 2379 3433 Conventus:

1424 3529 2459 3553 ------Ψ-------Ἀ

1426 3667 1590 3716 Altare
1616 3664 1964 3731 Privilegiatum
1993 3660 2038 3707 in
2068 3655 2226 3707 eadem
2259 3652 2459 3707 Ecclesia

1496 3736 1729 3786 Fratribus
1768 3735 1831 3784 ibi
1868 3728 2186 3788 morantibus,
2222 3727 2458 3800 pariterin

1495 3821 1769 3877 perpetuum
1796 3802 2005 3855 concedit
2024 3837 2036 3851 .

2239 3872 2277 3913 G
2294 3870 2332 3912 R
2347 3868 2402 3909 E-
