2762 4030
358 402 478 443 Urbe
493 424 507 446 ,
536 396 576 437 in
591 407 726 453 eoque
742 394 792 440 ad
814 394 1011 440 lecturam
1025 397 1303 454 deputandum
1317 397 1397 443 else

355 459 424 499 Fr.
439 455 719 500 Zacchariam
735 455 789 499 de
806 457 966 500 Salutio
983 487 996 508 ,
1010 459 1051 500 &
1064 467 1285 514 propterea
1299 472 1397 514 prae-

355 515 593 573 cipiendum
608 513 686 558 esse
703 544 716 567 ,
747 528 866 572 prout
883 516 1066 572 praesenti
1085 519 1269 561 Decreto
1285 532 1390 574 prae-

356 575 455 632 cipit
475 574 740 617 Procuratori
756 575 1016 626 Generali,ut
1030 580 1273 627 Decretum,
1290 577 1388 619 alias

355 631 395 675 su
400 648 474 690 per
491 631 715 691 hujusmodi
731 635 859 677 studio
873 635 1019 677 fastum
1033 635 1264 679 executioni
1281 650 1390 680 man.

356 693 432 736 det
459 721 474 743 ,
506 694 711 736 translatis
742 693 763 736 ἃ
793 694 903 735 ἀίἕὶο
932 698 1156 738 Conventu
1181 693 1233 736 ad
1260 694 1360 737 alios
1375 725 1390 748 ,

354 753 576 796 duodecim
592 752 641 795 ad
658 754 788 795 minus
804 752 1014 796 Fratribus
1032 783 1046 805 ,
1063 764 1106 796 ut
1120 767 1266 796 eorum
1279 752 1386 806 loca,

355 811 1014 867 ConeionatoribusTheologicis,
1026 814 1075 855 ad
1092 811 1388 869 proficiendum

358 871 398 915 in
426 869 716 917 controversiis
731 871 889 915 idoneis
903 898 933 922 ,2
949 870 1135 928 affignari
1149 871 1290 931 poffint
1306 902 1317 915 .

590 989 818 1048 Franciscus
837 990 988 1047 lngolus
1006 993 1250 1034 secretarius
1267 1020 1278 1032 .

411 1109 725 1164 Exempl.·autb.
757 1112 798 1150 in
827 1108 947 1151 Arcb.
970 1124 1063 1165 gen.
1094 1110 1188 1152 Ord.
1217 1110 1395 1152 armario

471 1172 662 1224 Congreg.
689 1169 733 1209 de
751 1169 916 1223 Propag.
934 1169 1031 1212 Fide
1044 1198 1055 1209 .

1023 1251 1083 1263 —-
1281 1252 1398 1264 n—

358 1249 712 1263 *n*-

354 1349 535 1395 Fratres
562 1348 609 1395 in
638 1349 927 1415 corporalem
960 1382 976 1403 ,
1027 1346 1077 1397 <Sc
1108 1348 1277 1398 realem
1309 1350 1403 1397 Do·

421 1413 526 1466 mt'is
569 1419 617 1466 S.
645 1418 845 1467 Antonii
873 1413 919 1467 in
945 1419 1110 1486 Capite
1144 1417 1396 1468 domorum

425 1485 652 1536 existentis
669 1484 984 1554 possessionem
1002 1487 1155 1538 induci
1171 1524 1187 1546 ‚
1204 1491 1395 1557 Vulpia-

419 1574 479 1605 no
499 1558 676 1625 Vulpio
694 1593 710 1614 ,
742 1557 970 1626 Episcopo
993 1556 1271 1608 Novarienfi
1288 1595 1304 1617 ,
1341 1580 1393 1610 ac

418 1625 586 1678 Vices-
604 1630 784 1696 gerenti
802 1627 894 1680 &a
913 1630 1169 1678 committit
1188 1667 1199 1678 .

348 1755 463 1799 Foris
478 1769 489 1798 ε
518 1755 878 1802 VenerabiliFratrs·
889 1760 1075 1813 Vulpiano
1089 1759 1182 1802 olim
1191 1759 1390 1804 Theatt‘no.

346 1876 815 1931 URBANUS
907 1881 1150 1929 PAPA
1235 1882 1387 1931 VIII.

351 1994 592 2040 Venerabilis
627 1999 777 2040 Frater
797 1995 974 2054 salutem
998 2027 1014 2049 ,
1049 1998 1095 2047 ἐς
1127 1997 1384 2056 Apostolicam

694 2054 1002 2101 Benediblioncm
1020 2085 1032 2098 .

479 2176 595 2232 Uper
623 2185 737 2219 motu
758 2176 953 2232 proprio,
978 2178 1015 2219 &
1045 2191 1095 2220 ex
1109 2188 1223 2221 certa
1254 2176 1381 2221 scien·

494 2236 578 2287 tia,
617 2249 665 2277 ac
694 2245 855 2278 matura
881 2236 1181 2279 deliberatione
1211 2237 1350 2279 nostris
1367 2263 1381 2286 ,

339 2291 476 2346 deque
501 2293 745 2349 Apostolicae
773 2295 984 2350 potestatis
1013 2296 1270 2351 plenitudine
1287 2324 1301 2346 ,
1328 2307 1380 2336 ex

339 2350 464 2411 certis
486 2360 584 2394 tunc
602 2352 819 2407 expreffis,
846 2353 1010 2411 aliisque
1038 2354 1147 2411 justis
1162 2384 1175 2406 ,
1202 2357 1241 2396 &
1256 2354 1381 2396 ratio-

336 2409 542 2453 nabilibus
559 2411 709 2463 caufis,
732 2414 913 2457 animum
930 2410 1108 2457 nostrum
1121 2414 1382 2457 moventibus

338 2469 727 2527 Congregationem
756 2474 943 2518 Fratrum
959 2473 1167 2515 Minor-um
1183 2477 1273 2516 Con
1282 2485 1382 2515 ven-

338 2528 510 2570 tualium
539 2526 879 2573 Reformatorum
900 2561 915 2583 ,
941 2532 1074 2575 omnia
1089 2560 1103 2583 ,
1133 2533 1174 2574 &
1195 2545 1381 2588 quaecun-

334 2599 414 2643 que
432 2586 544 2629 illius
565 2586 695 2637 officia
713 2617 726 2641 ,
755 2592 795 2635 86
820 2591 1061 2634 Monasteria
1077 2620 1091 2644 ,
1117 2606 1275 2634 necnon
1295 2593 1380 2633 Do-

333 2658 420 2686 mos
434 2674 448 2697 ,
463 2646 604 2689 &loca
619 2649 841 2702 Regularia
855 2650 1163 2705 quaeeunque,in
1177 2649 1379 2707 quibusvis

332 2705 557 2747 Provinciis
589 2707 830 2761 existentia,
858 2723 903 2751 ac
936 2711 984 2752 ad
1016 2713 1102 2752 Nos
1133 2709 1378 2764 spectantia,

335 2776 498 2805 necnon
536 2765 681 2808 statuta
706 2794 720 2816 ,
753 2767 1095 2820 consuetudines,
1117 2770 1377 2821 &Decreta,

333 2836 380 2863 ac
397 2822 611 2879 privilegia
626 2852 638 2872 ‚
668 2826 878 2869 &indulta
908 2829 1116 2882 generalia
1131 2857 1145 2882 ,
1170 2829 1211 2873 &
1227 2829 1377 2884 specia-

333 2882 389 2923 lia
408 2909 422 2930 ,
455 2880 732 2937 suppressimus
749 2913 762 2935 ,
793 2886 831 2927 &
857 2887 1100 2931 extinximus
1117 2917 1132 2937 ,
1162 2889 1212 2929 ab
1237 2889 1375 2944 eisque

333 2941 546 2996 Fratribus
581 2944 736 2985 Domos
754 2972 767 2994 ,
801 2947 1072 2997 Conventus,
1099 2948 1139 2987 &
1163 2945 1252 2988 loca
1280 2974 1294 2996 ,
1327 2960 1374 2988 ac

334 2999 440 3043 bona
464 3000 718 3054 immobilia,
753 3004 791 3043 &
809 3004 974 3048 mobilia
992 3033 1006 3057 ,
1032 3020 1078 3049 ac
1104 3005 1143 3046 se
1167 3006 1374 3048 moventia

331 3058 481 3113 ubique
506 3060 695 3115 gentium
728 3061 978 3115 constituta,
1002 3063 1154 3109 sacram
1179 3078 1342 3119 quoque
1361 3093 1375 3116 ,

328 3117 369 3158 δι
391 3131 652 3160 communem
671 3119 964 3174 supellectilem
978 3152 994 3173 ,
1014 3124 1271 3179 ipsorumque
1287 3137 1369 3163 om-

327 3178 437 3219 nium
464 3178 605 3229 usum,
640 3177 812 3222 fructum
835 3210 847 3232 ,
878 3182 1293 3232 administrationem,
1326 3197 1371 3224 ac

323 3233 602 3291 poffeffionem
619 3236 871 3291 spiritualem
886 3269 898 3291 ,
915 3242 954 3283 δε
969 3242 1237 3297 temporalem
1250 3270 1262 3291 ,
1275 3254 1373 3282 nec-

324 3308 403 3337 non
421 3295 481 3350 jus
497 3325 511 3348 ,
533 3298 573 3341 δι
587 3298 790 3340 astionem
808 3300 864 3341 eis
880 3301 1190 3353 quomodolibet
1206 3314 1373 3355 compe-

323 3356 454 3396 tentia
472 3383 486 3405 ,
512 3355 658 3398 eadem
675 3359 934 3401 Austoritate
952 3359 1186 3403 abstulimus
1202 3389 1214 3410 ,
1246 3361 1286 3400 &
1301 3359 1373 3400 ab·

321 3413 405 3455 lata
427 3412 529 3464 effe,
562 3413 720 3458 censeri
737 3416 964 3464 voluimus.
998 3422 1170 3463 Necnon
1192 3421 1368 3471 Domos,

317 3473 568 3516 Conventus
582 3502 595 3524 ,
614 3474 704 3519 loca
722 3503 735 3526 ,
760 3476 1052 3530 supellectilem
1070 3508 1085 3530 ,
1112 3480 1216 3521 bona
1233 3506 1246 3528 ,
1274 3492 1336 3519 res
1352 3509 1366 3531 ‚

321 3530 498 3573 actiones
514 3561 528 3583 ,
554 3532 697 3590 &jura
714 3534 876 3589 praefata
892 3563 906 3586 ‚
927 3551 1156 3595 eorumque
1180 3540 1365 3590 proprie—

320 3596 449 3628 tatem
478 3592 648 3634 Ordinis
666 3596 850 3638 Fratrum
867 3596 1073 3638 Minorum
1104 3600 1147 3640 S.
1165 3596 1363 3640 francisci

320 3647 412 3710 (ζου
421 3649 667 3699 ventualium
694 3666 1019 3711 nuncupatorum
1031 3684 1044 3707 ,
1058 3654 1207 3700 eadem
1223 3659 1361 3697 aueto-

318 3713 445 3769 r1tate
462 3711 719 3753 conceffimus
738 3741 752 3764 ,
784 3715 825 3755 &
849 3711 1130 3769 assignavimus
1147 3744 1161 3766 ,
1192 3727 1237 3758 ac
1255 3715 1362 3757 inter

319 3761 398 3806 alia
421 3763 596 3830 Domum
623 3772 842 3818 S.Antonii
862 3773 915 3816 de
930 3772 1067 3815 Padua
1089 3783 1360 3827 nuncupatam

317 3820 372 3886 de
388 3821 520 3871 Urbe,
536 3836 572 3864 in
588 3827 737 3881 Capite
753 3833 976 3875 Domorum
1006 3830 1250 3876 existentem
1267 3859 1282 3881 a
1313 3847 1359 3874 ac

316 3894 404 3936 ejus
438 3880 657 3925 Ecclesiam
684 3911 698 3934 ³
736 3889 859 3933 cellas
886 3920 901 3942 ,
929 3892 1072 3934 hortos
1092 3920 1105 3944 ,
1135 3890 1325 3934 viridaria
1345 3919 1359 3943 ,

1176 276 1712 371 Provincia

1459 414 1656 457 aquarum
1672 400 1949 446 derivationes
1967 431 1981 456 ,
1996 402 2176 460 aliasque
2194 401 2371 447 officinas
2384 433 2398 457 ,
2413 419 2510 450 nec-

1458 474 1540 503 non
1572 459 1727 516 reliqua
1754 462 1855 505 bona
1870 462 2094 506 immobilia
2124 462 2281 507 tantum
2310 462 2504 522 illiadja-

1451 519 1582 562 centia
1597 548 1611 571 ,
1642 533 1715 574 per
1730 517 1832 575 ipsos
1853 523 2031 575 Fratres,
2044 534 2143 565 tunc
2159 520 2334 578 possessa,
2349 526 2502 567 Came-

1451 591 1504 620 rae
1519 578 1671 621 Nostrae
1694 578 1935 635 Apostolicae
1953 581 2247 638 applicavimus
2261 611 2274 631 ,
2307 583 2345 622 &
2362 582 2501 624 incor-

1454 637 1682 692 poravimus
1699 666 1712 688 ,
1743 652 1789 680 ac
1823 640 2001 691 Nostrae,
2030 642 2071 682 &
2097 639 2382 684 Successorum
2409 645 2501 685 No-

1453 695 1625 739 strorum
1661 694 1911 752 dispositioni
1950 699 2276 752 reservavimus,
2304 711 2427 756 prout
2458 700 2499 741 in

1451 755 1609 798 Nostris
1637 754 1810 809 desuper
1841 758 1878 798 in
1910 757 2026 798 simili
2051 756 2180 799 forma
2205 759 2347 801 Brevis
2373 788 2388 811 ,
2427 758 2498 801 sub

1450 813 1597 857 dieVl.
1616 813 1820 869 praesentis
1837 816 2144 860 menlisFebrua
2156 818 2202 858 rii
2222 819 2501 871 expeditisLi-

1452 873 1555 914 teris
1574 902 1585 924 ,
1612 887 1785 928 quarum
1823 885 1988 916 tenores
2026 889 2102 930 pro
2131 876 2325 932 expreffis
2357 876 2496 920 haberi

1454 932 1640 974 volumus
1655 962 1668 983 ,
1683 932 1843 988 plenius
1860 934 2120 976 continetur.
2134 937 2219 976 Nos
2234 936 2282 977 ad
2299 937 2486 986 eximios,

1459 1002 1583 1046 atque
1606 993 1816 1033 uberiores
1835 988 2010 1044 fruetus,
2035 1008 2135 1048 quos
2152 993 2376 1036 dilectifilii
2396 998 2492 1038 Fra-

1459 1060 1543 1091 tres
1572 1051 1739 1092 Ordinis
1757 1052 1961 1094 Minorum
1989 1056 2029 1095 S.
2051 1052 2276 1103 Francisci,
2293 1052 2492 1109 Capucini

1458 1110 1713 1165 nuncupati,
1737 1107 1896 1152 affiduis
1927 1111 2055 1154 Verbi
2084 1113 2162 1153 Dei
2195 1111 2494 1166 praedicationi-

1457 1168 1553 1218 bUS,
1581 1170 1651 1223 piae
1666 1197 1678 1219 ,
1711 1179 1831 1224 atque
1847 1169 1950 1213 adeo
1974 1170 2219 1226 exemplaris
2239 1170 2328 1212 vitae
2344 1171 2497 1220 studio,

1461 1226 1628 1283 aliisque
1643 1226 1910 1282 spiritualibus
1928 1229 2137 1272 exercitiis
2154 1230 2192 1271 in
2210 1232 2339 1271 Vinea
2359 1229 2498 1277 Domi·

1461 1286 1500 1327 ni
1529 1287 1681 1343 jugiter
1708 1284 2099 1344 afferunt,.paternae
2112 1289 2343 1344 dirigentes
2370 1288 2498 1329 confi·

1461 1344 1687 1388 derationis
1711 1346 1900 1387 intuitum
1915 1376 1929 1398 ,
1956 1346 2120 1390 eosdem
2140 1350 2300 1390 Fratres
2317 1347 2495 1403 Capuci—

1461 1417 1532 1446 nos
1561 1403 1770 1447 iri-dietam
1789 1407 1996 1457 Domum,
2025 1416 2071 1448 ut
2101 1407 2155 1449 ibi
2180 1405 2290 1463 juxta
2311 1407 2497 1461 Regula-

1455 1465 1517 1506 ria
1541 1477 1683 1506 eorum
1711 1463 1887 1506 instituta
1907 1466 2067 1507 Divinis
2083 1465 2266 1508 laudibus
2290 1465 2493 1514 insistant,

1455 1523 1505 1565 ad
1523 1521 1719 1579 majorem
1737 1522 2069 1566 Clirislifidelium
2098 1523 2349 1578 spiritualem
2371 1522 2495 1566 aedifi·

1454 1581 1658 1624 cationem
1696 1581 2016 1624 introducendos
2046 1583 2358 1625 existimavimus
2380 1612 2391 1623 .
2424 1583 2493 1625 1d-

1453 1641 1565 1683 circo
1589 1639 1641 1681 de
1658 1639 1844 1694 fingulari
1860 1642 2141 1683 Fraternitatis
2158 1652 2231 1682 tuae
2248 1639 2328 1684 fide
2343 1669 2356 1691 ,
2384 1642 2493 1683 inte·

1452 1701 1602 1757 gritate
1630 1728 1644 1751 ,
1687 1697 1867 1741 doctrina
1893 1728 1907 1751 ,
1947 1714 1992 1742 ac
2023 1701 2081 1742 tui
2106 1699 2279 1756 spestata
2304 1699 2343 1741 in
2370 1702 2491 1742 rebus

1452 1758 1642 1815 gerendis
1663 1757 2120 1812 prudentia,plurimtim
2136 1759 2173 1800 in
2195 1759 2370 1802 Domino
2391 1773 2491 1800 con·

1451 1817 1504 1862 fist
1525 1847 1538 1869 ,
1556 1818 1648 1860 Tibi
1664 1830 1737 1870 per
1755 1816 1967 1871 praesentes
1985 1819 2279 1860 committimus
2295 1845 2308 1867 ,
2322 1819 2362 1859 &
2377 1831 2490 1861 man-

1449 1877 1606 1928 damus,
1620 1885 1664 1918 ut
1682 1873 1813 1928 usum,
1830 1877 1867 1917 &
1882 1876 2176 1919 habitationem
2191 1874 2345 1919 Domus
2362 1879 2487 1918 S.An.

1450 1937 1551 1979 tonii
1579 1936 1630 1977 de
1662 1934 1799 1976 Padua
1838 1933 2038 1990 praesatae,
2073 1934 2240 1992 ejusque
2270 1933 2488 1985 Ecclesnae,

1448 1994 1643 2038 cellarum
1673 2023 1688 2044 ‚
1730 1994 1979 2046 hortorum,
2017 1994 2311 2036 viridariorum
2342 2022 2357 2043 ,
2384 1993 2486 2035 alio·

1444 2067 1616 2109 rumque
1660 2054 1935 2095 membrorum
1966 2082 1979 2105 ,
2015 2055 2053 2094 &
2102 2053 2444 2107 pertinentiarum
2468 2080 2484 2103 ,

1445 2111 1670 2168 hujusmodi
1688 2113 1892 2155 Fratribus
1904 2113 2122 2169 Capucinis
2138 2111 2484 2168 praefatis,Auc:·to-

1443 2173 1564 2215 ritate
1589 2171 1734 2213 Nostra
1749 2171 1976 2222 concedas,
2006 2173 2047 2213 &
2063 2169 2230 2227 affignes
2244 2201 2259 2222 ,
2285 2171 2485 2212 inducens

1443 2231 1610 2275 eosdem
1626 2232 1788 2273 Fratres
1805 2231 2034 2284 Capucinos
2061 2244 2133 2284 per
2150 2232 2238 2282 Te,
2267 2229 2331 2271 vel
2360 2229 2483 2272 alium

1442 2293 1482 2334 in
1498 2289 1755 2346 corporalem
1769 2318 1782 2340 ,
1800 2289 1949 2332 realem
1967 2318 1979 2340 ,
2007 2290 2047 2330 δι
2061 2289 2262 2331 actualem
2282 2286 2485 2344 poffeffio.

1443 2364 1539 2394 nem
1557 2346 1712 2390 Domus
1727 2378 1742 2398 ,
1777 2346 1964 2391 Ecclesiae
1979 2377 1993 2398 ,
2018 2350 2259 2400 hortorum,
2285 2346 2483 2390 aliorum-

1445 2423 1522 2466 que
1540 2408 1814 2450 membrorum
1830 2434 1843 2457 ,
1868 2408 1908 2448 δι
1923 2408 2260 2461 pertinentiarum
2278 2404 2484 2459 hujusmo-

1444 2469 1515 2517 di,
1541 2466 1714 2523 cujusvis
1741 2464 1909 2508 licentia
1933 2465 2107 2519 desuper
2138 2465 2301 2508 minime
2318 2463 2484 2520 requisi—

1444 2527 1516 2577 ta,
1557 2540 1602 2568 ac
1643 2522 1868 2566 defendens
1900 2523 2084 2566 inductos
2105 2553 2121 2575 ,
2152 2524 2478 2568 contradictores

1442 2585 1648 2643 quoslibet
1667 2613 1680 2634 ,
1706 2585 1746 2624 &
1771 2582 1948 2627 rebelles
1970 2596 2043 2638 per
2057 2582 2271 2635 censuras,
2295 2583 2335 2622 &
2350 2595 2477 2637 paenas

1442 2643 1738 2688 ecclesiasticas
1752 2670 1766 2693 ,
1792 2638 1953 2698 aliaque
1969 2654 2199 2698 opportuna
2215 2641 2336 2698 juris,
2364 2641 2404 2682 &
2418 2638 2480 2681 fa—

1439 2707 1491 2748 <Sti
1521 2703 1703 2746 remedia
1723 2733 1738 2754 ,
1771 2701 2050 2758 appellatione
2078 2700 2289 2757 postposita
2312 2728 2326 2751 ,
2362 2712 2476 2741 com-

1439 2762 1667 2821 pescendo,
1691 2763 1881 2804 invocato
1894 2761 1943 2802 ad
1960 2762 2034 2802 hoc
2049 2761 2171 2804 etiam
2186 2789 2198 2810 ,
2232 2760 2255 2801 fi
2274 2773 2373 2814 opus
2389 2759 2476 2799 fue-

1438 2825 1493 2867 rit
1508 2852 1522 2874 ,
1549 2822 1699 2864 auxilio
1718 2821 1880 2867 Brachii
1911 2819 2107 2863 saecularis
2127 2849 2139 2861 .
2170 2822 2265 2868 Non
2283 2817 2476 2860 obstanti-

1438 2885 1509 2926 bus
1539 2880 1735 2937 praemiffis
1753 2909 1767 2931 ,
1794 2895 1839 2922 ac
1852 2909 1865 2930 ,
1881 2890 2079 2935 quatenus
2095 2892 2194 2934 opus
2211 2879 2255 2919 sit
2270 2906 2283 2928 ,
2299 2875 2369 2917 fel.
2387 2890 2473 2918 rec.

1436 2942 1549 2987 Pauli
1566 2943 1652 2995 11...
1677 2941 1717 2984 δέ
1743 2939 1804 2981 Pii
1822 2941 1892 2982 IV.
1932 2940 2212 2982 Romanorum
2229 2933 2474 2978 Pontificum

1436 2999 1774 3045 Praedecefforum
1801 2997 2043 3040 Nostrorum
2066 2999 2119 3040 de
2146 2997 2267 3040 rebus
2287 2992 2473 3037 Ecclefiae

1437 3074 1516 3105 non
1545 3058 1768 3101 alienandis
1787 3087 1801 3108 ,
1831 3070 1877 3099 ac
1897 3055 2115 3109 respective
2140 3057 2191 3100 de
2207 3054 2347 3112 gratiis
2366 3054 2473 3095 inte·

1436 3117 1536 3162 reffe
1548 3121 1731 3161 Camerae
1755 3116 1945 3171 praedictae
1962 3115 2279 3171 quomodolibet
2305 3126 2474 3156 concer-

1434 3189 1561 3223 nent.
1603 3178 1648 3218 In
1680 3175 1825 3219 eadem
1851 3180 2024 3218 (lamera
2049 3173 2154 3217 infra
2183 3184 2340 3215 certum
2371 3181 2468 3212 tunc

1435 3232 1663 3292 expressum
1688 3246 1844 3288 tempus
1865 3233 2143 3288 praesentandis
2161 3261 2175 3283 ,
2199 3234 2239 3274 &
2254 3229 2466 3286 registran·

1435 3297 1499 3339 dis
1519 3325 1532 3346 ,
1561 3295 1724 3350 aliisque
1749 3294 2150 3345 Constitutionibus3
2180 3289 2468 3333 &Ordinatio-

1433 3357 1554 3399 nibus
1573 3354 1820 3410 Apostolicis
1835 3382 1848 3404 ,
1876 3366 2034 3396 necnon
2062 3353 2157 3394 dieti
2183 3349 2347 3393 Ordinis
2369 3349 2467 3389 Era-

1435 3428 1545 3458 trum
1562 3413 1868 3469 Capucinorum
1883 3441 1896 3463 ,
1917 3414 2038 3457 etiam
2065 3412 2294 3469 juramento
2308 3436 2322 3457 ,
2351 3409 2466 3448 Con-

1430 3474 1662 3518 firmatione
1685 3472 1946 3529 Apostolica,
1978 3470 2044 3514 vel
2071 3470 2210 3527 quavis
2238 3466 2466 3509 firmitate,-

1431 3534 1511 3579 alia
1528 3533 1726 3576 roboratis
1741 3531 1893 3574 statutis
1909 3558 1924 3580 ,
1938 3531 1978 3571 δι
1994 3526 2368 3576 consuetudinibus,
2385 3525 2465 3580 pri·

1426 3593 1584 3649 vilegiis
1600 3604 1760 3649 quoque
1776 3619 1789 3640 ,
1809 3587 1976 3633 indultis
1989 3617 2001 3636 ,
2033 3589 2074 3628 &
2091 3587 2246 3629 Literis
2264 3583 2463 3639 Apostoli—

1425 3654 1481 3696 cis
1496 3682 1509 3704 ,
1527 3654 1563 3694 in
1579 3652 1830 3694 contrarium
1855 3645 2134 3703 praemifforum
2150 3643 2461 3701 quomodolibet

1424 3708 1619 3754 concessis
1636 3739 1648 3762 ,
1678 3707 1925 3752 confirmatis
1939 3736 1955 3757 ,
1980 3706 2020 3746 δι
2038 3706 2242 3747 innovatis
2259 3733 2270 3744 .
2303 3703 2461 3761 Qibus

1424 3770 1613 3813 omnibus
1626 3799 1639 3821 ,
1660 3770 1701 3810 &
1715 3766 1874 3823 fingulis
1890 3791 1904 3814 ,
1932 3777 2077 3806 eorum
2093 3764 2273 3806 omnium
2293 3772 2460 3804 tenores

1424 3829 1691 3886 praesentibus
1716 3840 1791 3882 pro
1806 3822 1926 3879 plene
1940 3853 1954 3873 ,
1979 3825 2019 3864 ὅτ.
2036 3822 2279 3865 sufficienter
2295 3821 2462 3875 expres-

1424 3890 1473 3931 fis
1491 3889 1686 3936 habentes
1699 3914 1713 3936 ,
1739 3883 1820 3927 illis
1837 3880 1936 3924 alias
1960 3882 1997 3925 in
2023 3880 2089 3925 suo
2105 3883 2254 3926 robore
2270 3894 2461 3946 perinan-

2324 3954 2406 3996 prl-
