2762 4030
343 343 668 395 addendo,tam
683 338 768 398 ipse
787 337 1161 384 Excellentiffimus
1187 340 1242 381 D.
1274 341 1388 382 Ven-

342 405 484 454 ditor,
517 404 557 444 &
581 401 717 445 dictus
749 398 969 444 admodum
1000 397 1071 440 111.
1100 400 1140 440 &
1164 400 1388 442 Reveren-

341 463 519 507 diffimus
539 464 586 506 P.
616 463 674 505 D.
689 464 821 505 Lucas
841 459 1045 505 Antonius
1061 458 1202 502 Virilis
1220 488 1235 511 ,
1253 458 1392 501 nomi-

343 534 397 567 ne
425 522 531 566 dicti
558 520 812 566 Illustriffimi
842 523 894 563 D.
926 518 1160 563 Cardinalis
1185 547 1199 570 ,
1228 519 1388 575 quam„-

342 584 473 627 etiam
501 580 758 640 supradictusv
789 576 1159 626 Excellentiffimus
1184 578 1386 622 Dominus

340 648 438 689 Don
457 641 738 687 ferdinandus
752 642 919 685 Ursinus
948 636 1153 695 fidejussor
1179 651 1388 681 convene-

339 702 508 749 runtde
523 699 818 760 supplicandO,
845 709 967 756 prout
992 712 1045 741 ex
1074 712 1180 750 nunc
1195 697 1393 755 supplica·-v

341 774 439 810 runt
480 765 550 806 SS.
564 767 618 807 D.
634 765 687 806 N.
715 763 833 816 Papae
863 762 902 803 &
941 761 1100 802 Sancta:
1139 757 1240 801 sedi
1277 761 1391 812 Apo..

340 823 492 869 fiolicae
506 848 521 871 a
538 837 614 876 pro
630 834 877 878 quacunque
901 817 1215 862 confirmatione
1229 816 1386 871 aposto-

342 884 424 928 lica
439 879 644 938 praesentis
661 880 926 925 Instrumenti
944 907 958 929 ,
989 879 1029 919 &
1048 875 1283 921 contractus
1298 890 1384 919 mo·

344 954 391 988 tu
421 942 591 997 proprio
612 970 628 994 ,
671 939 739 983 vel
768 939 865 982 alias
887 936 1202 995 quomodolibet
1233 949 1384 977 conce-

343 1000 483 1047 denda
516 1030 531 1052 ,
573 1002 614 1043 ὅ(
654 998 878 1042 obtinenda
908 1026 924 1049 ,
954 1011 1049 1040 cum
1092 994 1380 1051 suppletione,

346 1065 387 1105 &
408 1059 616 1105 sanatione
642 1060 852 1106 omnium,
882 1058 923 1099 &
947 1067 1291 1112 quorumcunque
1316 1052 1389 1096 de-

346 1121 553 1169 fectuum,
569 1131 653 1163 tam
668 1115 1038 1172 formalium,quam
1055 1112 1387 1162 substantialium,

344 1182 472 1224 etiam
499 1178 807 1222 solemnitatum
825 1206 839 1229 ‚
856 1175 1097 1218 solemniter
1115 1173 1244 1215 forsan
1273 1186 1386 1215 non„

343 1238 652 1291 adhibitarum,
683 1241 722 1281 δε
747 1237 919 1280 aliorum
935 1263 949 1286 ,
968 1235 1093 1276 etiam
1110 1233 1174 1276 hic
1203 1246 1282 1273 non
1312 1245 1386 1274 ex-

339 1296 568 1358 pressorum
581 1329 597 1350 ‚
629 1311 723 1340 cum
740 1296 871 1350 ampla
897 1292 1168 1347 derogatione
1187 1303 1385 1348 quorum-

339 1370 501 1413 eunque
541 1352 942 1399 fideicommissorum
969 1377 985 1400 ,
1040 1349 1382 1399 donationum,

338 1417 757 1475 primogeniturarum
785 1442 800 1464 ,
831 1421 1050 1466 pactorum
1077 1409 1132 1454 de
1162 1409 1385 1453 succeden-

334 1477 420 1524 do,
451 1490 498 1517 ac
527 1474 739 1524 omnium,
769 1469 1083 1526 &singulorum
1108 1468 1312 1520 aliorum,
1343 1470 1383 1511 &

331 1547 676 1593 quorumcunque
696 1531 1000 1576 obstaculorum
1016 1559 1030 1581 ,
1056 1531 1096 1572 &
1110 1527 1384 1584 impedimen*-

333 1607 473 1638 torum
489 1621 503 1644 ,
527 1604 726 1651 quatenus
751 1598 973 1642 extarent,
1003 1588 1075 1632 seu
1098 1599 1241 1632 extare
1269 1586 1382 1636 diei,

333 1654 403 1697 vel
431 1652 592 1698 censeri
624 1648 780 1707 poffent
808 1677 823 1697 ,
855 1663 902 1692 ac
926 1648 1164 1691 omnimoda
1189 1649 1309 1705 ipfius
1337 1647 1384 1689 fi-

333 1711 397 1759 tfis
427 1741 441 1765 ‚
470 1714 512 1754 ὅτ,
539 1710 628 1768 ejus
650 1710 803 1768 jurium
826 1709 904 1750 διε.
940 1707 1189 1752 liberatione
1216 1709 1266 1750 ab
1292 1721 1384 1751 om-

332 1774 453 1816 nibus
480 1798 495 1820 ,
538 1772 579 1813 δε
615 1769 778 1827 singulis
807 1764 1014 1825 praemissis
1042 1796 1057 1819 ,
1099 1781 1175 1810 nec
1214 1780 1297 1810 non
1329 1766 1381 1809 ab

331 1831 523 1876 omnibus
555 1833 594 1873 δε
632 1828 792 1885 fingulis
827 1827 1011 1871 censibus
1051 1824 1172 1883 super
1198 1826 1309 1869 dieto
1331 1825 1383 1868 fi-

331 1905 405 1944 tu,
430 1892 478 1934 ab
508 1889 594 1947 ipso
621 1887 973 1932 Excellentiffimo
990 1887 1169 1932 Domino
1197 1888 1386 1937 Duco,

329 1956 372 1996 δι
411 1951 503 1993 aliis
533 1948 856 2006 quibuscumque
891 1945 1067 2003 desuper
1118 1943 1386 2002 quomodoli-

329 2012 405 2054 bet
432 2010 628 2066 impositis
661 2038 676 2061 ,
714 2010 755 2050 &
784 2005 834 2051 ad
865 2003 1051 2050 favorem
1087 2017 1386 2063 quarumcum-

331 2084 413 2126 que
429 2067 838 2124 personarum,etiam
855 2065 1022 2123 speciali
1038 2076 1139 2109 nota
1159 2063 1379 2118 dignarum

329 2129 513 2172 venditis
540 2158 557 2179 ,
590 2142 637 2170 ac
662 2127 750 2169 aliis
779 2124 1102 2182 obligationibus
1128 2152 1144 2175 ,
1173 2124 1218 2164 &
1245 2122 1378 2177 hypo·

330 2187 487 2235 thecis,
502 2188 626 2230 etiam
639 2184 846 2229 dotalibus
861 2213 875 2236 ‚
901 2185 939 2226 &
962 2184 1145 2226 etiamin
1171 2180 1365 2224 causam-2

329 2247 623 2291 alimentorum
639 2274 654 2296 ,
682 2255 752 2288 aut
768 2243 888 2286 aliam
912 2241 1216 2300 quantumlibet
1242 2240 1369 2295 magis

329 2314 440 2365 piam
456 2335 470 2358 ‚
496 2307 535 2348 &
551 2303 853 2361 privilegiatam
869 2299 1045 2357 desuper
1060 2300 1192 2350 saetis,
1205 2313 1368 2342 necnon

331 2365 519 2410 omnibus
535 2392 550 2416 ,
576 2366 616 2404 &
640 2363 801 2419 lingulis
816 2361 904 2404 aliis
920 2391 937 2412 ,
964 2374 1049 2417 quae
1065 2358 1250 2415 praesenti
1266 2371 1369 2401 ven-

332 2421 512 2475 ditioni,
537 2436 582 2464 ac
611 2420 720 2463 dieto
736 2419 1006 2463 Illustriflimo
1031 2422 1085 2462 D.
1099 2417 1312 2462 Cardinali
1329 2418 1370 2460 δε

333 2484 410 2528 suis
433 2484 512 2524 διε.
533 2481 726 2536 dictatque
755 2491 867 2520 novae
894 2474 1056 2519 fabricae
1083 2489 1239 2519 nocere
1257 2503 1271 2524 ,
1299 2476 1368 2518 vel

331 2540 649 2600 quomodolibet
665 2537 930 2595 praejudicare
948 2532 1100 2591 possent
1115 2562 1128 2584 ,
1154 2531 1369 2587 praemisso-

331 2615 509 2658 rumque
523 2599 703 2642 omnium
715 2628 731 2651 ,
759 2599 798 2639 &
813 2594 1065 2651 singulorum
1080 2590 1271 2635 censuum
1285 2593 1366 2634 &c.

331 2660 450 2718 super
485 2660 594 2702 dieto
626 2657 699 2700 situ
729 2653 1047 2713 quomodolibet
1083 2651 1367 2707 apparentium

332 2719 605 2762 translatione
636 2744 651 2766 ,
688 2718 727 2758 δι
756 2713 1048 2769 subrogatione
1076 2710 1197 2766 super
1222 2719 1367 2754 tenuta

332 2779 487 2824 Montis
503 2775 672 2834 Majoris
693 2785 808 2818 extra
822 2778 990 2819 Portam
1010 2771 1123 2813 Piam
1137 2771 1178 2812 in
1194 2770 1368 2812 territo⁴

331 2840 396 2882 rio
411 2833 614 2881 sabinensi
646 2861 923 2876 .......
956 2831 996 2872 &
1029 2828 1118 2872 aliis
1145 2829 1257 2872 bonis
1272 2828 1372 2870 diffl

330 2895 454 2942 Exffii
469 2900 521 2939 D.
542 2894 667 2937 Ducis
681 2891 942 2938 allodialibus
954 2899 1090 2933 tamen
1102 2919 1118 2941 ,
1133 2902 1215 2931 non
1232 2898 1371 2931 autem

327 2953 711 3017 jurisdictionalibus
726 2983 741 3005 ,
759 2965 920 2997 necnon
931 2950 1174 3001 omnium,&
1187 2946 1365 3002 singulo—

329 3031 421 3060 rum
450 3014 690 3058 debitorum
716 3014 836 3070 super
851 3011 1005 3055 dictum
1027 3008 1144 3051 fitum
1168 3021 1367 3064 apparen-

326 3078 430 3118 tium
444 3073 849 3129 translatione,super
863 3070 950 3116 aliis
961 3069 1077 3112 bonis
1094 3066 1367 3111 Excellentis-

328 3136 416 3179 simi
441 3136 568 3177 Ducis
579 3133 842 3176 allodialibus
859 3142 997 3174 tamen
1014 3158 1028 3181 ,
1056 3143 1138 3171 non
1153 3137 1290 3193 autem
1302 3127 1367 3184 ju-

330 3193 750 3245 risdictionalibus‚ita
762 3202 806 3235 ut
824 3186 1367 3238 fideicomniiffariifflrimo-

330 3254 488 3311 geniti,
519 3252 710 3297 censuum
728 3282 741 3304 ,
763 3254 804 3295 δι
819 3251 994 3295 aliorum
1012 3259 1364 3306 quorumcumque

329 3313 607 3365 Creditores,
645 3314 685 3354 δι
703 3312 772 3354 alii
796 3313 1032 3369 quicunque
1060 3321 1168 3351 nunc
1186 3335 1200 3356 ,
1225 3306 1266 3347 δι
1291 3320 1366 3362 pro

329 3386 519 3430 tempore
536 3370 858 3430 praetendentes,
871 3373 913 3414 δε
927 3369 992 3412 sua
1007 3365 1198 3412 interesse
1221 3375 1370 3422 putan-

328 3446 394 3477 tes
411 3463 424 3486 ‚
442 3447 522 3476 non
539 3431 710 3489 amplius
728 3431 874 3488 possint
886 3438 1030 3475 contra
1058 3427 1209 3471 dietum
1224 3423 1338 3468 fitum
1353 3455 1367 3478 ‚

330 3493 399 3547 qui
419 3491 578 3549 semper
591 3522 605 3545 ,
617 3494 657 3535 &
673 3493 880 3549 perpetuo
893 3492 942 3533 ab
957 3488 1146 3532 omnibus
1160 3515 1174 3540 ,
1187 3487 1226 3529 δι
1238 3483 1368 3541 fingu-

334 3551 386 3593 lis
411 3551 639 3607 praemissiS,
669 3554 708 3595 δε
736 3553 824 3596 aliis
854 3547 1176 3608 quibuscumque
1192 3545 1368 3601 impedi-

333 3611 507 3659 mentis,
536 3615 574 3654 &
591 3612 804 3657 obstaculis
827 3611 959 3661 liber,
984 3610 1252 3662 &exemptus
1270 3603 1366 3658 effe,

337 3670 379 3709 &
395 3682 608 3715 remanere
636 3672 810 3724 debeat,
836 3670 904 3714 sed
920 3667 1010 3726 ipsis
1036 3682 1180 3710 eorum
1196 3665 1285 3724 jura
1301 3679 1367 3707 re-

338 3726 551 3770 serventur
565 3730 682 3785 super
696 3733 781 3776 aliis
797 3731 893 3775 dieti
909 3726 1193 3773 Excellentiss.
1213 3728 1265 3768 D.
1280 3726 1368 3768 Du-

338 3788 397 3829 cis
414 3786 525 3827 bonis
541 3787 795 3833 allodialibus
811 3820 826 3842 ,
863 3804 941 3835 non
972 3797 1109 3831 autem
1126 3785 1367 3845 jurisdictio-

339 3842 527 3899 nstlibusa
555 3848 830 3904 &respective
857 3847 1047 3895 censuum
1066 3875 1080 3899 ,
1107 3849 1229 3892 etiam
1245 3844 1364 3903 super

1038 219 1615 309 ‘Provincia

1448 339 1557 409 dista
1585 346 1733 385 tenuta
1746 344 1906 388 'Montis
1936 347 2106 404 Majoris
2120 378 2136 400 ,
2168 358 2330 397 necnon·
2355 359 2476 412 super

1447 400 1716 443 instrumento
1732 431 1748 453 ,
1777 405 1817 446 &
1833 406 2088 462 multiplico,
2105 419 2149 451 ut
2165 412 2278 467 supra
2293 443 2309 466 ‚
2323 412 2477 458 facien-

1453 459 1532 510 do,
1544 457 1659 503 salvis
1674 470 1812 506 tamen
1824 465 2072 522 ,hypothecis
2087 497 2101 520 ,
2126 470 2167 511 δι
2182 471 2408 529 privilegiis
2425 475 2477 520 ad

1451 518 1639 564 favorem
1661 521 1757 564 disti
1784 523 2037 568 Illustrissimi
2067 531 2119 570 D.
2148 531 2408 583 CardinaliS,
2437 525 2478 574 δὲ

1448 580 1612 624 suorum
1624 581 1703 638 &c.
1719 592 1766 625 ut
1780 581 1910 638 supra.
1924 587 2051 638 Ita,ut
2065 586 2176 630 idem
2190 590 2478 634 Illustriffimus

1450 643 1504 683 D.
1519 639 1753 684 Cardinalis
1770 670 1783 693 ,
1811 643 1852 684 δι
1865 644 1922 686 sui
1939 646 2015 687 διε.
2033 644 2151 702 super
2167 649 2398 705 hujusmodi
2416 652 2479 694 in·-

1452 700 1672 743 strumento
1685 730 1701 751 ,
1727 703 1768 742 &
1780 702 2017 759 multiplico
2040 708 2196 749 caeteris
2215 708 2303 751 aliis
2318 712 2478 766 semper

1450 755 1720 816 praeferantur
1744 790 1757 813 ‚
1795 762 1837 802 &
1870 761 2049 817 praeferri
2078 765 2256 810 debeant
2272 798 2285 821 ‚
2326 772 2365 812 δι
2390 769 2476 812 non

1446 818 1547 863 alias
1561 821 1640 861 &c.
1659 819 1710 863 de
1723 834 1801 878 qua
1816 822 1894 863 &c.
1919 835 2013 864 cum
2026 821 2298 881 derogatione
2325 828 2477 885 regula:

1445 879 1713 922 Cancellariae
1752 879 1807 922 de
1835 879 1926 935 jure
1959 880 2120 937 quaelito
2147 898 2226 928 non
2257 887 2447 931 tollendo
2461 916 2478 939 ,

1443 937 1620 980 clausula
1643 937 1827 991 sublata,
1862 939 2039 987 decreto
2066 942 2270 998 irritanti,
2296 948 2335 989 &
2360 946 2473 1003 quod

1446 998 1500 1038 de
1527 997 1820 1053 subreptione,
1845 999 2123 1056 obreptione,
2151 1002 2311 1048 defertu
2337 1006 2475 1048 inten-

1448 1056 1570 1099 tionis
1588 1085 1601 1108 ,
1624 1059 1665 1098 ὅτ.
1685 1058 1874 1114 quopiam
1888 1058 1970 1101 alio
1983 1057 2145 1102 defectu
2172 1061 2263 1106 dari
2292 1077 2372 1106 non
2387 1064 2478 1120 pos-.

1450 1115 1525 1166 sit,
1553 1118 1591 1157 &
1616 1116 1704 1159 aliis
1732 1117 1945 1168 clausulis,
1971 1119 2093 1162 etiam
2115 1119 2478 1178 derogator-iarum

1446 1174 1722 1231 derogator-iis
1734 1205 1748 1228 ,
1775 1178 1813 1218 &
1829 1177 2009 1220 decretis
2020 1179 2284 1235 ampliffimis,
2301 1181 2483 1224 arbitrio..

1446 1233 1544 1275 dicti.
1561 1234 1816 1279 Illustriffimi
1838 1239 1890 1278 D.
1908 1238 2144 1281 cardinalis
2167 1254 2373 1297 apponen.
2392 1270 2406 1292 ,
2438 1242 2479 1283 &

1445 1293 1669 1337 extenden.
1686 1325 1702 1349 ‚
1736 1295 1803 1337 cui
1819 1296 1987 1352 quidem
2009 1295 2310 1345 confirmationi
2329 1301 2407 1342 &e-
2429 1313 2482 1341 ex

1446 1368 1552 1396 nunc
1567 1353 1698 1398 dic'tus
1712 1354 2082 1400 Excellentiffimus
2095 1359 2149 1399 D.
2167 1359 2376 1401 Venditor
2392 1387 2407 1409 ,
2433 1372 2482 1400 ae

1444 1414 1576 1456 dictus
1605 1413 1977 1459 Excellentiffimus
2003 1419 2056 1458 D.
2075 1419 2166 1460 Don
2195 1417 2479 1462 Ferdinandus

1443 1469 1654 1531 fidejuffor
1678 1473 1997 1527 consenserunt,
2028 1477 2069 1517 &
2092 1475 2142 1518 ad
2171 1476 2284 1520 illam
2309 1486 2480 1530 petem,

1446 1533 1664 1589 impetran.
1680 1563 1695 1586 ,
1720 1534 1907 1577 obtinen.
1924 1564 1939 1587 ‚
1966 1537 2004 1576 &
2032 1534 2220 1590 expediri
2248 1535 2482 1580 faciendam

1444 1590 1664 1649 praemifl‘o,
1687 1595 1725 1634 &
1741 1595 1851 1636 omni
1873 1594 1958 1635 alio
1983 1594 2146 1635 meliori
2159 1594 2286 1637 modo
2300 1597 2380 1637 &c-
2396 1608 2483 1636 am·

1445 1654 1657 1696 baePartes
1674 1653 1969 1696 constituerunt
1986 1653 2305 1696 Procuratorem
2321 1655 2484 1696 irrevo-

1445 1711 1656 1762 cabilem,
1683 1720 1727 1752 ut
1755 1711 1795 1753 in
1811 1724 1900 1754 rem
1919 1712 2130 1767 propriam
2146 1741 2161 1763 ,
2188 1713 2312 1755 etiam
2341 1711 2482 1755 medio

1444 1771 1812 1829 juramento,tae'tis
1828 1773 1997 1824 penore
2011 1799 2026 1821 ,
2048 1772 2087 1812 &
2101 1773 2242 1815 Cruce
2257 1800 2271 1823 ,
2293 1770 2478 1821 &literis

1445 1827 1686 1884 respeetive,
1697 1825 1920 1880 Illustriss.,
1933 1830 1974 1871 &
1987 1828 2275 1873 Excellentiss.
2287 1832 2342 1873 D.
2357 1832 2484 1874 Fran-

1447 1888 1599 1931 ciscum
1614 1888 1868 1943 Capitonum
1883 1889 1935 1931 de
1949 1891 2098 1932 saneto
2113 1890 2292 1932 Gemino
2308 1892 2360 1932 U.
2373 1892 2407 1945 J.
2425 1890 2481 1929 D.

1445 1947 1601 1990 ibidem
1614 1942 1961 2004 praesentem,cum
1973 1948 2290 1991 authoritatibus
2306 1950 2343 1990 &
2359 1946 2485 1996 facul,

1444 2008 1595 2050 tatibus
1612 2004 1786 2063 desuper
1810 2005 2039 2050 necessariis
2057 2037 2070 2059 ,
2093 2009 2132 2050 &
2147 2009 2386 2063 opportunis
2405 2036 2418 2058 ‚
2440 2007 2482 2048 &

1443 2080 1538 2108 cum
1579 2065 1776 2110 facultate
1809 2062 2076 2109 substituendi
2107 2068 2188 2108 διε.
2210 2068 2251 2108 &
2271 2065 2482 2122 generali·

1439 2136 1504 2170 ter
1523 2128 1601 2167 διε.
1618 2127 1868 2181 promittens
1882 2127 1960 2168 &c.
1973 2126 2160 2170 relevans
2176 2128 2254 2168 &c-
2272 2129 2374 2184 Quae
2393 2140 2484 2168 om-

1437 2187 1504 2230 nia
1522 2186 1590 2237 ,&
1607 2184 1758 2241 singula
1775 2182 1964 2241 praemiffa
1980 2215 1994 2238 ,
2024 2187 2119 2228 &in
2138 2185 2319 2243 praesenti
2334 2185 2477 2228 instru-

1432 2256 1575 2288 mento
1601 2254 1797 2287 contenta
1829 2244 1978 2299 singula
2004 2244 2166 2299 lingulis
2202 2244 2384 2299 congrue
2410 2257 2480 2286 re-

1429 2302 1606 2346 ferendo
1631 2302 1746 2346 dinae
1760 2306 1902 2347 Partes
1918 2304 2216 2360 promiserunt,
2231 2303 2455 2347 attendere
2466 2329 2480 2352 ,

1429 2373 1519 2405 rata
1534 2362 1692 2404 habere
1706 2388 1721 2412 ,
1751 2363 1986 2405 executioni
2013 2361 2298 2414 demandare,
2323 2365 2363 2404 &
2379 2377 2484 2404 con·

1430 2433 1492 2463 tra
1508 2434 1592 2463 non
1611 2417 1751 2463 facere
1765 2422 1844 2463 &c.
1876 2434 1926 2463 ex
1948 2423 2092 2476 quavis
2113 2420 2230 2463 causa
2246 2424 2323 2463 &c.
2341 2450 2355 2472 ‚
2380 2421 2493 2463 alias'

1430 2480 1543 2522 ultra
1569 2477 1771 2531 praecisam
1802 2479 1967 2521 illorum
1995 2481 2204 2530 omnium,
2233 2482 2272 2521 δι
2298 2480 2480 2536 fingule-

1431 2549 1521 2579 rum
1539 2535 1837 2580 observantiam
1853 2563 1868 2586 ,
1899 2538 1950 2579 ad
1967 2552 2087 2592 quam
2105 2539 2265 2590 semper
2281 2544 2372 2594 cogi
2388 2537 2479 2594 pos-
2513 2553 2518 2585 j

1429 2596 1519 2638 sent
1535 2622 1548 2645 ,
1566 2594 1700 2637 teneri
1716 2595 1843 2637 etiam
1858 2623 1872 2645 ,
1893 2597 1933 2636 δε
1946 2595 2148 2653 obligatos
2165 2594 2243 2640 effe
2259 2597 2478 2639 voluerunt

1429 2654 1482 2697 ad
1506 2653 1640 2695 omnia
1668 2653 1813 2696 damna
1832 2655 1908 2695 &c.
1926 2682 1944 2705 ,
1971 2655 2025 2696 de
2051 2656 2193 2712 quibus
2214 2658 2294 2697 διε,
2313 2683 2328 2706 ,
2364 2655 2475 2712 quod

1428 2714 1705 2771 juramentum
1719 2713 1796 2754 διε.
1817 2711 1868 2754 fic
1883 2716 2012 2755 astum
2029 2717 2107 2756 &c.
2135 2718 2216 2757 Pro
2231 2714 2375 2772 quibus
2388 2728 2475 2756 om-

1433 2773 1552 2817 nibus
1565 2799 1578 2821 ,
1600 2770 1640 2812 δὲ
1653 2771 1817 2828 singulis
1832 2772 2035 2828 praemiffis
2053 2774 2104 2816 sie
2123 2774 2314 2816 tenendis
2327 2800 2341 2820 ,
2360 2787 2476 2815 com-

1433 2831 1597 2890 plendis
1610 2860 1622 2883 ,
1637 2845 1682 2873 ac
1699 2830 1876 2873 firmiter
1892 2833 2242 2876 &inviolabiliter
2256 2831 2476 2876 observan-

1432 2892 1496 2934 dis
1523 2889 1657 2934 dinus
1679 2890 1970 2934 Illustriffimus
1987 2921 2000 2943 ‚
2032 2895 2072 2936 &
2099 2891 2473 2936 Excellentiffimus

1430 2954 1486 2994 D.
1502 2953 1595 2992 Don
1606 2952 1783 3007 Joannes
1799 2953 2005 2994 Antonius
2028 2953 2246 3004 venditor,
2280 2966 2325 2993 ac
2350 2951 2478 2994 difius

1429 3010 1776 3060 lllustriffimus,&
1790 3010 2074 3057 Excellentiss.
2089 3015 2238 3054 D.Don
2252 3010 2479 3053 Ferdinan·

1426 3069 1502 3112 dus
1516 3067 1721 3126 fidejussor
1748 3071 1788 3112 in
1814 3069 1987 3113 solidum
2012 3071 2250 3128 obligarunt
2265 3071 2343 3111 &c-
2376 3069 2416 3111 se
2433 3067 2474 3110 se

1426 3132 1505 3172 &c.
1532 3143 1578 3172 ac
1595 3131 1697 3171 bona
1710 3131 1787 3172 &c.
1801 3129 1840 3172 in
1854 3130 2044 3187 ampliori
2056 3129 2184 3174 forma
2201 3127 2469 3183 eam.Ap·0st.

1428 3204 1522 3232 curn
1536 3188 1726 3232 clausulis
1740 3191 1819 3231 δίε·
1849 3190 1955 3232 citra
1971 3192 2048 3234 &c.
2067 3186 2344 3233 renunciando
2357 3216 2372 3238 ,
2388 3188 2468 3229 &c.

1428 3251 1469 3292 δι
1480 3246 1741 3293 consentiens
1753 3251 1832 3293 διε.
1851 3250 1966 3293 unica
1979 3252 2074 3300 δια,
2091 3249 2227 3305 sicque
2244 3247 2358 3290 tactis
2371 3249 2475 3288 Cru.

1429 3322 1479 3351 ce
1509 3336 1523 3359 ,
1555 3309 1602 3348 ἃ
1630 3309 1763 3352 literis
1791 3307 2016 3365 respestive
2042 3308 2226 3365 jurarunt
2241 3308 2319 3349 &c.
2352 3307 2471 3360 super

1430 3367 1576 3425 quibus
1601 3370 1789 3413 omnibus
1807 3397 1822 3420 ,
1855 3371 1895 3411 &
1920 3369 2083 3424 singulis
2111 3365 2343 3424 supradietis
2361 3363 2470 3420 peti-

1430 3438 1516 3471 tum
1533 3425 1609 3470 fuit
1626 3430 1649 3472 ἐι
1663 3443 1730 3472 me
1750 3429 1928 3473 Notario
1941 3428 2108 3485 publico
2123 3424 2382 3480 infrascripto
2396 3451 2410 3474 υ
2426 3430 2472 3463 Ut

1429 3487 1483 3531 de
1501 3487 1696 3544 praedictis
1709 3489 1895 3531 omnibus
1911 3502 2034 3532 unum
2048 3516 2064 3538 ‚
2097 3485 2162 3528 vel
2191 3483 2307 3540 plura
2333 3481 2470 3538 publi-

1430 3562 1555 3600 cum,
1584 3547 1651 3590 vel
1681 3549 1844 3605 publica
1872 3546 2149 3596 conficerem,
2182 3554 2302 3601 atque
2326 3541 2470 3584 trade·

1429 3622 1517 3650 rem
1533 3609 1847 3652 instrumentum
1863 3636 1877 3659 ,
1890 3609 1930 3649 δι
1941 3604 2220 3656 instrumenta,
2232 3612 2353 3660 prout
2367 3614 2466 3652 opus

1431 3666 1558 3711 fuerit
1572 3700 1587 3721 ,
1619 3683 1666 3714 ac
1698 3669 1908 3724 requisitus
1935 3679 2008 3708 ero
2021 3693 2032 3704 .
2066 3667 2217 3707 Datum
2234 3661 2464 3706 Romarm-1

1431 3731 1569 3771 Domo
1591 3726 1717 3772 solitae
1731 3724 2006 3771 Habitationis
2021 3721 2235 3780 supradicti
2253 3725 2467 3765 Reveren—

1424 3788 1568 3831 diffimi
1585 3787 1851 3835 P.D.Virilis,
1865 3783 2061 3839 Regionis
2074 3783 2280 3834 Arenulae,
2298 3777 2465 3838 praesen-

1424 3851 1558 3901 tibus,
1583 3847 1868 3897 audientibus,
1893 3854 2017 3901 atque
2033 3842 2358 3906 intelligentibus
2376 3841 2463 3881 Do-

2300 3912 2412 3942 mino
