2710 4108
342 236 516 321 340

477 382 519 423 D
576 378 613 423 E
672 380 713 422 C
771 378 814 421 R
875 376 910 419 E
971 375 1009 417 T
1067 376 1107 417 O

344 499 479 549 Sacrae
508 495 709 566 Congreg.
741 494 928 563 Epifiop.
949 494 1004 543 ὑ·
1031 493 1237 562 Regular.

278 629 538 682 Parochum
575 624 801 676 S-Mariae
829 623 875 672 in
905 624 1011 672 loco
1037 624 1234 679 Hortae,
1260 620 1306 668 in

346 696 546 750 Ecclefia
578 699 791 746 Fratrum
832 692 1000 742 ibidem
1034 697 1139 757 jura
1170 696 1308 742 Paro-

342 770 508 820 chialia
529 782 739 817 exercere
758 781 849 813 non
873 761 995 832 poffe
1027 763 1308 813 declaratur.

353 900 396 941 N
420 895 536 939 causa
567 891 803 938 Novarienfi
838 891 946 933 inter
973 893 1054 935 PP.
1080 890 1312 948 Capucinos

278 902 331 1012 I
368 959 509 999 Hortae
525 969 575 998 ex
589 967 665 996 una
681 981 694 1004 ,
724 953 765 992 &
782 951 1011 994 Parochum
1035 955 1075 994 S.
1091 950 1227 992 Maria:
1242 974 1256 995 a
1271 961 1317 989 ac

280 1014 630 1063 communitatem
660 1011 755 1054 dicti
771 1007 849 1053 loci
863 1009 1052 1066 partibus
1079 1022 1127 1052 ex
1157 1007 1286 1050 altera
1303 1033 1315 1046 .

337 1138 460 1177 Sacra
477 1129 732 1190 congregatio
747 1122 1135 1181 Eminenttffimorum
1146 1151 1160 1171 2
1180 1137 1225 1166 ac
1241 1126 1314 1166 Re-

280 1190 628 1249 verendtffimorum
644 1191 683 1229 S.
701 1190 748 1230 R.
763 1190 809 1228 Ε.
825 1183 1103 1228 Cardinalium
1120 1181 1285 1239 negotiis
1300 1210 1316 1233 ,

279 1254 329 1302 θ’
348 1245 698 1309 Consultationibus
724 1242 995 1299 Episcoporum
1010 1272 1023 1294 ‚
1055 1243 1104 1290 ἐς·
1139 1243 1313 1298 Regula-

279 1315 384 1357 rium
388 1307 614 1367 praepost'ta‚
629 1303 767 1346 audita
783 1303 973 1345 relatione
992 1300 1167 1356 Episiopi
1182 1304 1314 1344 Nova-

281 1369 440 1426 ricnst's‚
463 1364 649 1424 partibus
677 1361 765 1418 ipsis
789 1360 938 1403 auditis
952 1390 966 1412 ‚
981 1358 1178 1420 referente
1201 1359 1310 1402 Emi-

278 1426 488 1485 nentifflmo
515 1421 710 1479 Acciajolo
729 1450 744 1472 ‚
775 1419 923 1476 censtcit
951 1447 966 1470 ,
997 1433 1043 1462 ac
1064 1419 1283 1461 declaravit
1300 1445 1315 1469 ‚

278 1501 325 1529 ex
345 1485 514 1528 deductis
540 1483 690 1525 nullum
705 1478 772 1536 jus
798 1486 1011 1534 competere
1035 1476 1225 1534 praedic't'o
1242 1479 1316 1518 Pa-

279 1545 392 1587 rocho
409 1541 559 1586 Sanc'lae
573 1543 723 1584 Maria:
736 1537 935 1580 exercendi
953 1536 1054 1594 jura
1060 1536 1253 1592 parochia
1259 1537 1316 1577 lia

281 1606 322 1647 in
340 1602 502 1655 Ecclesia
519 1597 804 1655 Capucinorum
819 1597 953 1639 Sani-‘Ii
968 1593 1126 1640 Nicolai
1139 1623 1152 1637 .
1181 1598 1313 1638 Romae

281 1676 350 1708 vi·
367 1661 582 1711 Februarii
597 1668 822 1702 mocxcix.

665 1775 724 1827 G.
756 1773 884 1824 Card.
918 1773 1146 1840 Car-pineus
1161 1808 1177 1825 .

514 1904 629 1946 Loco
652 1902 710 1959 ᾧ
737 1901 896 1960 sigilli.

574 2019 629 2062 N.
646 2019 832 2076 Arcbt‘ep.
855 2019 1038 2062 Teatinus
1062 2018 1208 2060 secret.

339 2144 400 2186 Ex
439 2143 532 2195 Reg.
550 2137 673 2181 Arcb.
706 2137 938 2180 secretaria·
961 2137 1153 2192 congreg.
1180 2134 1300 2193 mens:
1309 2163 1325 2185 ,

399 2200 448 2249 ω’
479 2200 575 2241 anni
592 2196 722 2253 pred.

1063 197 1600 286 *Provincia
1663 251 1669 255 -

1369 315 1481 357 ribus
1502 308 1705 370 promiffis
1730 335 1745 360 ‚
1788 313 1829 355 &
1864 324 1916 355 ex
1946 312 2035 355 aliis
2073 313 2097 357 ὲ
2127 311 2236 355 dieto
2260 310 2414 369 populo

1371 372 1642 416 communiter
1669 369 1901 426 supplendis
1924 400 1939 424 ,
1975 371 2230 423 Ecclesiam,
2260 374 2300 414 &
2333 376 2419 414 Do-

1367 446 1475 476 mum
1497 431 1612 474 dietis
1627 430 1818 473 Patribus
1832 461 1848 483 ,
1866 431 2091 474 Provincia:
2104 430 2416 474 Mediolanenfis

1367 491 1391 533 ὲ
1418 489 1692 533 fundamentis
1716 489 1880 544 erigere
1907 489 2111 533 intendit.
2145 492 2417 544 Quapropter,

1367 552 1454 592 EE.
1474 550 1570 592 VV.
1598 547 1824 590 humillime
1849 547 2053 605 supplicat
2081 563 2155 605 pro
2181 557 2418 604 opportuna

1367 607 1562 650 facultate
1586 605 1813 662 praedictam
1855 605 2076 650 Ecclefiam
2101 635 2112 658 ‚
2143 609 2183 649 δι
2217 611 2418 651 Conven-

1370 677 1458 710 tum
1485 663 1706 708 aedificandi
1732 665 1774 704 'in
1811 664 1891 707 fitu
1923 693 1938 716 ‚
1981 678 2100 720 quem
2128 665 2418 709 Illustriffimus

1371 722 1800 780 Dominussspiscopus
1813 725 1942 765 Crem
1953 725 2107 766 onenfis
2123 723 2413 780 defignaverit.

1369 782 1496 843 Qod
1524 782 1603 825 sine
1635 780 1807 824 aliorum
1839 781 2138 836 Religiosorum
2173 783 2419 826 Mendican-

1371 846 1472 886 tium
1489 870 1503 892 ‚
1534 840 1589 884 ibi
1605 868 1619 891 ‚
1645 841 1685 881 δε
1704 841 1742 880 in
1756 838 1900 882 vicinia
1922 845 2262 883 commorantium
2281 855 2411 897 ‚prae-

1377 901 1529 960 judicio
1552 897 1652 950 fiet,
1679 911 1772 941 cum
1798 897 1878 954 jam
1892 898 1993 942 aliis
2013 901 2299 954 PP-Capucini
2329 914 2417 942 me·

1379 958 1527 1004 morati
1551 956 1723 1000 Cafliani
1751 955 1919 1007 locum,
1947 957 1999 999 ad
2027 957 2321 1013 quaestuandum
2347 973 2420 1000 ac-

1376 1019 1554 1062 cedant.
1589 1015 1838 1073 Adjungitur
1868 1017 1908 1058 δι
1933 1016 2043 1058 aliud
2075 1014 2192 1073 hujus
2223 1016 2419 1059 intentio-

1378 1079 1436 1121 nis
1465 1076 1687 1123 motivum,
1718 1074 1828 1130 quod
1853 1075 1911 1117 est
1930 1103 1944 1126 ‚
1978 1084 2023 1116 ut
2039 1075 2241 1132 Capucini
2264 1089 2319 1117 ex
2344 1089 2417 1116 oc-

1375 1139 1530 1181 casione
1546 1131 1788 1176 infirmitatis
1802 1132 1854 1176 de
1873 1137 2095 1176 Conventu
2114 1133 2253 1177 Meltii
2270 1161 2284 1185 ‚
2305 1134 2422 1175 Dioe-

1374 1195 1474 1240 cefis
1501 1192 1780 1237 Mediolanen.
1812 1191 1852 1233 in
1878 1193 2030 1247 peffimi
2054 1192 2157 1235 aeris
2183 1192 2276 1234 loco
2300 1191 2423 1234 fitua-

1375 1257 1407 1298 ti
1432 1283 1448 1307 ‚
1481 1251 1531 1296 ad
1546 1251 1896 1302 Conventum,in
1927 1251 2000 1293 fitu
2042 1250 2307 1294 saluberrimo
2336 1251 2422 1292 eri-

1375 1312 1553 1371 gendum
1569 1339 1584 1361 ‚
1610 1310 1828 1368 aliquoties
1850 1309 2019 1354 tranfire
2045 1310 2207 1353 valeant
2224 1339 2237 1352 .
2270 1313 2408 1366 Quam

1374 1372 1547 1430 gratiam
1562 1372 1639 1414 &c.

1434 1493 1556 1532 Sacra
1572 1486 1832 1542 Congregatio
1849 1483 2238 1542 Eminentiffi’morum
2251 1515 2264 1539 ‚
2279 1486 2327 1534 ὅ
2344 1488 2424 1527 Rc-

1375 1544 1724 1603 vcrendffmonum
1765 1548 1805 1587 S.
1821 1548 1869 1587 R.
1887 1549 1932 1588 Ε.
1960 1544 2241 1587 Cardinalium
2263 1574 2279 1595 ‚
2311 1542 2423 1599 nego.

1374 1611 1442 1652 tiis
1454 1634 1469 1658 2
1491 1605 1544 1655 ὠ·
1558 1603 1900 1663 consteltationibus
1916 1602 2046 1660 Epist·-
2062 1632 2078 1654 ,
2094 1603 2141 1652 (⁴5
2159 1605 2297 1659 Regul.
2314 1612 2425 1658 prae-

1372 1666 1498 1724 postta
1511 1691 1526 1713 2
1557 1671 1713 1706 attenta
1737 1662 1927 1705 relatione
1944 1662 2116 1718 Epifiopi
2132 1661 2426 1718 Cremonensis,

1376 1723 1574 1783 referente
1601 1719 1898 1778 Eminentifflmo
1913 1722 2110 1778 Acciajolo
2137 1721 2295 1774 censuit
2324 1733 2427 1762 com—

1378 1781 1608 1827 mittendum
1621 1808 1634 1830 ,
1640 1788 1766 1835 prout
1774 1778 1980 1836 praestntis
1997 1783 2157 1822 Decreti
2174 1784 2305 1836 vigore
2321 1778 2427 1821 heni-

1376 1842 1456 1900 gnc'
1471 1841 1589 1883 eidem
1604 1837 1784 1894 Ep-ssopo
1797 1842 2010 1882 committit
2024 1867 2039 1890 ‚
2068 1847 2116 1880 ut
2140 1844 2242 1881 veris
2254 1838 2418 1895 existen-

1383 1900 1486 1944 tibus
1502 1898 1679 1941 narratis
1693 1926 1709 1947 ,
1738 1898 1787 1945 θ’
1801 1897 1939 1955 stante
1961 1895 2140 1955 consensu
2167 1899 2337 1940 aliorum
2355 1900 2427 1939 Re.

1371 1960 1577 2016 gularium
1595 1961 1862 1999 Conventuum
1875 1982 1890 2004 a
1905 1961 2018 1999 intro
2030 1967 2203 2011 quatuor
2232 1957 2427 1998 malliaria

1382 2017 1627 2073 existentium
1640 2043 1654 2066 2
1669 2015 1879 2072 postquam
1893 2014 1979 2072 sibi
1992 2015 2213 2071 constiterit
2216 2015 2427 2073 fabricam

1388 2077 1605 2122 Conventus
1619 2088 1704 2118 cum
1719 2074 1887 2131 Ecclesia
1898 2104 1914 2126 ‚
1941 2075 2183 2129 campanili,
2198 2074 2312 2115 choro
2326 2101 2339 2124 ‚
2352 2073 2432 2128 sa.

1385 2136 1519 2194 caristia
1534 2163 1548 2186 ‚
1569 2132 1777 2190 refibJorio
1792 2161 1806 2184 ,
1819 2134 2048 2175 dormitorio
2063 2161 2077 2184 ‚
2099 2133 2222 2175 hortis
2236 2159 2250 2182 2
2267 2130 2422 2187 &spa-

1384 2197 1453 2240 tiis
1478 2221 1492 2243 ³
1523 2191 1695 2234 numeris
1722 2191 1895 2234 omnibus
1920 2191 1990 2249 ff
2011 2190 2259 2247 absolutam,
2291 2191 2339 2239 ἐς
2355 2190 2427 2250 stt·-

1380 2252 1573 2312 pellcflili
1598 2261 1683 2293 tom
1701 2250 1856 2311 sacra,
1884 2263 2002 2305 quam
2011 2251 2222 2306 prophana
2229 2248 2428 2307 sufficicn-

1385 2326 1449 2366 ter
1478 2309 1713 2364 instruHom
1730 2338 1745 2362 ‚
1776 2322 1920 2351 necnon
1940 2323 1988 2351 cx
2012 2307 2251 2367 eleemosynis
2268 2309 2429 2363 piorum

1314 2387 1317 2390 ·
1387 2368 1693 2429 Benefac‘lorum
1734 2368 1932 2410 duodecim
1965 2366 2184 2427 hujusmodi
2225 2367 2431 2425 Religiosbs

487 2456 530 2497 D
589 2454 625 2495 E
684 2453 723 2494 C
783 2452 825 2493 R
883 2451 920 2492 E
982 2449 1020 2491 T
1081 2448 1120 2488 O

543 2569 742 2638 Ejusdem
779 2568 827 2618 S.
854 2566 1056 2636 Congreg.

289 2709 499 2757 Domum
539 2718 644 2750 cum
676 2693 876 2750 Ecclefia
915 2696 960 2744 in
1003 2697 1108 2745 loco
1150 2691 1330 2745 Cass‘ani

356 2773 539 2826 Abduae
573 2772 690 2840 erigi
720 2805 736 2828 ,
783 2767 832 2819 ὅς
862 2771 1044 2816 Fratres
1083 2768 1130 2814 in
1163 2766 1330 2815 illam...

352 2844 507 2894 induci
538 2877 556 2900 ,
597 2839 824 2911 Episcopo
859 2834 1160 2889 Cremonenfi
1200 2854 1328 2886 com-

357 2928 622 2967 mittiturs

347 3040 643 3102 Eminentifflmi
656 3072 671 3096 ‚
695 3053 741 3084 ac
754 3036 1065 3097 Revereudtffimi
1082 3035 1268 3081 Domini.

399 3161 560 3220 Opulus
576 3160 695 3215 Burgi
709 3157 865 3204 Cassani
881 3157 919 3199 in
936 3159 1049 3200 Gera
1062 3156 1215 3200 Abduae
1229 3155 1332 3212 Dig-

413 3222 512 3265 cesis
528 3224 724 3265 Cremon.
741 3216 988 3262 humillimus
1018 3216 1212 3260 EE-VV.
1230 3217 1332 3259 ora.

293 3291 361 3325 tor
390 3281 554 3333 sciens,
584 3286 740 3336 quantae
768 3279 817 3319 fit
847 3274 1039 3318 utilitatis
1071 3275 1336 3319 animarum.»

295 3339 414 3383 saluti
445 3339 615 3397 Religio
646 3340 726 3382 PP.
747 3334 1055 3392 Capucinorum
1083 3364 1096 3387 ,
1127 3333 1337 3390 speciatim

296 3399 352 3443 ob
366 3398 730 3444 extraordinariam
743 3395 985 3439 charitatem
999 3423 1014 3446 ‚
1042 3391 1120 3451 qua
1134 3392 1338 3436 moribun-

301 3459 368 3501 dis
392 3458 592 3509 amitant,
618 3472 694 3514 pro
715 3454 784 3498 sua
811 3453 1090 3497 consolatione
1106 3482 1120 3505 ,
1149 3454 1190 3494 &
1213 3450 1339 3508 majo-

299 3531 345 3561 te
363 3516 495 3561 fructu
511 3516 736 3574 spirituali,
767 3528 818 3557 ex
839 3512 1107 3569 eleemosynis
1122 3538 1136 3559 2
1164 3513 1204 3553 δε
1225 3511 1340 3554 obla-

302 3577 478 3621 tionibus
496 3576 570 3629 ,ad
588 3578 692 3621 hunc
706 3573 894 3620 effectum
916 3570 939 3616 i
966 3573 1083 3617 variis
1105 3569 1340 3627 benefacto:

1391 2429 1582 2476 commode
1593 2427 1817 2486 sustentari
1837 2426 1942 2484 poffl
1955 2455 1970 2478 ‚
1996 2428 2051 2468 ad
2064 2428 2238 2483 petitam
2256 2431 2429 2470 Conven.

1387 2494 1453 2537 teis
1482 2485 1711 2531 cultionem
1736 2512 1752 2535 2
1792 2498 1838 2526 ac
1866 2485 2148 2542 Religiosorum
2174 2484 2429 2530 introductio.

1388 2564 1477 2595 nem
1493 2557 1571 2603 pro
1580 2546 1660 2606 suo
1673 2544 1872 2596 arbitrio,
1902 2545 1956 2595 &⁴
1980 2546 2210 2603 constientIa
2224 2574 2240 2598 ‚
2252 2545 2430 2602 struatis

1377 2607 1588 2670 firvandis
1604 2605 1812 2662 ,procedat
1825 2633 1840 2656 ‚
1868 2607 1928 2646 ita
1940 2613 2071 2646 tamen
2086 2631 2100 2655 ‚
2130 2613 2176 2646 ut
2201 2603 2244 2645 in
2261 2603 2429 2658 reliquis

1388 2683 1434 2712 ea
1455 2668 1612 2717 omnia,
1636 2677 1722 2720 quae
1736 2672 1815 2720 per
1828 2666 1898 2705 55.
1916 2666 2084 2707 canones
2097 2691 2113 2714 ,
2144 2666 2185 2704 s.
2206 2660 2430 2706 Concilium

1395 2726 1669 2772 Tridentinum
1694 2752 1709 2775 ‚
1743 2721 2040 2778 constitutiones
2075 2721 2310 2780 Apostolicas
2323 2750 2340 2772 ,
2370 2722 2425 2771 ὠ*

1392 2788 1552 2832 ordinis
1561 2779 1874 2839 praedtc'liffirca
1892 2779 2111 2838 hujusmodi
2123 2794 2311 2823 novorum
2327 2783 2432 2823 Cou-

1391 2856 1575 2890 ventuum
1582 2843 1837 2898 Regularium
1851 2840 2054 2883 erectiones
2062 2839 2406 2898 praestrtptasunt
2415 2866 2430 2890 ,

1386 2903 1567 2963 religiose
1565 2902 1786 2962 sirventur
1797 2929 1809 2941 .
1826 2902 1959 2942 Roma
1972 2914 2078 2943 xxu.
2094 2898 2204 2960 Maji
2218 2910 2423 2943 mocxcix.

1671 3081 1730 3133 G.
1759 3077 1887 3129 Card.
1911 3075 2158 3146 Cat-pineus.

1688 3272 1749 3313 N.
1767 3265 1950 3323 Arcbicp.
1972 3268 2156 3312 Teatinus
2169 3268 2314 3309 secret.

1457 3451 1518 3494 Ex
1545 3450 1642 3551 Reff.
1672 3451 1819 3506 seem3
1848 3450 2036 3502 Congreg-
2059 3441 2193 3502 mensts
2206 3470 2222 3495 ‚
2253 3441 2308 3495 ό»
2329 3441 2427 3486 anni

1508 3516 1595 3566 prae
1626 3536 1641 3554 .

2267 3828 2383 3876 DF„
