2762 4030
1148 146 1630 239 Romana.

318 265 491 310 nitatem
520 267 573 310 ex'
594 262 719 311 caulis
734 262 850 318 supra
864 260 1057 317 expreffis
1070 288 1084 313 ,
1097 274 1146 307 ac
1173 263 1243 309 sub
1257 280 1358 315 one·

313 327 426 368 ribus
444 356 459 378 ,
487 321 837 382 obligationibuS,
864 320 1191 372 conditionibus,
1218 326 1258 371 ὃς
1289 339 1357 369 re-

313 376 918 430 servationibusinfradicendis
934 408 946 431 2
962 380 1185 425 videlicet:
1217 394 1263 426 ut
1288 383 1358 427 fibi

308 441 666 489 'Excellentiffimae
680 441 733 482 D.
750 436 1012 495 Principisi‘ae‚
1029 438 1160 483 donec
1172 468 1186 492 ,
1205 443 1242 484 &
1258 456 1358 497 quo*

311 505 439 563 usque
450 498 697 545 naturaliter
723 497 900 550 vixerit,
916 496 1150 554 specialiter
1175 525 1190 548 a
1219 502 1260 543 &
1287 515 1357 548 ex-

308 560 448 622 presse
473 556 703 602 reservatus
713 557 761 599 sit
778 566 932 614 ,prout
953 556 1211 610 reservavit,
1236 560 1272 602 δι
1290 574 1358 603 re-

308 624 459 669 servat,
475 618 639 675 integer
666 615 757 660 usus
772 613 956 668 studius,
982 616 1199 674 liberaque
1225 619 1358 662 admi-

303 677 491 725 nistratio
514 678 698 724 omnium
723 704 738 728 ,
772 676 813 718 δε
838 674 1086 732 singulorum
1124 675 1353 727 censuum..-

297 734 578 798 praesatorum,
588 737 709 787 adeo,
719 746 765 779 ut
779 734 804 778 fi
821 733 1149 793 contigerit,ipsi
1171 737 1357 788 vivente,

304 796 490 855 aliquem
501 809 551 844 ex
563 795 623 845 eis
638 793 817 848 redimi,
842 805 967 853 atque
981 796 1196 854 extingui,
1211 794 1351 853 hujus-

303 855 418 900 modi
434 854 838 899 retrovenditionem
852 883 868 908 ,
882 853 947 900 seu
963 855 1347 900 retrovenditiones

302 918 317 959 i
350 914 387 958 sa
401 914 533 959 libere
550 914 689 959 facere
702 912 844 971 ponit,
861 916 902 956 δε
919 915 1056 959 valeat
1071 940 1086 963 ,
1108 916 1149 957 δι
1164 914 1343 973 pretium

301 931 376 1019 sgu
399 975 534 1032 pretia
557 974 747 1030 recipere
766 987 844 1018 una
860 988 953 1018 cum
976 973 1172 1018 fructibus
1186 976 1265 1018 &c.
1294 972 1347 1018 de

294 1034 483 1092 receptis
498 1062 512 1087 ,
537 1034 578 1077 &-
600 1032 748 1078 exactis
771 1034 851 1075 &m
870 1061 885 1086 ,
919 1035 1112 1091 quiet-are
1127 1061 1142 1083 ,
1171 1035 1210 1076 8:
1234 1033 1347 1077 alia.)

300 1090 481 1150 desuper
492 1102 722 1149 opportuna
736 1089 894 1145 facere,
909 1094 951 1136 ἀ
962 1092 1209 1149 adimplere,
1226 1103 1349 1149 prout

298 1151 383 1209 ipsa
411 1151 632 1200 maluerit,
660 1150 712 1195 ad
744 1149 934 1194 effectum
950 1162 1085 1195 tamen
1118 1149 1349 1208 hujusmodi

295 1211 507 1271 pretium,
533 1209 600 1254 seu
623 1208 757 1267 pretia
779 1209 920 1254 denuo
955 1209 1250 1254 reinvestiendi
1273 1211 1345 1255 ina

296 1270 550 1328 emptionem
566 1269 738 1315 alterius
753 1272 878 1314 annui
889 1269 1036 1316 census
1051 1271 1123 1313 seu
1136 1269 1347 1321 censuum,

296 1331 370 1388 qui
392 1330 549 1387 semper
577 1328 653 1372 fint
679 1357 695 1382 ,
719 1331 762 1372 &
787 1329 1034 1374 censeantur
1073 1327 1281 1386 subrogati
1306 1329 1347 1370 in

294 1389 439 1433 iocum
466 1392 642 1438 census,
670 1386 740 1432 seu
763 1386 959 1433 censuum
988 1386 1349 1433 retrovendendo-

294 1462 387 1492 rum
401 1477 417 1501 ,
431 1447 626 1505 idemque
639 1446 708 1490 fibi
722 1446 863 1492 facere
877 1447 999 1493 liceat
1020 1449 1146 1491 toties
1156 1478 1172 1500 ,
1185 1447 1348 1505 quoties

294 1507 553 1564 contigerit,
580 1507 743 1560 donec,
775 1507 1036 1566 &quousque
1059 1508 1141 1564 ipsa
1155 1504 1347 1550 naturali-

294 1576 366 1609 ter
389 1567 543 1611 vixerit
563 1595 578 1619 ,
603 1565 736 1610 libere
752 1568 846 1623 quia
865 1567 915 1610 fic
937 1569 1016 1609 διε.
1049 1569 1159 1609 item
1175 1577 1220 1609 ut
1234 1565 1345 1621 ipsu,

291 1627 409 1669 Ven·
438 1623 778 1669 confraternitas
795 1655 811 1677 ,
844 1626 886 1667 &
914 1626 1023 1672 illius
1050 1639 1132 1680 pro>
1151 1636 1344 1680 tempore

295 1684 501 1728 Custodes
525 1714 542 1736 ,
571 1684 613 1726 &
648 1681 896 1728 Confratres
930 1684 1017 1739 post
1038 1685 1152 1727 suum
1180 1686 1343 1727 obitum

295 1751 522 1787 teneantur
549 1741 701 1799 lingula
732 1742 803 1786 die
830 1741 891 1785 sui
918 1741 1046 1786 futuri
1071 1743 1213 1787 obitus.
1236 1742 1347 1785 cele-

294 1801 408 1845 brari
430 1799 587 1853 facere,
602 1802 643 1844 in
657 1815 803 1847 eorum
823 1803 931 1845 Ven.
949 1801 1132 1847 Ecclefia
1158 1802 1347 1860 praediCta

297 1874 426 1905 unum
451 1859 728 1904 Anniverfitle
764 1875 841 1918 pro
877 1860 1063 1918 suffragio
1094 1862 1167 1904 suae
1191 1862 1347 1904 Animae

293 1919 509 1979 perpetuis
524 1917 676 1963 futuris
699 1919 950 1977 temporibus
967 1921 1007 1964 in
1031 1919 1265 1966 infinitum:
1289 1923 1345 1964 Et

294 1980 471 2023 ulterius
494 1978 681 2036 quolibet
696 1993 830 2031 anno,
872 1981 1049 2024 etiamin
1063 1991 1311 2039 perpetuum
1330 2009 1346 2034 ,

293 2041 336 2082 δι
359 2039 399 2082 in
426 2037 628 2083 infinitum
659 2039 830 2084 tradere
845 2068 860 2092 ,
884 2041 926 2082 δι
952 2040 1190 2098 confignare
1207 2043 1347 2084 Vene-

289 2099 414 2145 'rabili
429 2101 668 2144 Conventui
685 2098 777 2152 ,sub
791 2100 1054 2144 invocatione
1067 2101 1202 2146 sancti
1215 2101 1346 2143 Bona-

289 2160 605 2215 venturaeipsius
620 2159 816 2203 Civitatis
830 2158 976 2207 Albani
987 2159 1118 2210 ,aliis
1133 2174 1207 2216 per
1220 2159 1347 2216 ipsam

291 2217 490 2263 aedificato
504 2245 519 2269 ,
548 2217 734 2275 illiusque
748 2219 846 2260 RR.
866 2219 1077 2262 Fratribus
1089 2218 1200 2261 scuta
1225 2220 1349 2275 quin-

290 2279 484 2334 quaginta
509 2287 686 2322 monetae
705 2304 720 2325 ‚
741 2290 892 2332 nempe
907 2275 1016 2319 scuta
1034 2278 1270 2333 quindecim
1299 2278 1341 2318 in

292 2344 359 2379 tot
381 2335 529 2379 cereis
552 2337 605 2379 ad
625 2335 743 2377 usum
758 2334 915 2376 Altaris
930 2363 945 2387 ,
970 2334 1081 2378 scuta
1103 2334 1340 2392 quindecim

292 2395 333 2437 in
349 2403 412 2438 tot
423 2394 520 2437 oleo
534 2423 549 2446 ,
578 2392 688 2437 scuta
701 2393 848 2436 decem
864 2394 903 2435 in
930 2403 994 2436 tot
1018 2408 1139 2436 carne
1153 2424 1168 2444 ,
1196 2394 1348 2436 &toti-

293 2454 388 2497 dem
406 2451 518 2496 scuta
535 2452 684 2495 decem
715 2453 755 2492 in
782 2461 846 2493 tot
860 2451 1062 2507 piscibus,
1096 2451 1345 2509 hujusmodi-

295 2525 378 2568 que
403 2525 576 2554 annuam
613 2508 909 2562 traditionem,
934 2511 975 2551 &
1000 2509 1346 2567 consignationem

288 2568 443 2627 absque
463 2568 549 2612 ulla
570 2567 1126 2619 interrniffione,continuare
1149 2570 1187 2611 in
1201 2584 1347 2627 perpe·

290 2640 436 2680 tuum,
462 2630 504 2671 &
525 2629 568 2671 in·
587 2626 790 2671 infinitum
807 2657 821 2680 ,
845 2630 885 2670 δι
904 2631 984 2671 haec
1001 2643 1128 2671 onera
1156 2628 1194 2669 in
1210 2628 1344 2671 tabel-

288 2689 330 2732 la
352 2690 472 2744 ipfius
499 2689 763 2731 Venerabilis
801 2686 1166 2731 Confraternitatis
1194 2686 1345 2730 descri-

288 2750 391 2790 bere
406 2776 420 2800 ,
431 2748 474 2788 ἃ.
486 2745 691 2804 descripta
706 2749 915 2804 perpetuo
928 2747 1174 2789 conservare
1188 2775 1202 2787 .
1218 2749 1341 2797 Item,

295 2816 343 2850 ut
360 2806 569 2862 praedifilos
582 2820 743 2859 omnes,
759 2807 800 2847 &
817 2805 997 2861 fingulos
1007 2818 1160 2847 annuos
1178 2803 1338 2856 census,

291 2876 338 2908 ut
353 2862 838 2921 prefertur,donatos&c.
855 2878 1013 2906 necnon
1032 2863 1185 2907 aliosin
1199 2877 1342 2906 eorum

289 2924 427 2967 locum
444 2937 527 2979 pro·
537 2931 723 2978 tempore
740 2922 1001 2979 subrogandi,
1015 2923 1185 2978 ipsamet
1205 2924 1342 2965 Vene-

289 2983 431 3027 rabilis
458 2978 792 3025 Confraternitas
827 2980 984 3037 semper
1023 2982 1341 3025 inalienabiliter

292 3052 567 3086 manutenere
580 3069 595 3092 ,
613 3042 653 3083 δι
668 3039 911 3083 conservare
926 3049 1146 3092 teneatur,
1165 3039 1339 3097 illosque

289 3115 459 3151 omnes,
489 3102 529 3142 &
558 3099 732 3156 singulos
754 3126 768 3148 ,
793 3098 908 3141 nullo
921 3112 1099 3155 unquam
1112 3109 1337 3156 tempore.)

287 3175 342 3203 ex
358 3159 499 3216 quavis
517 3161 643 3202 etiam
662 3158 853 3214 urgenti,
873 3158 916 3198 δι
932 3156 1201 3213 urgentiffima
1221 3159 1336 3201 causa

285 3219 440 3263 nemini
457 3219 579 3260 alteri
596 3218 773 3275 personae
787 3218 867 3259 διε.
882 3216 925 3257 in
938 3225 1027 3259 toto
1042 3242 1056 3264 a
1088 3216 1152 3258 vel
1183 3217 1223 3259 in
1242 3231 1336 3273 par-

287 3288 334 3321 te
367 3278 551 3321 vendere
578 3305 592 3328 ,
630 3276 816 3328 cedere,
845 3274 1040 3331 affignare
1059 3302 1074 3324 ,
1112 3275 1297 3331 obligare
1323 3306 1337 3328 ,

290 3338 564 3394 hipothecare
579 3365 592 3388 ,
619 3345 688 3378 aut
710 3335 815 3378 alias
839 3332 1152 3391 quomodolibet
1177 3335 1335 3378 aliena-

286 3410 332 3440 re
345 3396 461 3453 poffit
476 3425 491 3448 ,
521 3398 561 3439 δι
581 3394 716 3438 valeat
736 3424 750 3446 ,
768 3393 1020 3435 alienationis
1034 3394 1113 3434 διε.
1131 3393 1334 3437 vocabulo

289 3455 476 3498 latissime
505 3457 685 3511 sumpto,
701 3453 771 3497 sub
793 3466 900 3509 paena
919 3451 1116 3494 nullitatis
1131 3482 1147 3503 ‚
1174 3466 1331 3495 necnon

290 3513 534 3560 caducitatis
573 3517 623 3557 ab
650 3514 761 3556 omni
788 3510 1011 3554 commodo
1033 3510 1233 3566 praesentis
1262 3512 1333 3554 do-

290 3573 493 3627 nationis,
522 3576 562 3615 &
584 3575 625 3616 in
652 3573 784 3615 casum
810 3584 952 3613 eorum
968 3570 1332 3613 retrovenditionis

2294 170 2403 268 67

1419 283 1507 312 rum
1523 267 1726 313 stabilium
1741 278 1837 309 cum
1851 265 2019 316 scientia
2036 303 2050 326 ,
2074 280 2114 321 ει
2134 277 2331 323 consensu
2350 284 2463 325 fimi.

1419 326 1636 371 nentlffimi
1649 328 1691 371 &
1705 327 2043 373 Reverendlffiml
2069 339 2120 378 D.
2135 340 2366 381 Cardinaljs
2386 356 2463 396 pro

1419 398 1611 442 tempore
1629 381 1817 442 Episcopi
1826 384 1944 442 ipsius
1961 390 2152 436 Civitatis
2168 399 2316 440 Albani
2331 414 2458 456 ,quos

1420 446 1486 488 seu
1511 458 1597 501 quae
1627 444 1815 487 fimilltel'
1841 441 2004 502 semper
2023 476 2038 499 5
2064 453 2101 491 δι
2132 459 2330 509 perpetu&
2355 474 2458 501 con-

1419 506 1609 554 servare,
1627 517 1701 545 nec
1717 517 1910 558 umquam
1925 504 2104 550 alienare
2120 509 2189 552 sub
2206 517 2346 566 quovis
2361 531 2457 573 ρης..

1419 572 1540 607 textu
1553 563 1632 606 διε.
1648 562 1763 618 poffit
1776 591 1792 614 ,
1806 563 1845 604 δι
1862 562 1999 606 valeat
2014 592 2028 616 ,
2041 566 2166 622 idque
2183 569 2341 615 servare
2357 575 2457 617 sem·-

1419 634 1496 687 per
1508 649 1523 672 ,
1536 622 1577 661 &
1597 620 1826 678 adimplere
1843 630 2051 675 teneatur,
2065 627 2366 683 toties,quoties
2382 634 2459 676 hu-

1418 677 1594 735 jusmodi
1621 679 1731 723 casus
1754 682 1945 724 evenerit
1979 683 2019 724 in
2048 698 2322 741 perpetuum,
2346 691 2387 731 δι
2412 693 2455 735 in

1418 735 1618 780 infinitum
1642 738 1773 782 libere
1785 738 1865 784 ἃς.
1891 742 1997 784 ltem
2012 753 2081 793 ,ut
2097 744 2135 785 in
2158 759 2459 802 quemcumque

1416 795 1547 840 casum
1561 825 1576 849 ,
1596 797 1637 843 δε,
1649 808 1844 843 eventum
1859 804 2216 847 controventionis
2232 833 2245 856 ,
2258 805 2457 859 defectus,

1409 867 1480 899 aut
1506 855 1818 904 inobservantia:
1846 859 2030 902 omnium
2056 888 2070 909 ‚
2097 863 2139 904 δι
2170 861 2458 918 singulorum-..0

1406 929 1606 968 onerum,
1627 915 1935 969 conditionum,
1967 919 2009 962 ἃ.
2036 918 2337 977 obligationum
2357 937 2457 977 prae-

1407 974 1586 1017 satarum
1601 1003 1616 1026 ,
1641 975 1813 1032 ipsamet
1841 977 2102 1020 Venerabilis
2117 978 2458 1024 confraternitas

1409 1034 1494 1090 ipso
1518 1033 1608 1090 jure
1622 1034 1819 1092 ,ipsoque
1838 1033 1945 1077 sacto
1970 1036 2176 1090 decadat,
2207 1052 2253 1080 ac
2268 1037 2461 1082 cecidiss'e

1411 1092 1628 1137 censeatur
1664 1095 1715 1137 ab
1749 1095 1861 1137 omni
1892 1095 2112 1138 commodo
2151 1095 2356 1152 praesentis
2382 1096 2459 1141 suae

1411 1153 1659 1196 Donationis
1686 1182 1700 1205 ,
1724 1153 1765 1198 ἃ
1790 1154 1831 1197 in
1859 1152 1973 1196 illius
1999 1154 2138 1198 locum
2164 1155 2389 1208 succedat,
2418 1159 2460 1200 δι

1410 1211 1635 1256 succedere
1660 1211 1811 1255 debeat
1840 1214 1947 1254 Ven.
1963 1214 2233 1270 Capitulum,
2256 1216 2295 1257 &
2320 1218 2456 1261 Cano-

1411 1271 1493 1312 nici
1508 1270 1775 1314 Cathedralis
1793 1269 1986 1314 Ecclefiae
2017 1277 2059 1316 S.
2081 1274 2287 1317 Pancratii
2304 1301 2319 1325 ,
2337 1273 2460 1331 ipfius

1411 1328 1607 1372 Civitatis
1625 1359 1639 1382 ‚
1668 1331 1732 1373 cui
1750 1356 1764 1378 ,
1795 1332 1835 1372 δι
1862 1331 2010 1387 quibus
2033 1331 2260 1389 hujusmodi
2288 1335 2454 1385 casum,

1408 1389 1448 1433 &.
1464 1400 1663 1432 eventum
1679 1388 1890 1445 praedifims
1902 1417 1917 1439 ,
1930 1404 2072 1434 omnes
2087 1418 2102 1442 ,
2129 1393 2171 1434 &
2192 1392 2368 1449 singulos
2384 1407 2455 1436 an·

1410 1461 1510 1490 nuos
1539 1447 1681 1490 census
1695 1463 1746 1491 cx
1772 1463 1877 1491 nunc
1904 1460 2095 1505 protunc
2111 1480 2127 1502 ,
2145 1453 2272 1494 etiam
2297 1452 2458 1496 irrevo-

1408 1506 1600 1551 cabiliter
1614 1537 1633 1558 ,
1659 1509 1822 1551 &inter
1837 1508 1979 1561 vivoS,
2002 1508 2172 1552 donavit
2186 1511 2263 1554 &c.
2290 1509 2361 1554 sub
2377 1509 2458 1555 eis-

1406 1565 1595 1610 demmet
1608 1569 1749 1610 annuis
1764 1567 1975 1623 perpetuis
1989 1568 2184 1613 oneribus
2201 1599 2214 1622 ‚
2229 1569 2453 1626 obligatio-

1406 1626 1524 1668 nibus
1538 1654 1553 1677 ,
1569 1625 1758 1678 vinculis,
1773 1628 1813 1671 &
1828 1625 2147 1675 conditionibus,
2161 1628 2276 1686 supra
2293 1628 2457 1686 expres-

1407 1687 1454 1727 fis
1469 1715 1482 1737 ,
1510 1683 1662 1743 singula
1676 1685 1842 1742 singulis
1857 1684 2040 1742 congrue
2067 1685 2250 1731 referen.
2272 1717 2290 1740 ,
2327 1689 2454 1744 quia-2

1408 1745 1548 1789 sic&c.
1579 1747 1632 1788 Et
1661 1743 1782 1788 salvis
1805 1744 2004 1801 praemiffis
2027 1745 2199 1802 ipsamet
2225 1747 2452 1791 Excellen-

1408 1803 1549 1846 tiffima
1580 1806 1635 1847 Ι).
1661 1803 1894 1861 Principiffa
1923 1804 2134 1862 promifit,
2163 1808 2203 1849 δι
2231 1806 2270 1849 se
2297 1806 2458 1864 obliga-

1408 1866 1469 1909 vit
1494 1862 1722 1921 hujusmodi
1751 1864 2067 1909 irrevocabilem
2095 1866 2205 1909 inter
2232 1866 2343 1908 vivos
2371 1868 2451 1908 do·

1405 1926 1633 1978 nationem,
1644 1924 1858 1970 ceffionem
1870 1955 1886 1977 ,
1899 1927 1939 1968 δι
1951 1926 2185 1970 renunciam
2196 1956 2212 1977 ,
2227 1926 2454 1981 cunc‘taque

1406 1985 1489 2028 alia.
1510 1984 1700 2040 praemiffa
1718 2014 1732 2037 ,
1757 1987 1796 2028 &
1819 1983 2100 2029 infradicenda
2123 1986 2282 2041 semper
2312 1986 2353 2026 δε
2368 1999 2454 2027 om·

1408 2044 1446 2087 ni
1475 2054 1666 2101 tempore
1692 2054 1808 2094 rata,
1829 2055 1980 2100 grata,
2001 2044 2134 2087 valida
2150 2074 2164 2095 ,
2187 2046 2227 2087 &
2251 2043 2364 2087 firma
2380 2045 2453 2087 ha-

1409 2105 1528 2155 bere,
1543 2112 1690 2145 tenere
1705 2131 1720 2154 ,
1747 2104 1786 2146 8(
1801 2102 2095 2145 inviolabiliter
2110 2102 2344 2154 observare,
2358 2116 2458 2144 con-

1409 2173 1555 2219 traque
1579 2176 1659 2205 non
1674 2161 1832 2214 facere,
1851 2160 1995 2204 dicere
2012 2190 2025 2212 ,
2054 2160 2120 2202 vel
2140 2163 2298 2213 venire,
2317 2174 2391 2204 nec
2404 2160 2457 2203 il-

1409 2222 1492 2264 lam
1511 2235 1709 2264 revocare
1723 2249 1739 2271 ‚
1763 2219 1834 2262 seu
1850 2222 2034 2262 revocari
2050 2217 2187 2262 facere
2201 2248 2215 2272 ,
2231 2220 2362 2262 etiam
2376 2220 2446 2263 sub

1402 2290 1605 2336 praetextu
1642 2278 1757 2329 doli,
1781 2277 2091 2335 ingratitudinis
2110 2305 2125 2328 ,
2156 2279 2412 2335 paupertatis
2433 2308 2447 2331 ,

1399 2338 1608 2394 religionis
1622 2334 1820 2393 ingressus
1838 2366 1853 2389 ,
1866 2348 1934 2379 aut
1959 2337 2059 2387 alio,
2076 2350 2334 2394 quocumque
2346 2352 2449 2395 prae-

1411 2408 1558 2448 textu,
1589 2395 1705 2438 causa
1723 2424 1737 2446 ,
1769 2395 1933 2451 quaesito
1962 2395 2108 2438 colore
2134 2424 2148 2447 ,
2186 2397 2253 2438 vel
2281 2398 2449 2453 ingenio

1408 2455 1610 2510 opinato,
1641 2453 1705 2498 vel
1732 2455 1943 2510 inopinato
1966 2484 1980 2508 ,
2010 2468 2055 2496 ac
2086 2454 2127 2499 in
2153 2470 2326 2511 corpore
2348 2456 2448 2513 juris

1409 2512 1544 2557 clauso
1573 2542 1590 2565 ,
1627 2515 1668 2556 &
1699 2513 1766 2557 hic
1797 2511 1958 2557 neccsse
1996 2514 2223 2570 exprimen.
2251 2544 2267 2566 ‚
2296 2516 2443 2571 quibus

1405 2572 1624 2623 omnibus,
1661 2574 1703 2613 &
1726 2573 1915 2629 singulis,
1947 2580 2068 2628 atque
2093 2572 2219 2615 ctiam
2246 2571 2445 2616 beneficio

1409 2632 1494 2687 leg.
1532 2631 1556 2672 fi
1592 2645 1782 2686 umquam
1816 2631 1909 2672 cod.
1947 2629 2002 2671 de
2035 2630 2255 2672 revocand.
2300 2631 2442 2672 donat.

1408 2702 1568 2732 necnon
1586 2687 1667 2731 len.
1682 2686 1806 2728 cons.
1823 2685 2036 2742 Vellejani
2053 2687 2163 2728 auth.
2179 2714 2193 2735 ,
2212 2687 2235 2728 fi
2250 2702 2327 2743 qua
2344 2687 2442 2729 mul.

1403 2747 1486 2802 leg.
1509 2744 1592 2802 Jul.
1622 2745 1677 2787 de
1704 2743 1816 2787 fund.
1845 2747 1949 2787 Dot.
1978 2747 2082 2787 Stat.
2112 2772 2126 2794 ,
2158 2746 2198 2786 &
2229 2747 2347 2788 novis
2373 2760 2443 2788 re-

1406 2804 1574 2847 format.
1592 2803 1744 2853 Urbis,
1773 2802 2005 2860 caeterisque
2031 2803 2217 2859 legibus,
2246 2804 2405 2861 juribus
2425 2835 2438 2858 ,

1404 2865 1446 2906 &
1460 2862 1830 2907 constitutionibus
1845 2892 1860 2915 ,
1890 2874 1972 2905 tam
1982 2862 2170 2905 civilibus
2183 2893 2199 2914 ‚
2222 2865 2341 2919 quam
2356 2868 2435 2908 Ca-

1402 2922 1590 2973 nonicis,
1617 2923 1657 2963 &
1671 2921 1982 2978 municipalibus
1998 2949 2013 2972 ,
2038 2923 2078 2963 δι
2100 2922 2243 2976 quibus
2258 2921 2439 2965 median·

1402 2983 1510 3024 tibus
1539 2990 1681 3024 contra
1700 2979 1937 3036 praesentem
1963 2984 2214 3023 contractum
2229 3010 2243 3032 ,
2263 2995 2436 3037 quomo·

1399 3041 1559 3084 dolibet
1584 3039 1758 3091 venire,
1784 3038 1847 3083 vel
1882 3038 1924 3081 se
1949 3037 2089 3092 juvare
2103 3037 2257 3094 posset,
2284 3039 2438 3095 specia-

1399 3099 1495 3143 liter
1511 3126 1525 3147 ,
1552 3099 1592 3140 &
1618 3096 1804 3153 expresse
1818 3127 1836 3148 ,
1862 3097 1986 3140 etiam
2001 3111 2090 3140 cum
2108 3097 2345 3152 juramentis
2357 3099 2436 3139 &c-

1399 3158 1643 3208 renovavit,
1670 3158 1707 3198 &
1738 3165 1910 3199 renovat
1941 3157 2076 3199 libere
2089 3158 2199 3209 &c.,
2225 3159 2263 3198 ὅτ.
2288 3156 2338 3197 ad
2358 3170 2433 3212 po·

1398 3219 1554 3261 tiorem
1574 3214 1790 3259 cautelam>
1815 3214 2011 3258 consensit
2034 3215 2286 3258 insinuationi
2311 3214 2431 3271 hujus

1397 3279 1625 3322 contrac'tus
1638 3303 1653 3327 ,
1670 3288 1805 3318 coram
1818 3276 2071 3331 competenti
2082 3273 2228 3331 Judice
2243 3270 2435 3316 faciende

1394 3339 1433 3379 &
1456 3337 1506 3379 ad
1537 3335 1654 3378 illum
1683 3335 1876 3380 infinuan.
1899 3362 1914 3385 ,
1941 3335 1977 3376 &
2001 3334 2041 3375 in
2068 3332 2163 3374 aeis
2185 3330 2357 3386 publicis
2374 3346 2434 3377 re-

1393 3396 1476 3451 digi
1491 3425 1507 3446 ‚
1533 3392 1662 3448 recipi
1682 3422 1698 3443 ,
1719 3393 2006 3448 &registrari-i,
2033 3390 2317 3447 quodcumque
2346 3393 2433 3435 De-

1393 3466 1554 3498 cretum
1567 3450 1742 3507 desuper
1754 3462 2027 3508 opportunum
2045 3448 2129 3492 fieri
2144 3479 2158 3500 ,
2173 3449 2429 3507 &interponi

1394 3524 1539 3567 peten-
1557 3511 1695 3554 instan.
1718 3541 1730 3564 ‚
1756 3513 1991 3553 &obtinem
2007 3509 2302 3551 Procuratores
2328 3509 2432 3551 irre-

1394 3570 1603 3615 vocabiles
1627 3599 1641 3622 ,
1678 3580 1725 3613 ut
1752 3572 1792 3612 in
1809 3583 1897 3611 rem
1914 3566 2282 3623 publicam‚etiam
2307 3582 2432 3613 cum,

292 3627 359 3672 seu
386 3634 787 3676 retrovenditionum
812 3660 827 3682 ,
866 3629 1067 3685 pretium,
1100 3628 1165 3671 seu
1198 3629 1330 3685 pretia
1390 3627 1804 3688 juramentis2fecit‚
1822 3626 2082 3672 &constituit
2095 3628 2175 3672 ἃς.
2201 3628 2428 3671 Excellen-

288 3689 386 3731 inde
426 3692 650 3748 redigenda
686 3691 840 3748 semper
870 3688 1105 3731 reinvestire
1135 3697 1327 3730 teneatur
1388 3700 1451 3732 tes
1482 3693 1576 3732 DD.
1597 3689 1827 3747 Philippum
1856 3685 2105 3729 Guidottum
2129 3714 2144 3738 ,
2169 3688 2426 3744 &jacobum

289 3749 328 3791 in
346 3752 596 3805 emptionem
622 3764 850 3795 annuorum
875 3749 1090 3796 censuum,
1115 3749 1180 3791 seu
1203 3748 1329 3791 bono·
1389 3748 1772 3806 Lucarellum2juris
1789 3743 1998 3803 utriusque
2017 3747 2338 3797 Doctores,1icet
2355 3745 2425 3785 ab·

413 3811 449 3852 T
446 3822 518 3851 om.
538 3813 591 3852 Π.

1797 3808 1818 3849 1
1850 3818 1873 3847 2
2235 3802 2367 3845 sentes
