2710 4108
971 178 1780 299 emediolanensts.

317 294 357 336 in
376 295 435 338 his
447 296 628 355 ejusdem
641 291 762 337 officii
787 289 924 335 Nostri
948 304 1088 348 partes
1114 293 1349 342 favorabili-

316 363 381 396 ter
392 355 646 401 conseramus
657 379 673 395 .
1142 379 1146 384 -

372 415 563 459 Exhibita
577 407 767 468 liquidem
786 407 914 453 Nobis
929 422 1005 466 pro
1029 419 1146 466 parte
1166 412 1344 458 Dilecto·

314 483 404 515 rum
420 472 615 518 Filiorum
628 463 837 511 Consortii
864 468 989 512 totius
1012 468 1130 512 Cleri
1157 469 1342 515 secularis

316 530 499 575 Lauden.
517 528 559 569 δε
586 524 836 570 Dilectarum
860 526 901 571 in
927 527 1089 572 Christo
1117 528 1347 572 Hilarum-2

312 587 509 636 Claraede
529 584 796 640 Modagnanis
809 584 971 638 Viduae,
993 601 1038 630 ac
1061 587 1346 632 nonnullarum

315 647 531 704 virginum
545 673 562 699 ,
577 645 702 689 etiam
721 644 902 691 Lauden-
918 646 1066 698 petitio
1079 646 1319 690 continebat
1331 676 1346 699 ,

304 705 422 764 quod
435 704 515 760 ipsa
532 703 659 748 Clara
687 702 740 747 de
766 705 894 749 nobili
920 718 1073 761 genere
1101 716 1316 761 procreata
1328 732 1342 754 ,

309 766 365 809 ob
379 763 563 808 melioris
580 763 663 820 vite
677 760 835 820 frugem
847 764 1075 821 Religionis
1089 763 1229 822 jugum
1245 764 1348 808 subi·

310 836 358 867 re
372 822 588 867 intendens
602 850 616 874 ,
638 823 843 880 affumptis
857 821 989 867 secum
999 822 1143 867 decem
1161 824 1343 880 Virgini-

310 884 384 927 bus
396 911 411 935 ,
439 881 557 938 hujus
585 881 639 924 sui
669 881 723 938 pii
752 880 943 938 propositi
970 881 1242 926 sectatricibus
1258 912 1273 933 ‚
1300 882 1339 925 in

309 943 435 985 certis
451 941 623 994 privatis
635 940 784 984 aedibus
800 939 910 983 fimul
926 969 941 992 ‚
969 940 1024 984 de
1039 941 1242 985 Ordinarii
1254 941 1337 987 loci.

305 1000 476 1045 licentia
489 1029 505 1051 ,
533 1012 606 1055 per
618 999 822 1042 biennium
834 1029 850 1052 ,
872 1001 913 1041 &
924 998 1030 1044 ultra
1046 999 1227 1045 vivendo
1238 1030 1253 1053 ,
1269 1001 1306 1043 (e
1320 1029 1337 1053 ,

309 1059 513 1116 dietasque
530 1058 718 1114 Virgines
732 1058 770 1101 in
790 1059 896 1102 vit‘tu
911 1087 926 1110 ,
939 1058 1084 1104 vestitu
1098 1088 1113 1110 ,
1126 1062 1305 1105 moribus
1319 1089 1333 1112 ,

308 1120 350 1162 δι
362 1116 550 1162 institutis
565 1117 836 1175 Regularibus
848 1120 1033 1166 Fratrum
1049 1118 1249 1163 Minorum
1262 1123 1346 1162 Ca-

310 1177 550 1236 pucinorum
565 1186 910 1232 nuncupatorum,
928 1177 1246 1233 humilitatisque
1259 1203 1273 1226 ,
1303 1179 1344 1220 δι

308 1235 403 1280 aliis
419 1235 492 1291 piat
516 1234 609 1277 vitoe
621 1233 765 1280 officiis
779 1261 795 1284 ,
812 1236 854 1281 Gt
866 1237 1078 1281 exercitiis
1093 1233 1236 1281 sedulo
1249 1250 1341 1293 pro-

309 1296 408 1339 bare
420 1322 436 1346 ,
464 1307 510 1338 ac
538 1290 760 1340 affueicere
796 1292 945 1339 studuit
960 1307 976 1350 ᾗ
1004 1309 1050 1338 ac
1078 1295 1239 1350 pridem
1264 1296 1340 1340 do·

313 1367 428 1404 mos,
459 1353 502 1396 &
519 1350 685 1398 aedificia
703 1353 805 1398 olim
816 1353 1049 1401 Monasterii
1065 1353 1342 1400 Meuianum

305 1415 459 1458 Sanetae
472 1413 702 1466 Margaritae
722 1412 904 1457 Lauden.
930 1412 1098 1457 Ordinis
1121 1416 1249 1458 Sancti
1267 1417 1343 1458 Be-

303 1471 455 1516 aedisti
469 1499 485 1524 ,
508 1470 753 1518 Monasterio
766 1471 849 1530 ipso
861 1501 876 1524 ‚
887 1486 934 1516 ac
950 1471 989 1515 in
1003 1486 1055 1516 eo
1066 1473 1225 1518 Ordine
1242 1489 1343 1530 prae-

305 1529 415 1575 dieto
429 1559 444 1583 ,
478 1528 663 1587 illiusque
677 1529 773 1575 statu
790 1559 806 1583 ,
829 1531 872 1575 &z
884 1528 1049 1575 essentia
1063 1532 1314 1589 regularibus
1327 1562 1342 1586 ,

306 1589 544 1646 Apostolica
559 1590 803 1634 austeritate
820 1593 1026 1647 perpetuo
1039 1589 1247 1646 suppreffis
1265 1622 1278 1645 ,
1301 1594 1345 1638 δι.

309 1648 497 1691 extinctis
512 1676 528 1698 ,
549 1662 597 1691 ac
615 1648 786 1692 Dilectis
804 1649 844 1691 in
859 1649 1022 1693 Christo
1049 1651 1228 1698 Filiabus
1255 1655 1341 1695 Ab·

306 1703 444 1750 batiss‘a
457 1735 474 1757 ,
500 1707 541 1748 δι
555 1710 779 1752 Conventu
792 1706 889 1750 dic‘ti
903 1707 1096 1764 suppressi
1111 1713 1232 1754 Mona
1240 1711 1346 1755 {lerii

305 1765 405 1808 inde
419 1765 471 1808 ad
493 1765 775 1813 Monasterium
803 1767 1044 1812 Monialium
1067 1771 1198 1811 Sancti
1219 1771 1346 1826 Juan-

305 1827 369 1868 nis
383 1824 590 1881 Baptillae,
614 1823 737 1871 etiam
754 1824 939 1873 Lauden.
951 1827 1134 1883 e1usdem
1149 1830 1337 1878 Ordinis,

303 1883 409 1927 dista
438 1884 680 1929 auctoritate
706 1884 827 1929 etiam
865 1888 1068 1941 perpetuo
1106 1888 1341 1940 translatis,

304 1956 359 1985 ex
395 1943 513 1986 Sedis
554 1943 794 1998 Apostolicae
833 1943 1090 2000 permiffione
1115 1947 1342 1995 venditioni,

302 2011 400 2044 tunc
430 2003 631 2057 expositas
645 2031 659 2055 ,
683 2001 738 2046 de
764 2000 839 2046 suis
852 2032 866 2055 ,
896 2004 935 2048 8(
951 2001 1081 2047 forsan
1108 2004 1338 2051 dictarum..

305 2059 518 2115 Virginum
533 2061 718 2118 pecuniis
734 2060 834 2105 emit
847 2090 862 2113 ,
884 2060 1004 2117 seque
1020 2062 1057 2104 in
1075 2063 1133 2106 eis
1150 2065 1229 2107 una
1244 2079 1336 2107 cum

303 2117 529 2175 predictis,
560 2121 601 2164 δι
630 2118 836 2165 nonnullis
852 2119 941 2164 aliis
959 2121 1220 2177 Virginibus,
1242 2123 1336 2169 dea,

300 2176 415 2221 fimili
432 2178 600 2222 licentia
622 2178 804 2235 recepit.
834 2181 942 2223 Cum
959 2190 1123 2229 autem,
1145 2180 1243 2225 ficut
1268 2196 1335 2226 ea-

302 2235 399 2279 dem
416 2236 567 2292 petitio
585 2235 850 2292 subjungebat
863 2263 879 2287 ‚
904 2237 1029 2282 Clara
1041 2263 1056 2286 ,
1083 2239 1126 2281 δι
1141 2240 1338 2296 Virginea

307 2296 501 2351 praedietae
525 2295 564 2337 in
581 2295 649 2348 pio
676 2307 822 2336 eorum
848 2293 1031 2339 instituto
1050 2296 1304 2352 persistentes
1320 2329 1340 2353 a

307 2367 358 2396 ex
376 2354 488 2396 bonis
504 2381 520 2405 ,
546 2354 584 2396 δι
598 2351 863 2398 facultatibus
874 2355 924 2399 ad
938 2354 1040 2411 ipsas
1055 2385 1072 2406 ,
1100 2356 1165 2400 vel
1193 2371 1335 2401 earum

302 2412 458 2468 aliquas
478 2411 779 2468 spectantibus,
803 2412 971 2467 domos,
1002 2415 1040 2456 δι
1065 2413 1231 2459 aedificia
1261 2417 1333 2461 hu-

301 2470 474 2528 jusmodi
490 2470 543 2513 ad
560 2470 797 2517 Monaflerii
808 2469 978 2516 formam
992 2472 1164 2526 reduci,
1175 2476 1216 2516 δι
1231 2490 1332 2518 con-

302 2529 487 2573 venienti
499 2528 680 2577 clausura
692 2530 839 2574 muniri
853 2529 991 2576 facere
1002 2560 1018 2584 ,
1029 2546 1076 2578 ac
1088 2532 1242 2579 ibidem
1259 2533 1335 2578 sub

300 2588 482 2644 regulari
497 2587 749 2634 observantia
759 2617 775 2641 ,
786 2590 828 2632 δι
839 2599 1040 2649 perpetua
1060 2589 1240 2637 clausura
1254 2594 1330 2636 Al-

304 2647 450 2691 rimmo
465 2643 654 2691 famulari
675 2645 930 2704 summopere
953 2647 1208 2700 desiderent,
1239 2653 1266 2693 si
1291 2653 1333 2700 in

300 2706 486 2749 domibus
506 2731 522 2753 ,
543 2707 584 2748 δι
605 2704 782 2750 edificiis
811 2707 1006 2763 pradietis
1037 2722 1161 2752 unum
1186 2712 1332 2752 Mona-

297 2765 462 2808 sterium
478 2763 717 2809 Monialium
741 2765 908 2809 Ordinis
929 2769 1082 2810 sanetae
1105 2767 1237 2811 Clarae
1257 2767 1329 2810 sub

297 2823 458 2879 Regula
478 2822 681 2867 dictorum
698 2826 885 2870 Fratrum
899 2825 1109 2869 Minorum
1127 2828 1327 2881 perpetuo

299 2883 536 2937 erigeretur
548 2907 564 2929 s
576 2883 616 2927 8ι
630 2882 925 2935 institueretur,
941 2883 1038 2928 inde
1051 2882 1234 2941 profecto
1249 2888 1331 2928 Re-

299 2941 461 2996 ligionis
472 2941 756 2996 propagationi
771 2970 787 2992 ,
812 2940 1021 2999 divinique
1047 2943 1179 2986 cultus
1196 2944 1333 2986 incre-

297 3010 465 3051 mento,
489 3012 536 3042 ac
549 2997 1204 3057 Consortiihujusmodispirituali
1231 3017 1331 3045 con-

297 3057 484 3103 solationi
510 3056 730 3115 plurimum
748 3055 1057 3102 consuleretur.
1088 3063 1232 3118 Qsare
1253 3074 1332 3115 pro

296 3128 415 3176 parte
428 3126 512 3160 tam
526 3114 734 3159 Consortii
747 3144 763 3167 ,
778 3115 848 3174 qui
863 3145 878 3169 ,
894 3126 937 3161 ut
949 3116 1123 3162 afferunt
1136 3145 1150 3168 ,
1166 3132 1327 3171 curam²

295 3176 522 3221 &tutelam
537 3173 655 3232 ipfius
678 3174 914 3219 Monasterii
937 3175 1123 3232 erigendi
1148 3177 1188 3219 in
1203 3175 1243 3219 se
1260 3175 1323 3220 su-

295 3237 475 3293 scipere,
499 3235 539 3276 δι
563 3231 845 3277 deficientibus
872 3233 1070 3278 fidelium
1095 3234 1327 3291 largitioni·

298 3295 401 3346 bus,
421 3308 467 3337 ac
497 3291 763 3348 eleemosynis
778 3291 933 3337 suturas
945 3293 1057 3338 illius
1072 3293 1292 3337 Ministram
1306 3323 1322 3346 ,

295 3355 338 3396 δι
351 3351 549 3397 Moniales
563 3381 576 3404 ‚
608 3350 730 3408 usque
746 3350 795 3394 ad
807 3365 1018 3395 numerum
1037 3351 1210 3409 viginti,
1236 3353 1333 3399 du

294 3426 373 3470 pro
402 3411 469 3454 riis
481 3410 722 3455 eorumdem
737 3409 943 3453 Consortii
957 3408 1217 3457 facultatibus
1229 3425 1331 3454 con·

294 3484 370 3527 gru
421 3466 642 3514 sustentare
659 3499 674 3523 ,
703 3468 840 3526 eisque
870 3469 1003 3511 omnia
1028 3468 1081 3512 ad
1104 3472 1194 3513 vine
1222 3469 1334 3513 subsi-

297 3529 410 3572 dium
422 3526 642 3573 necessaria
651 3528 900 3573 charitative
915 3528 1208 3571 subministrare
1222 3543 1336 3584 para·-

298 3589 330 3631 ti
345 3587 518 3630 existunt
529 3614 546 3638 ,
560 3586 681 3643 seque
693 3618 710 3640 ,
721 3589 759 3631 δι
775 3589 878 3631 bona
889 3586 1094 3630 Consortii
1109 3587 1333 3645 hujusmodi

298 3645 350 3689 ad
370 3643 412 3687 id
428 3658 502 3701 per
513 3642 602 3689 suos
617 3647 816 3705 syndicos
829 3676 844 3699 ‚
871 3647 911 3687 δι
926 3649 1156 3701 Deputatos
1180 3645 1219 3688 in
1247 3660 1332 3688 ma·

293 3704 415 3748 nibus
431 3701 579 3746 Dilec'ti
594 3705 854 3750 PiliiVicarii
882 3705 1140 3748 Venerabilis
1171 3705 1325 3748 Fratris

294 3761 432 3806 Nostri
448 3759 633 3818 Episcopi
646 3762 830 3807 Lauden.
842 3765 879 3805 in
896 3763 1162 3820 spiritualibus
1179 3766 1321 3821 Genef

292 3821 382 3866 ralis
398 3849 414 3872 ,
439 3819 608 3864 realiter
628 3821 914 3878 obligaverunt
933 3850 944 3865 .

1466 299 1610 359 Qare
1637 313 1713 355 pro
1728 306 1843 353 parte
1857 296 1987 343 Clarae
2003 326 2019 350 ,
2042 301 2081 342 δι
2096 299 2312 355 Virginum
2333 316 2434 356 prae.

1408 355 1602 400 dictarum
1631 358 1759 402 Nobis
1791 354 1867 400 suit
1897 356 2106 402 humiliter
2133 357 2433 415 supplicatum,

1406 426 1606 469 quatenus
1623 414 1850 470 hujusmodi
1866 427 2005 458 earum
2030 418 2134 458 votis
2149 430 2361 469 annuere,
2389 431 2437 460 ac

1404 472 1501 516 alias
1516 474 1555 518 in
1568 472 1768 529 praemiffis
1778 473 2007 529 opportune
2021 474 2311 527 providere,de
2322 476 2439 519 beni·

1408 532 1566 586 gnitate
1591 531 1825 585 Apostolica
1851 530 2140 587 dignaremur.
2173 535 2260 575 Nos
2281 536 2434 589 igitur,

1408 589 1475 643 qui
1490 588 1906 639 Monasteriorum',&
1921 589 2218 644 Religiosorum
2234 593 2437 635 Locorum

1403 646 1742 711 propagationem
1753 674 1769 695 ι,
1782 648 1991 703 divinique
2008 647 2141 692 cultus
2156 675 2170 698 ,
2185 648 2225 689 &
2237 649 2440 693 bonorum

1407 717 1582 812 3¹:335}
1596 706 2436 821 ¹3{fffifflfsstfflgssffi‘sstzziflzfiss532¹,ss:5151

1405 823 1445 866 in
1460 821 1611 866 eisdem
1627 822 1815 867 domibus
1829 850 1845 874 ‚
1869 825 1909 867 &
1929 823 2101 868 aedificiis
2115 853 2129 876 ,
2154 823 2361 880 postquam
2386 825 2435 869 ad

1400 880 1575 929 formam
1594 881 1830 924 Monasterii
1845 882 2006 927 reducta
2021 911 2035 935 ,
2048 884 2088 930 &
2100 883 2240 926 debita
2255 881 2438 927 clausura

1398 940 1555 985 munita
1592 936 1771 991 fuerint,
1802 949 1846 982 ut
1875 939 2116 996 praefertur,
2143 954 2266 986 unum
2294 943 2441 984 Mona-

1396 999 1563 1043 sterium
1576 997 2137 1054 Monialium,Capucinarum
2150 1000 2441 1055 nuncupanda-

1404 1073 1518 1110 rum,
1543 1057 1712 1103 Ordinis
1727 1060 1875 1102 Sancta
1894 1058 2028 1103 Clarae
2051 1061 2120 1103 sub
2148 1057 2312 1113 Regula
2342 1059 2441 1100 Fra-

1403 1127 1515 1163 trum
1556 1120 1760 1162 Mtnorum
1790 1116 2015 1174 hujusmodi
2041 1148 2057 1170 ,
2095 1131 2188 1161 cum
2231 1115 2409 1161 Ecclefia
2424 1145 2440 1168 ,

1402 1176 1622 1233 campanili
1653 1175 1825 1228 humili,
1852 1178 2087 1233 campanis,
2114 1176 2319 1227 claustro,
2345 1175 2442 1218 dor-

1402 1236 1591 1284 mitorio,
1623 1236 1870 1286 refectorio,
1903 1237 2031 1281 hortis
2048 1266 2063 1288 ,
2091 1234 2311 1279 hortalitiis
2325 1263 2341 1285 ,
2361 1247 2440 1276 cae·

1401 1294 1508 1338 teris
1527 1309 1577 1337 ue
1592 1295 1781 1338 membris
1799 1324 1814 1347 ,
1842 1296 1884 1337 δι
1904 1294 2074 1341 officinis
2101 1292 2330 1341 necessariis
2359 1306 2440 1349 pro

1402 1355 1501 1410 quin
1532 1353 1636 1396 ecim
1651 1352 1702 1396 ad
1718 1354 1872 1402 minus,
1899 1369 1977 1397 noo
2006 1366 2142 1400 tamen
2166 1354 2274 1399 ultra
2293 1351 2439 1410 viginti

1407 1411 1676 1464 monialibus,
1700 1427 1785 1470 quae
1801 1414 1996 1459 Habitum
2023 1427 2097 1468 per
2126 1411 2326 1458 Moniales
2354 1414 2441 1454 Ca-

1403 1473 1566 1531 pucinas
1592 1484 1844 1528 nuncupatas
1865 1501 1880 1523 ,
1908 1473 2081 1516 aliorum
2097 1472 2439 1517 Monasteriorum

1404 1531 1500 1578 disti
1520 1530 1684 1578 Ordinis
1701 1535 1853 1578 Sancta
1867 1531 2003 1576 Clarae
2015 1531 2158 1586 gestari
2182 1531 2344 1575 solitum
2371 1530 2437 1572 su-

1403 1592 1587 1647 scipere,
1609 1591 1650 1635 dr.¹
1677 1588 1966 1637 Professionem
1994 1604 2068 1646 per
2093 1604 2161 1632 eas
2183 1590 2318 1633 emitti
2339 1603 2441 1631 con-

1409 1650 1563 1708 suetam
1580 1677 1594 1700 ,
1627 1649 1667 1692 in
1682 1648 1888 1693 Ordinarii
1903 1649 2010 1700 loci,
2037 1651 2115 1692 five
2127 1648 2212 1706 ejus
2227 1649 2381 1692 Vicarii
2398 1650 2439 1690 in

1408 1707 1678 1765 spiritualibus
1700 1709 1943 1760 Generalis,
1972 1723 2047 1764 pro
2077 1709 2205 1763 prima
2231 1709 2322 1752 vice
2345 1736 2361 1758 ,
2398 1708 2440 1750 8ι

1404 1768 1604 1814 deindein
1615 1767 1708 1810 dieti
1721 1768 1953 1814 Monasterii
1969 1768 2155 1814 Ministrae
2169 1782 2240 1825 pro
2251 1777 2441 1823 tempore

1402 1827 1612 1871 existentis
1628 1853 1644 1878 ,
1666 1827 1848 1870 manibus
1871 1827 2064 1872 emittere
2079 1856 2096 1879 ,
2119 1841 2167 1869 ac
2191 1828 2292 1870 ritus
2308 1854 2323 1877 ‚
2354 1840 2440 1869 mo-

1402 1900 1467 1931 res
1493 1915 1507 1935 ,
1548 1883 1863 1930 consuetudines
1883 1915 1898 1937 ,
1937 1888 1978 1928 &
2016 1886 2217 1941 regularia
2255 1885 2435 1928 instituta

1400 1944 1582 1998 eiusdem
1597 1945 1766 1988 Ordinis
1781 1949 1932 1990 SanCtae
1946 1945 2097 1996 Clarae,
2110 1954 2437 2002 perpetuamque

1399 2001 1624 2047 clausuram
1651 2003 1815 2048 servare
1833 2031 1848 2054 ,
1886 2019 1933 2047 ac
1966 2004 2119 2048 divinis
2148 2003 2368 2055 laudibus,
2394 2004 2436 2046 δε

1397 2061 1594 2118 obsequiis
1608 2061 1798 2116 infistere,
1812 2076 1972 2106 necnon
1986 2076 2060 2120 per
2074 2077 2189 2105 unam
2209 2066 2250 2105 M
2257 2061 2432 2105 inistram

1395 2121 1446 2165 ad
1462 2121 1580 2163 instar
1597 2119 1770 2164 aliorum
1799 2121 2134 2166 Monasteriorum
2150 2120 2431 2164 Monialium...

1397 2179 1564 2223 Ordinis
1578 2182 1727 2222 Sanftae
1740 2178 1871 2230 Clarae
1882 2179 2133 2237 hujusmodi,
2150 2177 2218 2223 sub
2237 2179 2433 2224 visitatio-

1395 2252 1448 2286 ne
1462 2268 1478 2289 ,
1504 2239 1762 2286 correctione
1777 2267 1791 2291 ,
1818 2240 1858 2281 ὅτ.
1874 2238 2109 2286 obedientia
2125 2237 2335 2285 OrdInarii
2348 2266 2364 2289 ,
2377 2253 2425 2282 ac

1396 2311 1496 2345 cura
1512 2325 1529 2349 ,
1555 2297 1714 2351 tutela,
1739 2299 1989 2353 &gubernio
2005 2299 2254 2346 Reaorum,
2278 2299 2318 2341 δι
2342 2299 2431 2342 De-

1394 2365 1632 2413 putatorum
1649 2356 1860 2400 Consortii
1875 2355 2104 2416 hujusmodi
2132 2357 2280 2417 dirigi,
2308 2368 2432 2413 atque

1395 2415 1446 2459 ab
1462 2414 1611 2459 eisdem
1627 2416 1875 2459 Rectoribus
1893 2443 1908 2464 ,
1935 2418 1974 2458 δι
1990 2416 2204 2472 Deputatis
2216 2445 2230 2468 ‚
2259 2415 2300 2461 in
2316 2415 2432 2460 defe-

1393 2476 1499 2518 &um
1513 2474 1861 2530 eleemosynarum
1874 2503 1888 2527 ,
1911 2477 1951 2518 δι
1966 2475 2232 2532 largitionum
2248 2475 2431 2531 praefata-

1392 2547 1479 2577 rum
1489 2533 1738 2579 charitative
1750 2533 1954 2578 sustentari
1971 2533 2275 2585 debeant,dit‘ta
2289 2536 2431 2577 aucto-

1389 2593 1543 2644 ritate,
1574 2593 2020 2648 tenorepraesentium,
2047 2593 2280 2648 perpetuo,
2307 2592 2427 2636 fine)

1392 2661 1532 2697 tamen
1547 2651 1717 2707 alicujus
1729 2651 1962 2706 praejudicio
1974 2679 1990 2700 ,
2008 2650 2200 2702 erigimus
2218 2679 2236 2702 ,
2264 2650 2427 2692 &insti-

1390 2711 1539 2752 tuimus
1553 2737 1568 2760 ,
1595 2709 1714 2764 eique
1730 2708 1781 2751 fic
1797 2710 1934 2752 ereeto
1950 2736 1964 2758 ,
1987 2710 2026 2750 δι
2049 2707 2228 2751 instituto
2244 2736 2258 2758 ,
2279 2722 2326 2752 ac
2356 2705 2422 2749 fu-

1389 2769 1487 2811 turis
1502 2766 1608 2809 illius
1627 2766 1815 2811 Miniflris
1828 2793 1844 2815 ,
1867 2766 2111 2810 Monialibus
2124 2796 2139 2821 ,
2153 2770 2191 2811 &
2208 2766 2392 2809 Personis
2405 2793 2422 2818 ,

1389 2836 1433 2871 ut
1449 2825 1636 2868 omnibus
1648 2852 1663 2875 ,
1689 2827 1730 2867 δι
1747 2824 1906 2880 singulis
1920 2824 2144 2882 privilegiis
2158 2855 2173 2878 ,
2189 2824 2419 2870 immunita·

1391 2886 1525 2934 tibus,
1558 2885 1883 2940 exemptionibus
1895 2910 1915 2934 ,⁴
1939 2883 2196 2928 libertatibus
2211 2911 2224 2934 ‚
2260 2881 2427 2926 conces-

1387 2943 1563 2989 fionibus
1581 2973 1595 2995 ,
1621 2942 1788 2985 indultis
1804 2969 1819 2993 ,
1851 2940 2056 2985 favoribus
2073 2970 2086 2994 ,
2111 2944 2151 2985 8ι
2165 2942 2257 2986 aliis
2277 2940 2419 2997 gratiis

1392 3013 1473 3045 tam
1491 2998 1795 3057 spiritualibus,
1825 3014 1945 3057 quam
1974 3001 2299 3056 temporalibus,
2328 3000 2419 3056 qui-

1390 3062 1466 3104 bus
1489 3060 1568 3108 alia
1586 3059 1824 3104 Monasteria
1839 3089 1854 3110 ,
1881 3060 1921 3102 δι
1943 3058 2033 3102 loca
2048 3059 2285 3107 Monialium
2314 3058 2421 3113 ejus-

1385 3119 1480 3163 dem
1495 3117 1660 3161 Ordinis
1675 3120 1822 3162 Sanflae
1836 3117 1970 3161 Clarae
1982 3147 2000 3171 s,
2020 3118 2266 3175 illorumque
2293 3117 2419 3161 Mini-

1385 3180 1493 3228 strae,
1513 3171 1576 3221 seu
1588 3175 1798 3222 Abbatiffae
1817 3205 1831 3228 ,
1867 3175 2089 3229 Prioriffae,
2117 3176 2317 3222 Moniales
2333 3203 2347 3226 ,
2376 3177 2419 3219 δι

1384 3237 1587 3294 personae,
1615 3234 1794 3293 dejure,
1825 3235 1894 3282 vel
1906 3236 2226 3288 consuetudine,
2249 3234 2315 3278 seu
2333 3234 2415 3290 pri·

1384 3296 1567 3353 vilegio,
1582 3306 1652 3338 aut
1678 3295 1774 3338 alias
1791 3294 2105 3348 quomodolibet
2122 3303 2290 3337 utuntur
2307 3322 2322 3345 ,
2341 3307 2416 3349 po-

1389 3356 1576 3406 tiuntur,
1597 3352 1860 3410 &gaudent,
1887 3367 1934 3396 ac
1957 3355 2016 3397 uti
2033 3382 2047 3406 ‚
2077 3353 2227 3408 potiri,
2255 3354 2296 3395 δι
2318 3365 2419 3408 gau-

1387 3414 1487 3457 dere
1513 3422 1707 3471 poterunt
1730 3411 2038 3469 quomodolibet
2064 3413 2103 3453 in
2136 3410 2344 3463 futurum,
2373 3411 2413 3454 in

1394 3473 1580 3515 omnibus
1595 3501 1611 3523 ,
1636 3473 1763 3528 &per
1782 3473 1914 3515 omnia
1930 3499 1944 3522 ,
1972 3470 2118 3527 abffiue
2142 3469 2226 3512 ulla
2254 3471 2410 3527 prorsus

1393 3530 1653 3581 differentia,
1672 3544 1718 3574 ac
1732 3527 2033 3586 pariformiter,
2064 3531 2105 3571 δι
2128 3530 2239 3584 aeque
2267 3530 2411 3586 princi·-

1391 3589 1612 3645 paliteruti
1627 3617 1642 3641 ,
1667 3589 1822 3648 potiri,
1838 3590 1879 3629 δι
1892 3588 2068 3644 gaudere
2083 3616 2098 3639 ,
2125 3588 2255 3632 liber'e
2269 3617 2284 3644 ‚
2301 3590 2339 3630 δι
2357 3588 2405 3629 li·

1392 3648 1475 3691 cit'e
1505 3647 1696 3699 valeant,
1722 3650 1993 3698 auctoritate,
2014 3648 2053 3688 &
2079 3656 2226 3691 tenore
2270 3643 2411 3705 praefa-

1385 3708 1435 3753 tis
1449 3705 1707 3763 indulgemus
1724 3734 1735 3746 .

1407 3798 1410 3802 .
1443 3763 1607 3819 Insuper
1625 3765 1867 3810 Rectoribus
1879 3792 1893 3817 ,
1905 3765 1945 3807 δι
1961 3766 2175 3823 Deputatis
2187 3762 2381 3824 praediffis
2396 3790 2410 3812 ,

2277 3832 2358 3865 tam
