2762 4088
391 256 716 347 xxxviii.
886 254 958 341 Ε
1017 255 1080 341 L
1145 257 1218 341 E
1276 255 1378 343 N

329 395 415 435 ne,
452 371 872 444 Archipresbytero
889 406 905 430 ,
933 372 1154 440 Capitulo
1171 372 1262 424 ἃς.
1288 374 1368 423 ibi·

327 447 434 497 dem
450 446 669 496 solvendo
678 444 887 494 converti
908 476 924 500 ,
955 440 1034 491 suo
1051 444 1096 492 in
1111 446 1255 493 Alma
1271 446 1367 499 Ur-

328 517 384 568 be
402 519 592 569 Vicario
609 515 866 565 committit
881 548 892 561 .
930 510 1043 575 Idem
1058 549 1070 563 .
1281 513 1367 565 ibi.

401 588 476 644 Ut
502 588 745 639 Provincia
763 582 1028 634 Ministrum
1059 586 1333 635 Generalem
1349 623 1366 646 ,

327 657 437 711 &in
456 661 501 707 in
521 664 613 723 ejus
632 655 828 706 absentia
843 660 1194 707 Procuratorem
1214 659 1368 706 Gene-

328 728 473 780 ralem
490 764 505 788 ,
543 726 619 779 seu
653 728 917 795 Superiores
946 725 1190 794 agnoscat,
1217 724 1367 795 eisque

326 816 457 851 more
488 814 755 849 caeterarum
789 798 1131 847 Provinciarum
1149 832 1164 855 ,
1188 812 1368 848 caetero·

331 888 531 938 rumque
578 869 815 921 Ordinum
863 882 1018 936 pareat
1045 904 1062 928 ,
1128 870 1334 941 'praecipit
1357 903 1369 916 .

334 939 450 992 Idem
469 975 482 990 .
1292 956 1374 1001 72.

401 1009 630 1077 Qaedam
657 1009 743 1059 alia
761 1009 918 1060 Terrae
940 1009 1058 1077 petia
1090 1027 1175 1078 pro
1203 1005 1372 1059 fabrica

333 1079 513 1132 Domiis
529 1081 734 1149 Cynthia
741 1082 783 1128 ni
801 1082 1029 1149 empta,ab
1040 1099 1188 1130 annua
1200 1077 1374 1148 respon-

331 1150 455 1203 fione
479 1152 617 1201 eximi
640 1188 655 1209 ,
683 1169 734 1200 ac
750 1155 947 1219 pretium
979 1154 1022 1199 in
1050 1151 1370 1217 emptionem

333 1223 533 1275 duorum
555 1225 762 1272 locorum
779 1223 1012 1271 Montium
1027 1223 1234 1270 converti
1251 1257 1266 1279 ,
1283 1225 1372 1271 Ar-

334 1293 684 1363 chipresbytero
700 1328 715 1349 ‚
739 1291 800 1343 ἃ
821 1294 1009 1341 Vicario
1039 1293 1255 1342 Generali
1287 1293 1372 1341 Al-

334 1362 497 1415 banen.
515 1364 770 1412 committit
784 1397 796 1411 .
847 1359 960 1410 Idem
979 1397 991 1410 .
1290 1381 1370 1424 73.

408 1436 541 1485 Pium
559 1435 783 1502 Legatum
802 1466 818 1488 ,
848 1437 972 1495 cujus
999 1429 1171 1482 frutstus
1191 1446 1375 1498 quotan-

339 1505 407 1555 nis
421 1509 464 1553 in
487 1501 618 1553 usum
633 1539 647 1561 ,
665 1502 713 1554 <312
731 1501 968 1552 servitium
986 1499 1163 1553 Domfis
1197 1505 1376 1553 Montis

342 1575 699 1641 Sanc'tijoannis
729 1575 932 1623 converti
951 1572 1202 1632 debebant,
1239 1572 1376 1623 semel

341 1645 563 1695 duntaxat
575 1645 622 1693 in
639 1640 859 1693 fabricam
871 1643 978 1692 disti
997 1647 1266 1695 Conventus
1285 1662 1378 1693 ero·

346 1715 446 1785 gari
464 1714 695 1784 indulget.
740 1712 851 1763 Idem
868 1749 883 1772 ,
912 1733 998 1762 cum
1015 1730 1112 1763 nota
1128 1750 1141 1763 .
1295 1734 1375 1778 74.

414 1787 614 1837 Decreto
632 1789 778 1835 Sacrae
797 1785 1185 1855 Congregationis
1199 1784 1255 1835 de
1272 1789 1379 1836 Pro-

340 1854 548 1926 paganda
565 1855 847 1906 FideMiffio
864 1857 1013 1924 Regni
1036 1857 1192 1924 Congi
1210 1859 1377 1906 Fratri-

341 1928 427 1977 bus
450 1928 702 1979 Provinciae
734 1931 948 1977 Romanae
966 1925 1214 1999 affignatur
1232 1963 1244 1976 .
1290 1947 1379 1977 cum

342 2013 440 2047 nota
456 2032 470 2046 .
1297 2007 1379 2057 76.

414 2071 573 2119 Sacras
590 2068 865 2134 Reliquias&
880 2072 913 2116 f
920 2086 955 2116 r.
974 2069 1219 2117 Laurentio
1233 2069 1259 2117 ὲ
1277 2071 1381 2119 Tri-

346 2139 551 2208 vignano
585 2136 853 2204 conquisitas
868 2172 884 2195 ,
924 2138 971 2188 ὅ(
1008 2137 1215 2187 Eccl'efiae
1251 2143 1381 2190 Paro·

345 2210 483 2259 chiali
501 2209 774 2277 Trivignan.
794 2208 980 2257 donatas
997 2244 1013 2266 ‚
1040 2226 1095 2256 ex
1112 2209 1271 2261 eadem
1303 2229 1380 2260 ex-

344 2280 463 2329 trahi
482 2292 605 2330 vetat
618 2315 630 2328 .
677 2277 936 2327 Innocentius
963 2283 1027 2329 X.
1297 2291 1379 2343 76.

417 2351 572 2400 Situm
584 2367 636 2398 ex
653 2350 788 2399 horto
807 2346 988 2399 Domus
1013 2348 1070 2399 de
1089 2348 1224 2400 urbe
1242 2387 1259 2409 ,
1281 2370 1386 2401 con-

349 2419 483 2491 tiguo
500 2422 688 2470 Patrum
706 2417 1065 2469 Observantium
1092 2421 1149 2470 ad
1179 2425 1226 2471 S.
1242 2421 1384 2471 Ifido-

348 2508 457 2541 rum
469 2492 733 2540 Conventui
747 2489 1036 2547 concedi,suo
1050 2492 1242 2541 inAlma
1257 2494 1385 2547 Urbe

349 2563 543 2613 Vicario
560 2563 773 2610 Generali
792 2562 1070 2610 committit'.
1090 2559 1202 2611 Idem
1216 2598 1228 2610 .
1303 2583 1384 2623 77.

420 2635 595 2681 Domui
626 2649 765 2699 prope
802 2633 997 2681 Terram
1029 2634 1283 2698 Cynthiani
1314 2632 1386 2684 sex

349 2704 502 2751 uncias
519 2719 646 2768 aquae
665 2737 679 2758 ,
710 2703 850 2750 velex
871 2702 1099 2752 veteribus
1117 2703 1391 2771 aquaeduffi·

351 2772 436 2822 bus
466 2774 625 2822 Terrae
660 2774 801 2820 Nemi
829 2774 1198 2842 congregandas,
1231 2777 1306 2824 vel
1336 2794 1390 2825 ex

348 2842 448 2907 aliis
467 2843 611 2911 magis
624 2842 1041 2893 commodisTerrae
1058 2843 1257 2908 ejusdem
1279 2847 1390 2895 locis

351 2913 632 2983 colligendas
648 2913 694 2961 in
714 2927 984 2982 perpetuum
1001 2914 1142 2965 donat
1157 2952 1169 2964 .
1204 2915 1393 2965 Alexan-

353 2985 429 3034 der
462 2988 566 3034 VII
585 3019 596 3032 .
1309 3007 1390 3047 77.

424 3055 736 3105 Donationem
753 3052 954 3122 superius
973 3053 1142 3106 difflam
1161 3092 1176 3115 ,
1198 3058 1392 3126 Aposto-

355 3124 452 3176 licae
480 3125 714 3193 potestatis
729 3127 1008 3193 plenitudine
1036 3125 1281 3179 confirmat
1300 3163 1315 3187 ,
1347 3128 1395 3180 ὅ(

353 3198 476 3246 illius
507 3198 1012 3264 executionemJuliano
1028 3197 1259 3249 Caesarino
1270 3235 1286 3257 ,
1301 3204 1395 3250 Du-

357 3269 397 3316 ci
436 3266 485 3319 &
532 3269 685 3318 Terrae
718 3268 841 3317 illius
872 3270 1078 3319 Domino
1116 3272 1370 3321 committit
1383 3307 1396 3321 .

359 3335 473 3388 Idem
487 3373 499 3386 .
1313 3361 1340 3402 7
1345 3361 1395 3402 9.

424 3410 629 3458 Nomina
648 3411 962 3468 Nativorum‚
998 3407 1046 3462 ἃ
1078 3429 1168 3461 non
1198 3412 1397 3463 Nativo-

354 3496 461 3528 rum
480 3477 697 3548 supprimi
710 3500 724 3540 ;
752 3482 833 3531 hos
849 3480 1010 3532 &illos
1031 3482 1057 3530 ὲ
1080 3486 1205 3532 Loco
1225 3481 1396 3533 Profes-

356 3546 490 3597 fionis
521 3553 779 3611 nominari3
815 3552 1028 3603 eumdem
1049 3555 1394 3605 Novitiorum..

358 3634 599 3667 numerum
630 3625 675 3670 in
706 3639 798 3671 uno
829 3660 845 3683 ,
890 3622 938 3673 ὅ(
967 3626 1110 3673 altero
1143 3626 1395 3675 Provinciae

358 3689 606 3737 Novitiatu
622 3693 836 3743 collocari
853 3714 867 3754 3
887 3695 931 3741 in
947 3694 1111 3744 borum
1128 3693 1395 3745 admiffione

359 3771 527 3806 votum
567 3758 824 3812 Definitorii
867 3779 1144 3832 proponente
1180 3765 1396 3816 Ministro

360 3828 571 3896 exquiri;
610 3831 654 3877 in
672 3831 889 3883 eleffione
916 3834 1178 3887 Custodum
1202 3839 1402 3903 Genera7

1428 253 1936 343 C-HvS.

1426 372 1541 422 lium
1558 391 1699 422 unum
1723 389 1779 422 ex
1798 390 1885 422 una
1902 406 1919 429 ,
1947 367 1995 421 &
2020 369 2166 421 arium
2200 387 2254 418 ex
2282 369 2463 419 altera...

1427 457 1551 512 parte
1569 446 1677 513 eligi
1688 443 1846 507 jubet,
1885 459 1936 490 ac
1958 444 2002 490 in
2024 443 2207 509 reliquis
2231 439 2465 490 Constitu-

1426 516 1596 565 tionem
1623 515 1796 570 Urbani
1812 515 1961 564 V111.
1986 513 2122 581 incip.
2143 516 2341 563 Cfflusn
2359 514 2468 560 SAL-

1426 601 1622 636 vxroms
1641 579 1867 644 ,indiciis
1900 581 2218 633 controverfiae
2244 595 2466 649 perpetuo

1427 655 1636 715 silentio·,
1667 655 1715 707 ἃ
1733 657 1882 724 poenis
1907 652 2171 705 confirmat.
2209 653 2348 712 Idem,
2381 670 2469 701 cum

1427 742 1526 775 nota
1543 762 1556 776 .
2382 726 2464 772 80.

1501 803 1541 847 A
1559 795 1837 846 Monialibus
1854 794 2096 846 &Urbani
2113 793 2169 843 de
2189 795 2347 851 Urbe,
2362 795 2465 843 loco

1429 867 1658 917 bonorum
1673 867 1984 916 immobilium
1999 903 2014 924 ,
2032 869 2076 915 in
2090 866 2250 933 quibus
2269 867 2464 934 pretium

1433 937 1611 989 Domus
1645 956 1728 1006 pro
1765 937 2026 1004 ampliando
2069 936 2350 986 Monasterio
2381 953 2471 986 em·

1433 1024 1517 1077 ptae
1536 1045 1550 1066 ‚
1586 1010 1694 1058 alids
1734 1008 1929 1058 investiri
1972 1006 2156 1056 deberet
2184 1043 2200 1065 ,
2250 1021 2322 1056 tot
2370 1008 2471 1056 loca

1433 1082 1670 1129 Montium
1687 1096 1775 1128 non
1792 1075 2068 1128 vacabilium
2083 1114 2098 1136 ,
2132 1074 2474 1128 Fideicommis-

1434 1149 1482 1199 so
1518 1150 1749 1200 Vincentii
1801 1153 1950 1200 Bocca
1994 1147 2185 1217 supponi
2231 1147 2465 1217 indulget.

1434 1221 1545 1270 Idem
1557 1257 1572 1279 ,
1598 1238 1685 1268 cum
1701 1235 1797 1269 nota
1813 1264 1825 1276 ,
2385 1222 2412 1267 8
2422 1236 2469 1267 2.

1504 1295 1559 1340 In
1580 1293 1711 1342 Cella
1729 1295 1775 1341 S.
1798 1291 1961 1340 Felicis
1979 1291 2095 1340 intra
2111 1288 2376 1340 Claustrum
2388 1325 2404 1348 ,
2420 1287 2470 1339 ὅς

1434 1367 1644 1413 Domum
1661 1364 1716 1413 de
1737 1362 1866 1417 Urbe
1882 1398 1897 1420 ,
1929 1359 2085 1412 Missas
2110 1361 2378 1411 celebrandi
2417 1358 2481 1408 fa-

1434 1434 1651 1482 cultatem
1665 1434 1855 1502 largitur
1875 1469 1887 1482 .
1926 1432 2110 1482 Clemens
2126 1435 2189 1482 X.
2391 1437 2417 1483 8
2427 1450 2474 1492 3.

1506 1506 1684 1552 Fratres
1716 1518 1957 1572 perpetuos
1975 1504 2258 1553 Triremium
2293 1499 2481 1551 Pontifi-

1438 1574 1613 1631 ciarum
1632 1575 1903 1640 Capellanos
1936 1573 2189 1622 constituit:
2227 1589 2474 1621 numerum

1437 1661 1601 1693 eorum
1626 1644 1846 1712 affignat:
1885 1646 1938 1692 iis
1960 1642 2195 1693 facultates
2221 1641 2477 1711 spirituales

1438 1716 1659 1786 largitur:
1697 1713 1965 1781 Hospitium
1986 1718 2033 1764 P.
2053 1712 2267 1764 Ministro
2285 1714 2474 1764 Provin-

1436 1787 1537 1835 ciali
1555 1785 1816 1835 immediate
1833 1784 2083 1849 subjefium
2099 1819 2115 1842 ,
2142 1786 2186 1832 in
2222 1788 2363 1834 Portu
2383 1800 2473 1832 ma-

1438 1858 1596 1906 ritimo
1624 1861 1829 1907 Centum
1859 1858 2097 1907 Cellarum
2135 1872 2218 1922 pro
2253 1856 2340 1903 illis
2370 1870 2476 1901 con-

1437 1926 1577 1985 strui,
1610 1926 1767 1976 iisdem
1787 1927 1843 1976 de
1859 1927 2146 1995 Supellee‘tile
2163 1961 2179 1984 ‚
2226 1944 2278 1974 ac
2307 1927 2404 1973 aliis
2424 1925 2484 1974 ad

1442 1999 1617 2048 vidium
1663 1997 1909 2047 neceffariis
1940 2004 2136 2064 (praeter
2167 1996 2476 2063 indumenta)

1441 2068 1670 2134 provideri
1685 2082 1816 2118 curat
1830 2105 1846 2127 ‚
1865 2087 1916 2118 ac
1936 2070 2180 2119 Saeculares
2195 2103 2208 2119 ‚
2228 2065 2303 2116 seu
2324 2070 2477 2132 Regu-

1440 2140 1552 2189 lares
1570 2141 1731 2201 (etiam
1744 2141 2028 2206 Capucinos)
2043 2138 2100 2188 ad
2115 2138 2290 2188 dietum
2308 2137 2474 2205 Hospi-

1439 2211 1556 2260 tium
1589 2212 1723 2277 recipi
1761 2224 1886 2261 vetat
1902 2247 1914 2260 .
1996 2210 2098 2260 Ven.
2130 2209 2191 2257 D.
2224 2208 2270 2258 S.
2289 2208 2479 2257 Innocen-

1444 2286 1532 2330 tius
1561 2285 1653 2331 ΧΙ.
2386 2282 2470 2341 84.

1515 2352 1684 2401 Iisdem
1699 2350 1958 2418 Capellanis
1977 2387 1992 2408 ‚
2022 2350 2170 2401 Claffe
2188 2351 2476 2400 Triremium

1445 2438 1602 2472 contra
1618 2424 1795 2472 Turcas
1809 2435 2001 2471 exeunte
2018 2457 2033 2479 ,
2059 2419 2269 2489 speciales
2293 2421 2480 2471 faculta-

1445 2506 1511 2541 tes
1529 2495 1786 2559 impertitur
1804 2526 1816 2541 .
1856 2489 1998 2549 Idem,
2028 2510 2116 2540 cum
2127 2507 2224 2539 nota
2240 2527 2253 2540 .
2398 2495 2481 2554 85.

1517 2568 1763 2612 Decretum
1788 2565 1932 2613 Sacrae
1958 2562 2344 2631 Congregationis
2380 2564 2485 2629 Epi-

1447 2631 1687 2701 scoporum
1705 2668 1720 2690 ,
1755 2649 1807 2682 ac
1826 2634 2125 2697 Regularium
2144 2668 2159 2690 ,
2192 2650 2286 2699 quo
2304 2634 2483 2681 Monia-

1451 2703 1568 2752 libus
1583 2708 1733 2753 Mont.
1753 2705 1890 2770 Qir.
1906 2702 1959 2751 de
1980 2702 2111 2758 Urbe
2126 2702 2223 2752 esus
2239 2702 2486 2752 lasticinio-

1454 2792 1554 2823 rum
1571 2780 1720 2837 (extra
1733 2774 2138 2842 Qadragefimam
2152 2809 2166 2831 ,
2179 2771 2308 2822 ferias
2326 2771 2487 2832 sextas,

1451 2844 1500 2895 ὅ(
1519 2846 1725 2913 vigilias)
1741 2846 1892 2896 licitus
1908 2845 2194 2903 declaratur,
2214 2842 2484 2907 confirmat.

1454 2915 1640 2965 Clemens
1674 2917 1769 2966 XI.
2404 2918 2487 2965 88.

1523 2991 1721 3035 Decreto
1742 2989 1885 3035 Sacrae
1907 2986 2290 3055 Congregationis
2322 2988 2488 3036 Conci-

1455 3056 1534 3114 lii,
1571 3059 1597 3105 a
1614 3061 1771 3106 Fratre
1790 3060 1853 3105 N.
1873 3060 1938 3105 N.
1970 3058 2014 3104 in
2033 3057 2138 3106 astu
2157 3058 2312 3104 collati
2333 3061 2488 3106 Sacer-

1454 3126 1571 3177 dotii
1590 3164 1606 3186 ,
1618 3130 1641 3176 ὲ
1663 3126 1707 3177 se
1724 3127 1938 3179 Hostiam
1955 3143 2044 3175 non
2063 3129 2232 3177 taeiam
2250 3124 2375 3175 fuiss‘e
2388 3126 2490 3176 affe·

1457 3213 1579 3248 rente
1598 3234 1612 3255 ,
1640 3201 1712 3250 vel
1741 3198 2007 3266 scrupulum
2036 3197 2237 3265 deponi,
2273 3198 2345 3246 vel
2363 3198 2418 3247 ab
2437 3214 2490 3247 eo

1461 3269 1486 3317 εἴ
1504 3268 1638 3319 Miffa
1653 3267 1863 3319 abstineri
1885 3267 2128 3319 resolvitur
2148 3305 2161 3318 .
2410 3271 2493 3328 89.

1528 3345 1727 3391 Decreto
1759 3338 1957 3404 ejusdem
1991 3342 2293 3408 &Congreg.
2328 3341 2495 3388 Conci-

1457 3413 1506 3461 lii
1523 3411 1728 3464 instantia
1744 3410 2038 3461 restitutionis
2056 3411 2101 3459 in
2130 3412 2360 3476 integrum
2388 3427 2494 3458 con-

1456 3496 1527 3532 tra
1542 3479 1867 3532 Profeffionem
1896 3482 1923 3530 a
1947 3484 2027 3530 Fr.
2048 3483 2164 3542 Cajo
2181 3476 2382 3527 emissam
2399 3515 2413 3537 ,
2438 3498 2492 3530 ex

1455 3554 1633 3605 motivo
1661 3553 1811 3603 morbi
1826 3551 2067 3619 Epileptici
2086 3562 2191 3598 ante
2209 3547 2492 3618 ingressum...

1456 3627 1709 3694 Religionis
1741 3621 1907 3681 habiti,
1946 3621 2237 3687 componitur
2262 3655 2272 3667 .
2321 3639 2407 3668 cum
2425 3641 2490 3669 no-

1453 3710 1500 3744 ta
1515 3731 1527 3744 .
2404 3713 2490 3754 90.

1531 3770 1731 3816 Decreto
1757 3758 1953 3824 ejusdem
1989 3761 2037 3810 S.
2058 3761 2296 3831 Congreg.
2324 3767 2495 3814 Conci-

1462 3838 1512 3888 lii
1551 3835 1709 3887 fimilis
1740 3830 1946 3881 instantia
1978 3828 2275 3886 restitutionis
2310 3836 2357 3882 in
2383 3837 2495 3883 inte-

2322 3917 2436 3959 grum
