2710 4108
702 340 1314 460 Animadversio
1361 343 1976 455 cirkcassErrac-q,
2120 417 2124 420 ,
2384 365 2393 390 ,

506 547 754 603 antumque
781 534 999 584 attentior
1021 530 1160 582 fuerit
1191 530 1406 583 adhibita
1426 549 1569 590 cura,
1606 529 1655 584 &
1689 529 1921 589 studium,
1962 535 2014 581 ut
2044 530 2112 582 de
2155 534 2299 601 praelo
2329 533 2423 581 exi'

295 534 557 724 Qet
582 625 696 676 opus
725 607 751 654 ὲ
780 606 918 655 naevis
942 603 1072 672 plene
1093 618 1374 674 purgatum,
1402 603 1624 672 irrepsere
1658 616 1813 652 tamen
1839 621 2001 653 eorum
2031 606 2270 691 nonnulli,
2299 621 2417 676 quo-

568 696 671 728 rum
698 678 941 747 graviores
974 676 1047 725 hic
1078 692 1133 724 ex
1165 689 1292 746 parte
1323 673 1531 727 adnoto.
1568 686 1571 689 ·

286 824 346 869 In
375 815 446 870 Isa
449 834 570 890 goge
595 818 766 868 citatur
784 816 1024 884 aliquoties
1062 815 1293 884 Pignatell.
1328 812 1918 881 confialt.11‘1.cujhsloco
1947 776 2048 886 lege
2084 835 2191 868 112.
2195 816 2288 918 fol.
2300 823 2415 916 136.

274 890 363 960 fil
389 909 467 943 12.
494 891 572 941 col.
593 907 635 942 1·
658 890 702 937 in
733 890 996 940 summario
1025 884 1126 968 post
1149 886 1288 937 verba
1317 890 1363 936 in
1390 885 1523 936 Italia
1544 885 1659 938 adde
1684 887 1905 954 deputari
2401 918 2406 930 ι

272 959 365 1030 fil
387 970 510 1013 106.
548 958 777 1010 Ordinem
820 957 1200 1027 chronologicum
1233 974 1322 1006 non
1349 968 1472 1008 tenet
1504 959 1647 1008 Breve
1682 951 2004 1025 Apostolicum
2029 956 2103 1009 de
2136 917 2418 1018 Monasterio

430 1031 709 1083 Monialium
745 1026 946 1087 Perufii,
987 1027 1211 1096 debetque
1244 1029 1441 1097 praeponi
1481 1028 1623 1077 Bullae
1656 1030 1871 1079 anteriori
1899 1030 1956 1079 de
1989 1031 2180 1099 Capella
2212 1026 2419 1080 Gualdi.

279 1102 372 1170 fil.
398 1106 459 1170 38
465 1122 515 1164 9
547 1102 626 1150 lin.
647 1119 723 1160 17.
744 1098 849 1169 post
878 1100 1256 1168 Arcbiepisbopalis
1289 1099 1482 1150 addatur
1516 1084 1828 1162 Novariaml'.
1868 1109 1873 1143 ἴ

274 1172 366 1241 sol.
405 1191 524 1237 397.
550 1172 628 1220 col.
655 1190 695 1220 1.
731 1170 808 1219 lin.
831 1171 994 1243 penult.
1024 1177 1081 1227 &
1101 1171 1180 1226 ult
1232 1171 1444 1227 citatur,
1481 1166 1555 1219 seu
1602 1184 1794 1220 vocatur
1844 1175 1990 1223 Breve
2035 1169 2415 1222 confirmativum

430 1240 838 1293 Constitutionum
856 1242 1135 1291 Monialium
1165 1223 1341 1296 Montis
1381 1242 1609 1312 Regalis,
1630 1241 1780 1311 quod
1811 1243 1857 1293 in
1878 1240 2223 1314 Typographia
2261 1241 2418 1294 distra‘·

335 1370 336 1373 Ἴ
432 1313 561 1367 &um
593 1301 812 1367 inseretur
853 1309 1169 1382 supplemento
1204 1315 1346 1370 totius
1377 1313 1582 1385 Operis

290 1453 400 1507 Alia
425 1456 605 1506 leviora
633 1454 840 1515 menda,
891 1473 990 1524 quae
1016 1456 1092 1506 vel
1118 1445 1212 1526 ipse
1242 1455 1493 1509 verborum
1522 1453 1726 1522 aspestus
1752 1454 1987 1551 deteget,
2003 1453 2106 1541 [με
2131 1422 2416 1507 htirnanitate

427 1525 640 1581 eruditus
667 1527 832 1582 Lefior
864 1526 1129 1580 emendabit
1155 1526 1325 1588 fimul,
1347 1526 1397 1580 ὃ(
1416 1523 1704 1585 excusabit.
2090 1547 2094 1562 =
