2710 4108
981 202 1782 320 mediolanensis.

333 312 488 358 nasterii
502 311 683 371 erigendi
699 309 923 380 hujusmodi
939 313 1242 372 deputationem
1255 350 1271 371 ,
1291 321 1354 376 ju-

330 383 399 416 xta
412 374 588 430 predicti
608 372 840 414 Mouasteru
859 374 979 438 Urbis
995 387 1148 417 morem
1163 403 1178 427 ,
1201 378 1240 418 δι
1251 391 1350 420 con-

321 430 580 476 suetudinem
594 430 849 486 procedere,
879 428 1082 475 Missarum
1102 447 1265 489 quoque
1290 433 1348 477 so·

328 490 477 533 lemnia
489 487 629 531 audire
640 485 772 531 officia
782 517 797 541 ,
812 487 1052 546 responibria
1061 516 1076 538 ,
1095 492 1134 532 δι
1144 491 1237 534 alias
1254 506 1345 535 ora-

327 547 483 596 tiones,
497 545 608 603 juxta
622 560 803 590 normam
817 574 832 599 ,
843 550 882 591 ἃ
901 547 1074 591 sormam
1092 548 1243 591 eisdem
1259 554 1351 595 Mo·

325 604 497 649 oialibus
522 605 754 649 Monasterii
774 605 829 650 de
857 608 969 651 Urbe
998 606 1220 664 hujusmodi
1250 622 1348 663 prae-

322 661 516 719 scriptas,
544 665 750 720 perpetuis
771 664 915 709 suturis
934 666 1183 723 temporibus
1197 668 1348 711 recita-

322 731 372 764 re
399 730 640 775 teneantur,
676 737 724 766 ac
754 724 1060 781 eleemosynas,
1086 726 1315 767 oblationes
1331 752 1345 777 ,

322 781 540 823 mortuaria
560 810 575 833 ,
595 780 788 826 suneralia
800 814 816 836 ,
835 785 1033 841 &quavis
1055 783 1132 826 alia
1147 785 1250 826 bona
1264 784 1340 826 eis·

319 836 418 881 dem
442 836 591 884 futuris
622 841 891 894 Monialibus,
917 843 958 884 δι
983 842 1226 887 Monasterio
1253 843 1339 884 eri-

319 896 457 954 gendo
470 928 487 951 ,
516 913 590 956 pro
610 907 797 956 tempore
810 901 1043 956 elargienda
1059 928 1075 952 ,
1096 902 1134 943 &
1150 899 1342 944 donanda

318 956 525 1011 recipere,
556 972 602 1001 ac
628 959 835 1012 retinere,
865 959 977 1018 juxta
1006 970 1142 1002 tamen
1170 959 1342 1014 praedicti

318 1013 486 1058 Ordinis
513 1016 719 1072 regulam,
745 1017 914 1069 statuta,
940 1019 981 1060 δι
1004 1017 1313 1061 consuetudines
1328 1047 1342 1069 ,

318 1073 480 1128 libere,
507 1074 674 1118 &licite
690 1075 875 1128 valeant,
900 1090 947 1119 ac
975 1090 1094 1120 unam
1121 1075 1337 1120 Ecclesiam

308 1131 472 1175 ,ibidem
494 1134 692 1185 vicinam,
724 1132 791 1176 seu
813 1137 1067 1190 contiguam,
1097 1136 1163 1178 ubi
1194 1139 1341 1180 Sacro·

315 1190 488 1233 faustum
514 1191 766 1235 Eucharistiae
782 1196 1091 1237 Sacramentum
1106 1195 1307 1250 perpetuo
1321 1219 1335 1242 ‚

313 1248 428 1308 juxta
443 1248 615 1291 formam
625 1250 800 1294 Concilii
818 1252 1043 1295 Tridentini
1057 1251 1341 1305 conservetur,

314 1319 411 1350 cum
435 1307 636 1363 Capella,
663 1310 901 1366 campanili,
924 1312 965 1354 δι
988 1313 1192 1367 campanis
1209 1311 1340 1353 humi-

313 1364 447 1418 libus,
469 1379 543 1409 nec
555 1381 631 1409 non
647 1370 890 1413 coemeterio
905 1399 921 1424 ,
942 1369 1117 1413 claustro
1132 1398 1148 1422 ,
1181 1369 1338 1412 dormi-

314 1425 452 1476 torio,
476 1423 720 1478 resestorim
746 1428 901 1483 hortis,
937 1430 979 1472 δε
1005 1428 1094 1472 aliis
1121 1430 1339 1481 membris,

312 1482 531 1526 &officinis
544 1483 796 1540 necessariis,
824 1501 900 1532 nec
923 1502 1003 1532 nou
1027 1489 1069 1531 in
1093 1487 1236 1531 eadem
1252 1490 1334 1531 Ec-

313 1542 433 1584 clesia
450 1555 566 1586 unam
594 1553 834 1600 perpetuam
859 1547 1140 1604 Capelianiam
1163 1560 1237 1603 pro
1254 1561 1334 1590 uno

314 1600 545 1656 Capeliano
573 1601 611 1643 in
638 1605 956 1660 Presbyteratus
971 1605 1132 1649 Ordine
1147 1634 1163 1656 ‚
1191 1607 1337 1650 &arta-⁴·

314 1669 358 1701 te
370 1662 559 1715 proveeta
574 1661 792 1706 constituto
804 1692 820 1716 ,
843 1665 998 1707 virtute
1011 1693 1027 1715 ,
1055 1665 1092 1705 δι
1108 1664 1225 1706 bonis
1250 1678 1335 1706 mo-

311 1717 419 1760 ribus
471 1727 618 1761 ornato
640 1748 656 1771 ,
711 1720 764 1763 ab
818 1721 936 1777 ipfius
990 1722 1133 1765 Caroli
1186 1723 1334 1766 Cardi-

310 1775 440 1828 nalis3
466 1778 507 1820 δι
524 1790 599 1832 pro
609 1784 795 1835 tempore
807 1780 1010 1824 existentis
1027 1780 1332 1838 Archiepiscopi

307 1834 620 1878 Mediolanensis
632 1846 735 1880 nutu
750 1840 956 1884 amovibili
970 1868 986 1892 ,
1010 1839 1078 1895 qui
1094 1837 1224 1882 Miffas
1237 1853 1338 1896 prae·

307 1892 681 1944 dielascelebrare‚
708 1895 879 1950 dicere,
905 1901 946 1941 δε
962 1899 1161 1948 recitare,
1191 1912 1236 1940 ac
1265 1912 1334 1941 ea-

305 1952 494 1995 rumdem
505 1950 732 1997 futurarum
747 1957 985 2001 Monialium
996 1955 1256 2000 confeffiones
1268 1971 1338 1999 au-

307 2011 420 2063 dire,
448 2011 590 2066 easque
606 2012 643 2054 in
657 2013 834 2064 caribus,
860 2016 898 2058 in
925 2015 1067 2072 quibus
1095 2015 1333 2058 Monialium

301 2069 475 2115 aliorum
491 2068 670 2126 ejusdem
684 2072 851 2116 Ordinis
869 2074 1203 2118 Monasteriorum
1218 2076 1333 2117 Con-

300 2125 461 2172 sessores
475 2127 685 2173 absolvere
705 2130 886 2187 possunt,
909 2133 1148 2184 absolvere,
1175 2147 1220 2176 ac
1247 2132 1327 2174 illis

300 2190 561 2231 Sacramenta
576 2188 874 2240 Ecclefiastica‚
902 2190 1027 2234 etiam
1043 2201 1230 2246 tempore
1251 2192 1327 2232 Pa·

302 2243 424 2289 schali
437 2273 452 2296 ,
479 2246 626 2300 abique
639 2248 828 2290 Re5-toris
845 2248 1093 2292 Parochialis
1110 2247 1298 2291 Ecclefiae
1311 2277 1324 2302 ,

305 2304 346 2346 in
361 2303 472 2358 cuius
487 2304 687 2347 Parochia
701 2304 850 2349 ἀῐὲὶυηι
865 2307 1150 2351 Monallerium
1171 2307 1327 2363 erigen-

303 2362 401 2406 dum
416 2358 600 2404 consistet
616 2391 630 2415 ,
656 2362 818 2408 licentia
835 2393 850 2416 ,
879 2365 1099 2409 ministrare
1113 2366 1242 2410 libere
1256 2394 1269 2417 ,
1285 2367 1326 2409 &

303 2420 416 2464 licite
431 2420 563 2463 valeat
579 2449 594 2472 ,
618 2420 700 2464 fine
718 2422 888 2480 alicujus
900 2423 1136 2479 praejudicio
1159 2426 1323 2480 erige-n-

301 2479 370 2528 di,
402 2480 441 2521 Sc
464 2492 540 2536 pro
552 2475 664 2522 felici
678 2481 902 2536 regimine,
922 2483 1002 2525 ritu
1018 2509 1031 2534 ,
1058 2498 1104 2527 ac
1130 2483 1170 2525 in
1202 2484 1322 2525 mori-

300 2539 375 2581 bus
388 2566 403 2590 ‚
415 2539 455 2580 δι
468 2538 647 2595 regulari
661 2539 912 2583 observantia
923 2570 939 2591 ,
952 2541 1205 2585 instrufflone
1220 2556 1322 2598 prae-

297 2595 497 2640 dietarum
516 2597 741 2642 suturarum
757 2599 994 2642 Monialium
1018 2610 1195 2655 quatuor
1210 2627 1225 2649 ,
1254 2599 1319 2644 vel

299 2655 368 2698 sex
382 2683 397 2707 ,
410 2665 479 2704 aut
490 2655 628 2712 plures
640 2684 655 2706 ,
666 2655 735 2701 seu
749 2666 931 2715 tot,quot
945 2655 1292 2717 neceffariaeerunt
1304 2685 1319 2711 ,

299 2712 471 2756 aliorum
499 2714 835 2758 Monasteriorum
851 2745 865 2770 ,
888 2718 929 2759 δι
954 2717 991 2759 in
1018 2717 1107 2759 aliis
1128 2716 1319 2759 Civitati·

298 2771 371 2813 bus
407 2772 661 2815 existentium
690 2774 854 2817 Ordinis
880 2774 1055 2831 pradiffi
1092 2774 1291 2818 Moniales
1303 2803 1319 2825 ,

297 2830 560 2885 Superiorum
575 2829 736 2875 suorum
749 2832 915 2876 licentia
929 2832 1081 2889 petiti,
1109 2834 1148 2874 &
1165 2833 1314 2875 obten-

294 2887 341 2930 aa
356 2915 371 2938 ,
393 2902 480 2944 quae
495 2888 591 2931 inibi
601 2892 803 2947 perpetuo
821 2919 836 2943 ,
863 2890 929 2933 seu
943 2890 1072 2948 quoad
1089 2889 1312 2945 expediens

295 2945 421 2989 visum
436 2945 560 2989 fuerit
572 2974 586 2998 ,
613 2960 779 2991 manere
796 2947 957 2991 valeant
970 2977 986 2999 ,
1011 2962 1086 3004 pro
1098 2949 1167 2991 illa
1184 2950 1310 3003 prima

295 3005 387 3048 vice
401 3033 415 3057 ,
436 3004 504 3047 seu
519 3004 756 3048 necestitate
771 3006 1039 3056 extrahendi,
1063 3007 1104 3048 δι
1128 3006 1175 3049 ad
1192 3006 1314 3062 ipsum

294 3062 584 3107 Monasterium
615 3063 858 3120 erigendum
897 3062 1193 3114 transferendi,
1221 3078 1316 3106 nec-

301 3136 380 3165 non
396 3120 668 3177 responsiones
681 3149 696 3175 ,
711 3120 776 3165 sen
793 3122 880 3165 fida
899 3121 1096 3165 livellaria
1114 3121 1317 3177 praedic'tis

295 3180 496 3237 Capitulo
507 3180 665 3223 debitas
680 3208 696 3232 ,
724 3179 789 3224 seu
813 3181 952 3226 debita
970 3179 1197 3238 hujusmodi
1212 3211 1228 3233 ,
1242 3194 1318 3237 pro

292 3237 443 3294 summa
458 3253 550 3281 cum
564 3239 652 3295 ipfis
666 3239 863 3295 Capitulo
880 3253 929 3282 ex
943 3238 1054 3282 dictis
1070 3237 1316 3291 redditibus,

293 3310 368 3354 per
379 3297 525 3342 didium
538 3301 736 3355 joannem
755 3299 954 3341 ‘rhomam
970 3297 1111 3355 legatis
1133 3311 1315 3341 conven-

296 3366 338 3398 ta
350 3382 366 3405 ,
386 3354 455 3400 seu
466 3354 748 3401 convenienda
770 3355 1081 3412 permutandi,&
1095 3354 1287 3399 summam
1302 3384 1317 3407 ,

294 3412 362 3456 seu
378 3423 508 3459 ratam
522 3425 765 3459 conventam
781 3429 830 3458 ex
845 3414 960 3456 diois
990 3414 1214 3459 redditibus
1241 3428 1318 3471 pro

295 3473 520 3518 nemorum
550 3475 600 3517 ab
628 3487 757 3518 annua
787 3471 1060 3528 responsione,
1095 3471 1159 3516 seu
1184 3486 1318 3516 annuo

295 3529 416 3574 senfin
446 3533 661 3588 nonaginta
690 3532 882 3576 librarum
922 3530 1147 3585 hujusmodi
1173 3531 1316 3573 libera·

295 3588 409 3631 tione
422 3616 438 3641 ,
452 3589 493 3633 in
509 3592 850 3648 permutationem
866 3589 983 3633 dandi
1000 3620 1015 3642 ‚
1027 3592 1066 3632 δι
1080 3587 1317 3644 affignandi,

293 3646 459 3703 plenam
474 3673 490 3695 2
518 3649 691 3706 amplam
714 3679 729 3701 ,
752 3651 791 3691 δι
818 3650 986 3693 liberam
1011 3649 1318 3699 auctoritatem,

293 3705 503 3748 licentiam
516 3734 532 3758 ,
557 3707 598 3752 δι
609 3707 844 3752 facultatem
859 3734 872 3756 ‚
901 3706 1132 3764 Apostolica
1147 3705 1319 3749 auetori-

291 3773 400 3816 tate,
430 3773 579 3809 tenore
592 3764 846 3822 presentium
861 3766 1124 3810 concedimus
1136 3793 1150 3817 ‚
1175 3762 1318 3810 distas-

1410 321 2035 423 355d3ffi52³¹³233152¹32553
2039 326 2111 393 '‘f-³
2117 338 2134 367 ⁵
2159 236 2431 426 ‘353⁸'

1408 436 1623 479 ssruffione
1634 407 1659 487 ,'
1677 393 1718 479 gc
1744 434 1992 493 perfectione
2004 467 2019 490 ,
2034 396 2107 481 egi
2126 396 2433 498 ἓῖἰιῖηςιηοῐικῖῖἓ,

1406 494 1474 536 seu
1500 489 1656 538 fabrica:
1679 495 1987 538 manutentione
2022 502 2095 549 per
2121 497 2274 541 dictum
2305 504 2435 543 Caro-

1410 552 1496 594 lum
1525 551 1786 595 Cardinalem
1820 551 1992 603 saetam,
2027 567 2071 594 ac
2110 556 2231 598 etiam
2257 571 2436 600 conven-

1409 610 1564 651 tionem
1593 611 1702 652 inter
1719 623 1812 652 eum
1828 639 1843 661 ,
1872 612 1912 652 δι
1935 611 2171 666 Capitulum
2198 616 2401 668 praediftos
2417 645 2431 667 ,

1409 667 1526 722 super
1548 667 1771 722 hujusmodi
1788 670 2088 723 permutatione
2110 669 2190 726 jam
2219 669 2348 714 forsan
2375 673 2433 715 fa-

1405 727 1539 777 ctam,
1563 724 1628 768 seu
1653 740 1735 782 quae
1750 724 1850 778 fiet,
1876 727 2142 780 austeritate,
2167 730 2207 771 δι
2232 738 2432 774 tenore...»

1399 783 1597 841 praedicstis
1623 783 1938 835 confirmamus,
1966 787 2313 840 &approbamus,
2340 786 2431 829 illis-

1399 856 1479 898 que
1494 852 1722 898 perpetuae,
1754 844 2050 886 &inviolabilis
2078 844 2277 888 firmitatis
2302 847 2428 888 robur

1403 899 1642 956 adjicimus,
1668 915 1714 943 ac
1738 915 1904 953 omnes,
1931 902 1971 943 &
1999 900 2173 958 fingulos
2199 914 2281 954 tam
2308 903 2429 960 juris,

1401 962 1522 1015 quam
1538 958 1628 1002 faeti
1643 959 1869 1011 defectus,fl
1884 961 1951 1015 qui
1964 957 2095 1003 forsan
2108 961 2399 1004 intervenerint
2412 991 2426 1012 ‚

1402 1018 1594 1062 iniisdem
1622 1017 1876 1074 supplemus.
1913 1021 2201 1063 Decernentcs
2230 1018 2429 1062 easdem„

1400 1077 1616 1133 praesentes
1643 1078 1781 1120 literas
1809 1078 1862 1119 de
1889 1075 2188 1132 subreptionis,
2218 1078 2281 1120 vel
2304 1079 2428 1119 obre-

1400 1137 1552 1191 ptionis
1569 1136 1694 1186 vitio,
1719 1146 1787 1178 aut
1805 1136 2036 1178 intentionis
2057 1137 2208 1179 Nostrae
2226 1166 2239 1187 ‚
2263 1136 2327 1179 vel
2347 1135 2429 1178 alio

1400 1195 1587 1252 quopiam
1603 1193 1766 1237 defectu
1782 1221 1797 1245 ‚
1829 1194 1943 1236 nullo
1957 1208 2133 1251 unquam
2152 1205 2339 1249 tempore
2352 1208 2427 1236 no-

1403 1254 1504 1304 tari,
1533 1254 1795 1310 impugnari,
1839 1253 2078 1305 invalidari,
2110 1254 2173 1296 vel
2209 1255 2245 1296 in
2274 1253 2333 1309 jus
2353 1281 2366 1304 ,
2387 1255 2428 1295 δι

1400 1313 1714 1355 controversiam
1730 1314 1893 1364 vocari,
1913 1322 1982 1355 aut
2000 1313 2069 1354 sub
2096 1313 2300 1369 quibusvis
2326 1313 2427 1354 simi-

1400 1371 1500 1413 lium
1516 1400 1531 1421 ,
1561 1371 1624 1413 vel
1643 1369 1882 1413 dissimilium
1899 1372 2118 1426 gratiarum
2147 1371 2426 1413 revocationi·

1400 1430 1473 1474 bus
1489 1459 1501 1480 ,
1531 1427 1866 1484 suspenfionibus‚
1891 1429 2223 1478 limitationibus,
2247 1431 2423 1484 deroga-

1396 1489 1575 1531 tionibus
1591 1517 1604 1539 ,
1635 1490 1673 1530 &
1715 1488 1803 1530 aliis
1841 1488 2055 1530 contrariis
2097 1487 2419 1542 dispositionibus

1396 1547 1687 1602 comprehendi
1705 1545 1836 1602 posse,
1865 1545 1931 1587 sed
1959 1545 2117 1600 semper
2137 1547 2187 1588 ab
2205 1546 2281 1587 illis
2299 1560 2421 1588 exce-

1396 1616 1501 1661 ptas,
1515 1608 1552 1647 δι
1565 1631 1579 1654 ‚
1593 1605 1756 1661 quoties
1769 1604 1847 1647 illa·
1862 1606 2106 1648 emanabunt
2120 1633 2134 1655 ,
2151 1604 2273 1646 toties
2287 1605 2326 1645 in
2343 1604 2425 1659 pri-

1395 1665 1541 1706 stinum
1553 1693 1568 1715 ,
1600 1666 1638 1705 &
1655 1677 1747 1706 eum
1763 1693 1776 1714 ,
1798 1664 1835 1704 in
1851 1677 1931 1718 quo
1945 1675 2039 1706 ante
2055 1660 2241 1717 praemiffa
2255 1676 2422 1718 quomo-

1393 1721 1552 1765 dolibet
1568 1732 1708 1772 erant,
1722 1722 1864 1764 statum
1889 1722 2087 1765 restitutas
2105 1751 2118 1773 ,
2135 1721 2325 1775 repositas
2341 1750 2355 1771 ‚
2383 1721 2423 1761 &

1396 1780 1578 1837 plenarie
1593 1782 1864 1836 reintegratas
1878 1777 1983 1822 else:
2008 1780 2140 1836 sicque
2168 1779 2219 1822 ab
2232 1780 2419 1821 omnibus

1395 1838 1580 1890 censeri,
1594 1853 1640 1882 ac
1654 1839 1708 1882 ita
1723 1853 1796 1895 per
1815 1837 2086 1895 quoscumque
2097 1837 2279 1895 judices,
2293 1838 2419 1880 etiam

1395 1897 1617 1941 Causarum
1655 1898 1799 1941 Palatii
1836 1898 2060 1952 Apostolici
2089 1898 2343 1944 Auditores,
2375 1909 2422 1938 ac

1398 1958 1492 1999 S-R.
1506 1958 1550 1998 E.
1566 1956 1806 1999 Cardinales
1818 1982 1832 2004 a
1850 1955 2000 1999 sublata
2015 1956 2073 1999 eis
2088 1985 2102 2007 ,
2124 1957 2164 1997 δι
2177 1968 2317 1997 eorum
2332 1954 2422 1996 cui-

1400 2014 1503 2056 libet
1517 2015 1659 2069 quavis
1672 2014 2035 2070 aliter-judicandi,
2059 2016 2096 2056 δι
2120 2011 2417 2068 interpretandi

1394 2073 1615 2123 facultate,
1629 2074 1670 2114 δι
1683 2073 1926 2115 auctoritate
1939 2101 1954 2122 ,
1970 2072 2139 2127 judicari
2159 2071 2340 2114 debere:
2357 2071 2412 2112 ir-

1393 2132 1514 2174 ritum
1531 2144 1716 2186 quoque,
1739 2132 1780 2172 &
1800 2131 1946 2182 inane,
1976 2131 2000 2173 fi
2035 2130 2146 2174 secus
2170 2129 2283 2186 super
2310 2128 2370 2170 his
2395 2130 2417 2169 :l

1386 2203 1590 2246 quoquam
1605 2218 1619 2240 ,
1643 2190 1782 2245 quavis
1816 2189 2086 2241 auctoritate,
2103 2188 2280 2231 scienter
2295 2216 2311 2237 ,
2342 2187 2407 2229 vel

1387 2251 1622 2304 ignoranter
1631 2248 1852 2304 contigerit
1867 2246 2059 2291 attentari
2070 2275 2082 2287 .
2116 2249 2209 2289 Non
2223 2244 2417 2288 obstanti-

1385 2308 1458 2350 bus
1472 2306 1566 2348 dieti
1582 2304 1805 2349 Testatoris
1823 2306 2094 2358 voluntate,&
2106 2305 2306 2348 alienandi
2324 2318 2417 2359 pro-

1381 2366 1603 2416 hibitione,
1620 2365 1786 2421 aliisque
1812 2364 2008 2420 praemisfis
2030 2391 2045 2414 ,
2078 2377 2124 2406 ac
2152 2361 2223 2408 fel.
2252 2361 2414 2405 record.

1384 2426 1446 2468 Pii
1472 2426 1586 2478 Papae
1604 2425 1660 2465 11.
1688 2423 1985 2466 Praedacefforis
2015 2420 2178 2468 Nostri,
2210 2420 2264 2463 de
2293 2422 2416 2463 rebus

1385 2481 1574 2525 Ecclefiae
1588 2495 1666 2523 non
1677 2481 1902 2524 alienandis
1920 2510 1933 2532 ,
1972 2494 2130 2523 necnon
2156 2479 2242 2523 aliis
2257 2480 2413 2521 Consti-

1381 2541 1604 2584 tutionibus
1618 2568 1633 2592 ,
1659 2539 2041 2583 &Ordinationibus
2055 2537 2294 2592 Apostolicis
2307 2566 2320 2588 ‚
2352 2538 2416 2579 di-

1379 2599 1512 2654 &ique
1524 2599 1687 2640 Ordinis
1699 2627 1715 2648 ,
1725 2597 1973 2654 jurament0,
1985 2594 2290 2638 confirmatione
2302 2596 2417 2650 Apo-

1379 2657 1515 2700 stolica
1528 2682 1543 2704 ‚
1571 2655 1637 2699 vel
1650 2657 1788 2711 quavis
1808 2653 2000 2696 firmitate
2014 2653 2089 2695 alia
2119 2653 2321 2694 roboratis
2339 2653 2414 2694 sta-

1378 2716 1477 2758 tutis
1493 2741 1507 2763 ,
1539 2715 1579 2754 &
1592 2712 1947 2755 consuetudinibus
1961 2741 1976 2763 ‚
2007 2710 2229 2768 privilegiis
2244 2724 2407 2765 quoque

1379 2771 1547 2814 indultis
1559 2798 1575 2822 ,
1605 2772 1645 2812 &
1659 2770 1787 2813 literis
1798 2771 2045 2826 ‘Apostolicis
2056 2797 2070 2819 ,
2083 2768 2219 2811 eidem
2234 2768 2379 2809 Ordini
2394 2795 2410 2819 ,

1379 2830 1560 2884 illiusilue
1575 2827 1854 2883 sup'erioribus
1867 2856 1882 2876 ,
1898 2831 1937 2871 &
1953 2827 2130 2870 personis
2144 2856 2160 2877 ,
2185 2840 2231 2869 ac
2248 2826 2412 2882 quibus-

1372 2888 1434 2932 vis
1449 2887 1561 2937 aliis,
1588 2886 1658 2929 sub
1712 2885 1886 2929 uibusvis
1916 2887 2003 2929 aliis
2042 2884 2412 2941 quibuscumque-a

1376 2946 1582 2990 tenoribus
1598 2973 1613 2997 ‚
1628 2946 1668 2985 &
1698 2945 1820 2988 ormis
1833 2973 1847 2996 ,
1862 2958 1909 2987 ac
1922 2957 2016 2987 cum
2038 2939 2239 2999 quibusvis
2254 2970 2269 2993 ,
2284 2941 2407 2983 etiam

1376 3004 1730 3058 derogatoriarum
1758 3002 2026 3058 derogatoriis
2041 3031 2056 3053 ,
2083 2999 2246 3057 aliisque
2271 2999 2407 3041 effica-

1378 3062 1551 3105 ciotibus
1563 3091 1579 3112 ,
1610 3061 1831 3103 &insolitis
1847 3060 2032 3106 clausulis
2046 3085 2061 3109 ‚
2076 3073 2234 3102 necnon
2246 3059 2409 3100 irritan-

1377 3121 1517 3170 tibus,
1543 3119 1683 3162 &aliis
1696 3119 1872 3163 decretis
1891 3120 1928 3162 in
1956 3131 2137 3176 genere,
2168 3118 2230 3160 vel
2258 3117 2296 3157 in
2323 3114 2408 3170 spe-

1376 3179 1439 3221 cie
1455 3204 1470 3228 ‚
1499 3180 1622 3221 etiam
1637 3187 1749 3221 motu
1761 3179 1954 3235 proprio,
1984 3190 2031 3219 ac
2058 3177 2156 3220 alias
2182 3173 2406 3238 quomodo-

1374 3237 1472 3282 libet
1488 3235 1679 3281 conceffis
1693 3263 1707 3288 ,
1722 3239 1980 3293 approbatis,
1994 3237 2032 3277 &
2049 3234 2245 3277 innovatis
2258 3261 2269 3272 .
2300 3234 2420 3296 Q!''

1375 3297 1448 3340 bus
1462 3296 1647 3339 omnibus
1661 3323 1675 3345 ‚
1696 3297 1846 3345 etiamsi
1863 3296 1917 3339 de
1932 3295 2012 3338 illis
2028 3322 2043 3344 ,
2070 3303 2295 3345 eorumque
2309 3300 2405 3331 totis

1375 3355 1581 3399 tenoribus
1607 3382 1621 3404 ,
1660 3352 1839 3408 specialis
1855 3383 1870 3407 ,
1901 3350 2107 3410 specifica,
2137 3351 2177 3390 &
2197 3345 2372 3403 expressa
2390 3377 2405 3400 ,

1377 3427 1423 3458 ac
1439 3411 1492 3455 de
1508 3415 1635 3456 verbo
1650 3411 1699 3454 ad
1719 3414 1886 3457 verbum
1901 3441 1916 3464 ,
1947 3424 2024 3454 non
2039 3419 2178 3452 autem
2204 3420 2276 3463 per
2289 3406 2402 3472 clau-

1377 3470 1475 3515 sulas
1506 3470 1720 3526 generales
1747 3473 1857 3514 idem
1897 3473 2189 3525 importantes,
2219 3475 2398 3514 mentio,

1375 3532 1445 3573 seu
1458 3531 1601 3585 quaevis
1625 3529 1701 3570 alia
1719 3530 1914 3586 expreffio
1942 3525 2151 3573 habenda,
2176 3534 2244 3566 aut
2270 3522 2402 3577 aliqua

1376 3589 1453 3632 alia
1469 3586 1660 3643 exquisita
1675 3585 1803 3631 forma
1815 3588 1863 3632 ad
1879 3589 1954 3628 hoc
1971 3582 2161 3627 servanda
2183 3580 2280 3624 effet
2295 3609 2310 3633 ,
2325 3581 2403 3623 illis

1378 3647 1474 3690 alias
1493 3646 1532 3686 in
1556 3643 1625 3687 suo
1644 3646 1795 3690 robore
1825 3642 2120 3702 permansuris,
2152 3642 2224 3683 hac
2254 3639 2399 3683 vice...»

1377 3705 1573 3748 duntaxat
1591 3702 1816 3760 specialiter
1830 3733 1843 3755 ‚
1866 3705 1907 3745 δι
1927 3700 2113 3757 expresse
2132 3699 2371 3752 derogamus
2386 3723 2400 3745 ‚

1378 3762 1605 3819 ceterisque
1621 3764 1837 3807 contrariis
1851 3760 2162 3818 quibuscumque
2174 3787 2185 3800 .
2208 3755 2323 3801 Nulli
2340 3767 2403 3794 er-

2291 3825 2344 3865 go
