2774 4068
1003 190 1081 279 S.
1121 188 1215 277 P.
1266 186 1828 307 Francisci.

378 307 487 350 cum
516 302 658 363 itaque
684 300 944 361 postmodum
978 305 1189 361 Ecclesia,
1223 307 1293 353 seu
1318 314 1431 368 Cap-

376 363 490 423 pella
522 367 567 410 S.
579 362 973 419 Severini,0ppidi
990 394 1007 415 ,
1046 365 1114 407 seu
1142 368 1225 410 loci
1251 369 1431 427 Hispelli

379 423 614 480 Spoletanoe
628 420 809 479 Diecesis
825 435 900 478 per
923 422 1099 468 liberam·
1112 425 1432 481 resignationem

375 480 1085 539 DilefflFiliiJuliiVenantii,nu·per
1095 482 1216 539 ipsius
1230 487 1435 542 Ecclesiae,

376 542 447 586 seu
458 538 672 596 cappellae
687 540 954 593 Rectoris,de
968 541 1058 594 illa,
1071 555 1191 598 quam
1208 554 1307 588 tunc
1322 547 1431 589 obti-

376 600 526 648 nebat,
554 599 595 641 in
625 601 813 644 manibus
834 600 992 645 Nostris
1018 600 1163 658 sponte
1192 601 1365 654 factam,
1389 607 1430 647 δι

373 671 450 717 per
473 660 565 702 Nos
589 658 829 713 admissam,
858 660 968 717 apud
987 660 1139 704 sedem
1156 663 1337 707 eandem
1362 678 1429 707 va·-

372 716 534 761 caverit
548 747 565 770 ,
588 719 630 760 δε
646 729 770 763 vacet
784 719 834 763 ad
852 719 1051 777 praesens,
1074 718 1294 777 nullusque
1319 722 1429 768 dea

369 776 446 820 illa
460 805 476 830 ,
492 788 644 834 praeter
658 782 748 822 Nos
764 809 780 831 ,
794 780 868 822 hac
886 779 981 825 vice
992 778 1212 836 disponere
1225 783 1430 837 potuerit,

366 837 455 879 sive
476 836 623 894 possit,
650 837 965 893 reservatione,
989 838 1220 883 &decreto
1234 840 1427 883 obsisten-

371 897 480 940 tibus
505 894 783 953 supradissis:
807 900 863 941 Et
883 897 982 942 sicut
995 899 1179 946 exhibita
1198 900 1331 944 Nobis
1348 913 1423 942 nu-

370 969 447 1014 per
471 970 551 1012 pro
581 967 711 1013 parte·
728 956 976 1001 dilectorum
993 958 1424 1006 Filiorum,moderni

373 1016 651 1060 Provincialis
677 1016 907 1061 Provinciae
936 1018 1115 1062 Umbriae
1133 1046 1147 1070 ‚
1176 1032 1223 1061 ac
1241 1019 1432 1075 Religio.

370 1076 506 1119 sornm
533 1074 701 1119 Ordinis
735 1077 929 1119 Fratrum
957 1078 1165 1120 Minorum
1195 1080 1430 1134 Capucino·

373 1149 473 1179 rum
494 1144 826 1191 nuncupatorum
845 1136 998 1190 petitio
1014 1137 1286 1180 continebat:
1318 1136 1429 1193 quod

368 1193 681 1246 Provincialis,
723 1195 765 1236 &
789 1194 987 1252 Religiosi
1020 1195 1198 1252 praedieti
1230 1210 1360 1252 nuper
1387 1195 1428 1238 in

369 1252 953 1310 eorumceneraliCapituto
980 1268 1055 1311 pro
1085 1254 1256 1299 diversis
1286 1268 1431 1298 eorum

366 1312 1084 1431 ἓῖζῗϋιὲεξέἷέἱέῒὲὤιὲἓίἵὶὶἷὲι
1103 1315 1252 1433 {3¹:312
1256 1317 1433 1417 3,ωοῖῗῖ

369 1433 436 1476 nisv
456 1444 587 1489 prope
609 1460 624 1484 ,
660 1433 702 1474 &
729 1441 850 1475 extra
883 1432 1097 1490 Oppidum
1115 1461 1131 1486 ,
1161 1433 1229 1479 seu
1259 1434 1431 1479 locum„

370 1490 700 1550 pradidtum‚ad
717 1491 898 1548 praesens
918 1493 1164 1537 existentem
1178 1523 1194 1547 ,
1225 1492 1437 1536 nonnullis

368 1550 567 1607 legitimis
592 1580 609 1602 ,
648 1561 747 1594 tunc
778 1552 824 1594 in
849 1566 995 1596 eorum
1021 1552 1220 1609 Capitulo
1246 1552 1437 1609 expositis

368 1609 498 1655 causis
516 1637 532 1661 ,
564 1609 806 1666 relinquere
822 1639 838 1663 ,
862 1612 904 1654 ec
927 1611 1042 1656 illam
1067 1614 1176 1656 intra
1196 1613 1435 1671 praedictum

368 1669 584 1727 Oppidum
599 1698 613 1720 ,
643 1668 713 1712 seu
726 1668 870 1713 locum
893 1685 972 1728 pro
986 1670 1226 1716 necessitate
1238 1702 1256 1725 ,
1268 1675 1309 1715 &
1323 1685 1433 1714 com.

372 1729 583 1773 moditate
595 1725 754 1772 Domtis
766 1730 988 1786 Regularis
1004 1730 1262 1788 hujusmodi,
1277 1746 1323 1776 ac
1337 1733 1432 1776 Era·-

366 1799 483 1833 trum
514 1787 556 1832 in
586 1801 636 1831 ea
663 1787 929 1832 existentium
947 1819 961 1843 ,
994 1805 1154 1835 necnon
1182 1791 1430 1835 dilectorum

362 1848 550 1892 filiorum
568 1847 812 1892 Incolarum
837 1847 1028 1908 ejusdem
1042 1850 1195 1908 Oppidi
1211 1877 1227 1901 ,
1250 1853 1319 1894 seu
1346 1850 1429 1894 loci

363 1905 570 1967 spirituali
598 1907 889 1952 consolatione
917 1907 1252 1955 transferendam
1269 1909 1350 1953 effe
1367 1909 1429 1969 ju-

364 1966 637 2012 dicaverint.
665 1971 722 2012 Et
749 1969 778 2009 si
804 1967 911 2012 dieta
929 1970 1141 2023 Ecclesia,
1166 1969 1430 2026 velcappeh

362 2027 405 2072 la
424 2055 440 2080 ,
464 2040 555 2084 quae
581 2028 632 2071 ab
649 2026 832 2086 ipsorum
849 2028 1091 2074 Incolaru'm
1107 2029 1432 2074 habitationibus

370 2087 478 2131 satis·
499 2096 664 2131 remota
692 2088 828 2132 existit
844 2117 863 2142 ,
889 2091 934 2131 Be
957 2090 998 2132 in
1022 2103 1103 2147 qua
1125 2090 1246 2133 unica
1282 2087 1429 2135 Missa»

368 2145 543 2192 tantam*
576 2160 651 2202 per
677 2162 833 2191 annum:
858 2149 1070 2193 celebrari
1096 2150 1312 2192 consuevi-t
1328 2179 1348 2202 ,
1375 2150 1428 2190 ob

366 2206 501 2263 idque
536 2206 691 2250 Divina
709 2206 857 2249 Officia
880 2208 922 2251 in
948 2222 997 2251 ea
1012 2238 1029 2260 ‚
1056 2217 1101 2250 ut
1125 2221 1202 2264 par
1225 2208 1312 2259 est,
1335 2208 1430 2251 raro

370 2275 666 2324 peraguntur,
698 2268 739 2308 &
767 2267 847 2308 hoc
870 2270 988 2323 paeto
1013 2267 1190 2310 Divinus
1213 2266 1363 2310 Cultus
1387 2266 1428 2308 in

366 2339 423 2369 ea
435 2323 599 2380 negligi
625 2322 794 2368 videtur
809 2351 830 2375 ,
850 2339 945 2367 cum
963 2325 1170 2368 nonnullis
1194 2324 1427 2369 domuncu-

367 2385 419 2429 lis
439 2383 598 2426 circum
614 2383 727 2426 circa
742 2382 1027 2441 adjacentibus
1039 2411 1059 2434 ,
1073 2385 1226 2428 nullius
1249 2382 1335 2428 fere
1351 2399 1423 2428 va-

370 2443 474 2487 loris
498 2470 514 2495 ‚
556 2457 606 2486 ac
633 2443 687 2486 ob
721 2443 967 2487 vetustatem
999 2446 1197 2499 temporis
1226 2445 1423 2488 ruinam

372 2501 557 2558 undique
572 2501 838 2553 minantibus,
854 2502 1043 2558 praedie'to
1053 2503 1204 2546 Ordini
1219 2517 1312 2545 cum
1325 2518 1424 2547 one-

367 2576 416 2606 re
437 2573 560 2606 unam
575 2559 759 2619 ejusdem
775 2561 948 2607 Ordinis
966 2565 1148 2606 Domum
1167 2563 1423 2619 Regularem

364 2622 413 2666 in
439 2635 518 2670 ea,
545 2634 594 2664 ac
622 2620 713 2679 ejus
742 2619 897 2663 ambitu
929 2637 1006 2678 pro
1027 2624 1237 2679 perpetuis
1262 2621 1360 2670 usu,
1381 2624 1424 2665 &

369 2680 632 2725 habitatione
658 2682 855 2723 Fratrum
876 2681 990 2725 distae
1018 2679 1174 2724 Domtis
1201 2680 1423 2738 Regularis

365 2737 678 2784 concederetur
696 2768 711 2791 ,
737 2741 779 2781 &
812 2738 1079 2797 assignaretur
1107 2768 1123 2792 ,
1158 2754 1206 2782 ac
1233 2740 1287 2783 de
1310 2740 1422 2783 illius

365 2798 593 2851 fruamus,
623 2797 884 2852 redditibus,
915 2799 1249 2856 &proventibus
1273 2812 1422 2855 perpe-

362 2867 487 2902 tuum
512 2856 683 2911 simplex
708 2856 961 2901 beneficium
991 2858 1348 2908 Ecclfflastieum,
1376 2865 1421 2900 ut

365 2917 473 2961 infra
488 2946 504 2968 ,
518 2916 755 2968 erigeretur
769 2943 783 2967 ,
804 2917 845 2958 δι
861 2916 1170 2970 institueretur3
1185 2919 1224 2959 &
1247 2918 1305 2960 uti
1323 2931 1420 2973 pro·

362 2976 481 3021 fecte
493 2973 699 3017 Ordinem
714 2974 844 3029 ipsum
857 2976 1085 3032 exemplari
1099 2976 1421 3020 eorundemRe-

366 3033 611 3094 ligiosorum
630 3032 735 3083 vita,
748 3033 882 3076 Sacris
900 3034 1260 3086 Concionibus‚&
1272 3035 1422 3078 crebra

356 3098 733 3141 §aeramentorum
756 3092 1140 3135 Ecclesiasticorum
1167 3092 1422 3136 administra-

366 3156 518 3207 sione,
557 3150 834 3208 spiritualibus
861 3151 1069 3194 exercitiis
1095 3152 1139 3194 in
1169 3152 1304 3195 Vinea
1333 3155 1421 3195 Do-

365 3214 466 3259 mini
500 3225 584 3255 non
611 3210 881 3255 mediocriter
907 3208 1143 3266 proficere,
1173 3224 1223 3253 ac
1239 3210 1425 3254 ..incolas

367 3272 476 3332 ipsos
503 3268 811 3314 introdufflone
847 3268 1052 3312 dictorum
1083 3268 1424 3326 Religiosorum·,

362 3334 437 3392 qui
468 3344 614 3374 eorum
645 3328 850 3372 laboribus
877 3329 954 3384 piis
982 3326 1034 3371 ad
1060 3328 1250 3372 crebram
1273 3332 1422 3373 Sacra-

365 3403 607 3438 mentorum
633 3386 869 3445 hujusmodi
896 3385 1227 3442 susceptionem,
1256 3386 1421 3443 aliaque

363 3450 601 3509 spiritualia
628 3447 826 3492 exercitia
860 3446 1095 3490 ferventius
1128 3446 1301 3491 excitari
1341 3445 1420 3489 de-

366 3512 469 3555 bere
482 3508 727 3568 sperandum
745 3506 820 3559 sit;
851 3508 996 3566 Qare
1015 3518 1093 3560 pro
1106 3515 1226 3562 parte
1243 3504 1419 3549 Provini

369 3569 487 3614 cialis
501 3598 517 3623 ,
542 3571 583 3613 &
598 3566 901 3623 Religiosorum
915 3596 931 3618 ,
956 3579 1004 3606 ae
1021 3564 1118 3621 Julii
1134 3565 1417 3619 praedictorum

368 3626 632 3672 asserentium
659 3625 811 3671 fruetus
826 3655 842 3678 ,
871 3624 1057 3669 redditus
1078 3653 1092 3675 ,
1123 3625 1165 3666 δι
1189 3633 1414 3680 proventus

1491 310 1701 355 excedere
1715 337 1730 360 ,
1763 306 1895 352 Nobis
1924 306 1998 352 suit
2015 311 2226 358 humiliter
2242 227 2511 372 supplicatis
2525 346 2540 370 ,

1493 378 1697 427 quatenus
1711 366 1943 411 Ecclesiam
1955 395 1971 418 ‚
1998 368 2064 410 seu
2079 374 2294 427 Capellam
2312 374 2539 431 predictam

1499 428 1611 472 dieto
1620 426 1768 470 Ordini
1783 426 2017 471 concedere
2031 456 2044 477 ‚
2062 430 2101 469 ὃς
2119 430 2307 487 assignare
2323 463 2335 485 ‚
2350 448 2395 477 ac
2413 448 2539 476 unum

1498 495 1747 543 perpetuum
1764 485 1934 542 simplex
1950 483 2196 530 beneficium
2217 492 2539 536 Ecclesiasticum

1493 555 1537 587 ut
1561 543 1695 594 infra,
1727 546 1920 600 erigere,
1948 546 1990 586 δι
2016 544 2229 591 instituere
2247 575 2262 598 ‚
2292 550 2464 608 aliisque
2497 551 2537 593 in

1491 602 1694 659 praemislis
1721 603 1958 660 opportune
1990 603 2212 659 providere
2231 634 2244 656 ,
2273 608 2326 651 de
2350 610 2542 666 Benigni-

1494 671 1585 704 tate
1599 661 1837 717 Apostolica
1860 661 2129 717 dignaremur
2149 693 2159 704 .
2196 667 2280 707 Nos
2300 667 2418 722 igitur
2437 697 2451 719 ,
2472 667 2541 724 qui

1493 720 1638 763 Divini
1655 718 1807 763 Cultiis
1826 731 2098 776 augmentum
2118 750 2131 774 ,
2152 724 2193 764 δι
2208 725 2543 779 propagationem

1490 776 1660 822 sinceris
1682 789 1870 834 optamus
1896 778 2106 823 affectibus
2123 810 2137 833 ,
2163 781 2347 838 ipsosque
2373 785 2543 825 Provin-

1489 837 1639 881 cialem
1657 866 1672 890 ,
1700 839 1741 879 &
1758 838 1916 894 Julium
1932 868 1948 890 ,
1985 853 2240 897 eorumque,
2275 843 2316 883 &
2338 842 2540 884 diciorum

1489 895 1798 953 Religiosorum
1825 897 2050 954 singulares
2075 899 2264 956 personas
2289 900 2310 942 a
2339 899 2542 956 quibusvis

1488 956 1930 1000 excommunicationis
1948 986 1961 1009 ,
1993 957 2286 1015 suspensionis,
2313 960 2353 1000 δι
2375 957 2542 1002 interdi-

1491 1016 1574 1066 sti,
1603 1015 1777 1072 aliistlue
1797 1015 2095 1060 Ecclesiastieis
2122 1017 2337 1061 sententiis
2355 1046 2368 1069 ,
2399 1019 2543 1060 censu-

1490 1075 1545 1118 ris
1562 1104 1578 1128 ,
1601 1077 1645 1117 &
1670 1075 1795 1133 paenis
1820 1075 1842 1117 a
1871 1074 1995 1133 jure,
2028 1076 2097 1119 vel
2113 1078 2163 1120 ab
2175 1077 2372 1129 homine,
2397 1076 2543 1133 quavis

1492 1134 1705 1178 occasione
1722 1164 1736 1188 ,
1764 1133 1833 1177 vel
1862 1133 1979 1179 causa
2007 1134 2132 1189 latis,
2163 1135 2187 1178 si
2204 1137 2348 1194 quibus
2372 1149 2544 1192 quomo-

1491 1193 1656 1237 dolibet
1687 1193 1874 1237 innodati
1904 1193 2115 1247 existant,
2150 1195 2201 1238 ad
2226 1195 2417 1239 effectum
2449 1208 2543 1250 prae—

1494 1251 1668 1298 sentium
1692 1253 1893 1297 duntaxat
1924 1252 2288 1310 consequendum,
2311 1257 2454 1298 harum
2481 1252 2544 1296 se-

1494 1314 1556 1357 rie
1578 1313 1839 1357 absolventes
1855 1340 1869 1363 ,
1891 1315 1931 1356 &
1951 1313 2160 1356 absolutos
2181 1313 2272 1357 fore
2299 1317 2541 1364 censentes,

1495 1370 1723 1429 hujusmodi
1751 1370 2116 1428 supplicationibus
2130 1373 2316 1416 inclinati
2336 1402 2349 1426 ,
2378 1371 2543 1416 Discre-

1495 1431 1600 1475 tioni
1625 1441 1703 1474 tuae
1731 1444 1806 1487 per
1831 1430 2069 1489 Apostolica
2097 1431 2243 1489 scripta
2272 1432 2543 1483 mandamus,

1499 1501 1702 1547 quatenus
1728 1492 1879 1534 vocatis
1897 1520 1911 1542 ,
1938 1490 2006 1546 qui
2024 1489 2179 1534 suerint
2204 1491 2456 1545 vocandi,in
2475 1490 2541 1534 di-

1497 1553 1560 1593 fta
1578 1548 1777 1599 Ecclefia,
1795 1549 1862 1592 seu
1877 1548 2068 1605 Capella,
2082 1563 2167 1606 quae
2184 1550 2265 1594 sine
2282 1565 2378 1593 cura
2393 1549 2452 1594 est
2465 1577 2480 1601 ‚
2498 1550 2541 1593 δι

1498 1608 1754 1668 personalem
1780 1607 2044 1651 residentiam
2070 1622 2153 1652 non
2187 1611 2393 1667 requirit,
2420 1609 2539 1655 livea

1496 1666 1722 1727 praemisso,
1753 1667 1835 1711 sive
1859 1666 1946 1710 alio
1967 1667 2110 1724 quovis
2139 1669 2295 1720 modo,
2319 1681 2389 1712 aut
2413 1683 2463 1712 ex
2479 1668 2541 1710 al·

1496 1732 1630 1773 terius
1650 1726 1940 1786 cujuscumque
1954 1725 2157 1783 persona,
2184 1726 2252 1771 seu
2278 1743 2353 1784 per
2369 1728 2540 1770 similem

1495 1787 1814 1845 resignationem
1837 1787 1934 1829 dieti
1958 1787 2055 1844 Julii
2075 1815 2089 1839 ,
2116 1787 2183 1831 vel
2211 1787 2540 1845 cujuscunque,

1491 1848 1662 1891 alterius
1691 1847 1745 1891 d'e
1768 1847 1841 1890 illa
1865 1847 1908 1889 in
1939 1849 2127 1890 Romana
2142 1850 2296 1900 Curia,
2329 1848 2396 1890 vel
2419 1857 2541 1890 extra

1489 1923 1608 1958 eam,
1639 1908 1763 1952 etiam
1777 1921 1918 1950 coram
1942 1908 2123 1951 Notario
2144 1908 2337 1964 publico,
2360 1909 2398 1949 ὰ
2426 1905 2542 1949 testi-

1488 1968 1592 2019 bus,
1615 1967 1761 2024 sponte
1787 1965 1961 2020 saetam,
1991 1981 2074 2010 non
2104 1977 2239 2011 tamen
2275 1981 2349 2023 per
2375 1967 2539 2009 obitum

1489 2038 1611 2070 vacet
1627 2027 1806 2079 ,etiamsi
1826 2037 1944 2069 tanto
1960 2036 2152 2082 tempore
2168 2027 2380 2070 vacaverit
2395 2055 2409 2078 ,
2422 2023 2536 2083 quod

1490 2085 1579 2144 ejus
1593 2086 1762 2128 collatio
1774 2115 1791 2137 ,
1820 2084 1932 2143 juxta
1949 2087 2232 2129 Lateranensis
2250 2089 2410 2129 Statura
2423 2089 2538 2128 Con·

1491 2146 1575 2188 cilii
1592 2172 1606 2197 ‚
1635 2144 1686 2187 ad
1711 2145 1865 2188 Sedem
1893 2145 2125 2201 praediRam
2150 2145 2335 2202 legitim'e
2362 2144 2538 2188 devolu-

1491 2215 1566 2258 ta,
1593 2204 1756 2261 ipsaque
1786 2203 1999 2255 Ecclesia,
2032 2203 2099 2245 seu
2133 2203 2333 2261 Ca-ppella
2370 2200 2535 2260 disposi-

1491 2264 1594 2307 tioni
1617 2263 1866 2320 Apostolicae
1891 2261 2155 2320 specialiter,
2183 2263 2251 2306 vel
2280 2262 2383 2308 alias
2403 2274 2536 2319 gene·

1488 2323 1634 2367 raliter
1665 2322 1872 2366 reservata
1896 2321 2073 2374 existat,
2097 2324 2139 2363 &
2178 2325 2297 2379 super
2338 2336 2387 2365 ea
2424 2322 2533 2364 inter

1487 2384 1646 2440 aliquos
1671 2383 1746 2435 lis,
1778 2381 1891 2440 cujus
1918 2381 2060 2424 statum
2086 2380 2347 2438 praesentibus
2387 2379 2532 2424 haberi

1482 2443 1670 2487 volumus
1686 2457 1762 2499 pro
1776 2436 1986 2499 expresso,
2003 2440 2180 2497 pendeat
2197 2439 2371 2484 indecisa
2387 2470 2400 2493 ,
2414 2440 2532 2483 dum-

1485 2502 1611 2546 modo
1632 2501 1722 2558 ejus
1747 2499 1955 2559 dispositio
1979 2501 2031 2543 ad
2056 2502 2145 2542 Nos
2169 2502 2244 2543 hac
2279 2500 2371 2541 vice
2401 2500 2530 2555 perti-

1484 2571 1615 2613 neat,
1646 2564 1844 2611 Nomen,
1873 2561 1914 2601 &
1946 2559 2131 2602 ‘situlum
2153 2588 2168 2611 ,
2211 2561 2252 2602 δι
2286 2558 2528 2601 denomina-

1486 2622 1645 2665 tionem
1669 2618 1892 2669 Ecclesiae,
1925 2616 1994 2658 seu
2019 2618 2234 2673 Cappellae
2263 2615 2525 2666 s.5everin1,

1466 2692 1533 2723 ·ac
1557 2677 1778 2722 Essentiam
1800 2675 1991 2719 secularis
2007 2674 2198 2718 Ecclesiae
2214 2704 2228 2726 ,
2261 2675 2331 2717 seu
2346 2674 2526 2729 Cappel-

1466 2739 1563 2788 ·1ae‚
1596 2734 1784 2791 illiusque
1812 2733 2028 2782 Rec'toris,
2061 2735 2304 2778 auctoritate
2346 2734 2491 2775 Nostra
2509 2760 2526 2782 ,

1483 2795 1688 2853 perpetuo
1715 2793 1963 2848 supprimas,
1991 2795 2030 2835 δι
2063 2792 2307 2848 extinguas,
2337 2805 2383 2833 ac
2411 2792 2524 2834 illam

1483 2866 1575 2898 cum
1614 2852 1827 2902 omnibus,
1859 2852 1897 2892 &
1939 2850 2098 2908 singulis
2138 2851 2423 2902 Paramentis,
2453 2864 2525 2893 or·

1483 2912 1717 2962 namentis,
1747 2909 1991 2962 Cal'icibus,
2034 2911 2239 2954 Crucibus
2271 2938 2286 2962 ,
2330 2909 2524 2952 candela-

1481 2973 1567 3016 bris
1583 2999 1599 3023 ,
1611 2969 1814 3025 campanis
1828 2997 1845 3020 ,
1864 2968 2004 3018 libris,
2036 2969 2192 3012 vasibus
2206 2998 2222 3020 ,
2253 2967 2522 3024 universaque

1484 3031 1563 3075 alia
1593 3027 1831 3086 supellectili
1858 3035 1944 3068 tam
1982 3027 2120 3079 ficta,
2154 3029 2274 3084 quam
2312 3022 2521 3082 prophani

1484 3104 1537 3134 ex
1559 3103 1687 3139 auro,
1708 3089 1747 3129 &
1774 3095 1978 3141 argento,
2009 3087 2051 3128 &
2084 3086 2178 3130 aliis
2208 3087 2328 3128 rebus
2356 3085 2521 3140 quibus-‘-

1484 3161 1663 3205 cumque
1686 3146 1728 3189 in
1752 3145 1857 3188 dieta
1880 3144 2093 3197 Ecclesia,
2131 3143 2198 3187 seu
2237 3145 2437 3198 cappella
2469 3142 2522 3187 ad

1485 3206 1652 3266 praesens
1667 3203 1932 3248 existentibus
1950 3232 1963 3255 ,
1993 3206 2034 3246 δι
2055 3204 2105 3247 ad
2131 3203 2248 3246 illius.
2268 3201 2379 3244 usum
2405 3216 2521 3246 com·

1483 3267 1660 3325 paratis,
1690 3277 1742 3307 ex
1779 3276 1917 3314 nunc,
1946 3273 2099 3318 prout,
2125 3262 2331 3319 postquam
2355 3261 2397 3303 in
2433 3264 2520 3304 Do-

1483 3340 1592 3369 mum
1618 3321 1878 3380 Regularem
1894 3351 1910 3373 ,
1942 3319 2012 3366 seu
2027 3325 2292 3366 conventum
2321 3318 2522 3363 difflor-

1479 3384 1587 3429 dinis
1614 3384 1801 3427 extructa
1819 3382 1975 3434 suerit3
2005 3383 2063 3424 Et
2081 3375 2255 3435 praefatis
2280 3379 2520 3432 Fratribus,

1481 3444 1566 3498 ita,
1590 3440 1699 3500 quod
1724 3441 1848 3485 liceat
1879 3441 1938 3483 eis
1983 3436 2259 3495 possessionem
2295 3438 2519 3492 Ecclesia,

1479 3504 1546 3547 seu
1571 3500 1812 3558 Cappellae,
1846 3514 1893 3542 ac
1924 3500 2289 3546 Paramentorum‚
2318 3499 2361 3540 ἃ
2394 3513 2517 3542 orna-

1477 3574 1707 3606 mentorum
1734 3587 1750 3612 ,
1784 3555 1974 3602 Calict‘tm
1997 3586 2012 3609 ,
2055 3557 2284 3611 Crucium,
2319 3557 2516 3600 candela-

1476 3620 1668 3667 brorum,
1699 3629 2018 3674 campanarum,
2050 3614 2280 3670 librorum,
2302 3610 2516 3668 vasorum,

369 3686 487 3730 dieta
520 3685 713 3732 Ecclesia:
734 3715 749 3739 ,
793 3686 862 3730 seu
892 3683 1104 3741 Cappellae
1142 3681 1412 3738 quadraginta
1467 3680 1517 3722 ¹&
1541 3676 1830 3734 supellectilis,
1861 3677 1901 3717 δε
1930 3674 2104 3718 aliarum
2135 3688 2275 3719 rerum
2309 3674 2515 3731 hujusmo-

371 3746 623 3790 ducatorum
643 3747 730 3792 auri
752 3745 808 3790 de
828 3749 1004 3789 Camers
1020 3771 1035 3794 ,
1063 3741 1281 3786 secundum
1296 3755 1412 3784 com·
1469 3736 1515 3780 di
1542 3752 1618 3794 per
1642 3735 1683 3779 se
1698 3765 1713 3787 ,
1744 3735 1810 3779 vel
1841 3748 1921 3799 per⁸
1942 3733 2070 3778 alium
2086 3762 2101 3786 ,
2130 3733 2201 3779 seu
2215 3735 2316 3779 alios
2342 3747 2510 3786 eorum,

372 3817 537 3850 munem
561 3803 867 3851 aestimationem
881 3833 896 3858 ,
926 3802 1109 3848 valorem
1135 3814 1310 3846 annuum
1324 3814 1408 3845 non
1466 3798 1508 3840 δι
1531 3801 1709 3848 nunus,
1724 3793 1942 3852 Regulam
1958 3791 2186 3854 hujusmodi
2211 3796 2374 3839 nomine
2391 3794 2511 3837 Dine-

508 3864 547 3908 T
541 3875 616 3905 om.
649 3867 704 3909 lt.

2386 3865 2457 3895 ce·

1877 3854 1980 3916 Qa
