2762 4030
430 255 537 336 ΞΖ

1152 221 1722 316 Provincia

361 345 579 385 Mandantes
597 352 784 395 propteroa
807 330 963 380 ambibas
975 366 985 380 ‚
1012 337 1203 387 &singulis
1218 341 1421 389 ‘Deputatis
1433 341 1528 378 dicta
1539 354 1635 392 aquae
1645 370 1659 390 ‚

1688 346 1732 388 ὠ·
1742 344 1824 384 aliis
1833 369 1844 387 0
1870 346 1918 386 ad
1929 350 2149 401 quosspettat
2162 353 2237 397 &a
2249 369 2426 406 quatenus
2430 363 2511 412 sla·

362 395 428 432 tim
440 392 519 441 visis
527 395 754 444 prasentibus
763 393 838 436 &m
850 390 954 430 dietas
966 386 1051 428 RR·
1065 386 1151 426 “PP-
1166 390 1386 439 Capucinosi
1410 391 1453 433 (θ’
1468 391 1687 434 Conventum
1699 396 1739 431 in
1749 394 1979 448 poffessionem
1991 401 2161 439 amarum
2174 407 2364 445 unciarum
2368 411 2408 457 se
2431 421 2499 448 sem

357 455 436 480 cum
450 442 599 481 dimidia
608 443 654 483 ad
665 443 858 493 mensuram
870 451 964 476 nunc

419 493 427 500 ι
500 492 509 500 -
966 445 1105 524 §catam
1118 439 1269 476 Forzata
1279 438 1375 475 diffie
1389 441 1503 488 Aqua
1512 438 1634 484 ,Pelicis
1646 443 1793 483 debeant
1806 447 1902 483 immi
1915 447 1964 505 ffe
1977 474 1990 494 ,
2011 453 2133 489 amotis
2156 452 2254 491 diflis
2268 455 2350 493 aliis
2353 457 2389 506 fi
2411 458 2478 496 ulis
2506 458 2509 474 ³

356 492 404 533 (ξ’
414 488 569 542 smmsffiss
580 488 831 545 manutenuiffe
844 513 858 534 ,
869 488 968 537 defen
993 484 1050 538 tffo
1062 513 1071 527 ‚
1100 499 1140 523 ac
1153 485 1363 538 conservaffe
1379 513 1392 533 ‚
1420 501 1460 524 ac
1474 501 1699 529 manuteneri.
1718 494 1791 536 dyc.
1800 448 1926 548 feciffc
2491 489 2505 504 ⁵

1901 509 1919 533 e
1933 523 1943 539 ,
1969 511 2031 536 nec
2056 500 2200 551 desuper
2213 506 2236 539 ἅ
2248 508 2374 552 quovis
2386 530 2399 551 ,
2425 510 2496 556 qud

356 541 417 577 ¹ais
429 541 531 591 causa
542 542 614 583 ὼν.
626 540 792 592 molestari
798 535 975 589 permisiffis
987 562 998 573 .
1027 533 1193 574 Volumus
1217 547 1333 575 autem
1347 536 1452 574 dictos
1466 537 1553 576 RR.
1566 539 1642 579 PP.
1663 542 1878 591 Capuccinos
1900 551 2015 585 teneri
2027 573 2038 589 .
2066 551 2110 592 &⁰
2122 549 2291 599 obligatos
2313 553 2374 606 effe
2387 556 2507 605 obser--¹

356 601 446 626 vare
459 613 473 634 ,
498 591 542 633 ὁ·
552 591 739 640 adimplere
750 600 861 627 omncs
885 585 1085 636 &singulas
1099 586 1454 636 ordinationessuper
1468 600 1559 637 aqua
1584 588 1782 640 hujusmodi
1795 593 1907 632 editas
1919 620 1933 640 ,

1961 608 2001 633 ac
2023 599 2063 634 in
2071 599 2237 648 futurum
2254 602 2403 641 edendas
2421 631 2431 643 .
2457 607 2501 643 In

355 650 505 689 quorum
516 641 667 678 omnium
679 635 1044 698 &siugularumfidom
1055 661 1066 678 ,
1092 634 1153 693 has
1159 636 1344 685 praesentes
1344 636 1600 688 subscripsimus
1613 663 1626 682 ,
1655 641 1767 689 &per
1779 643 2045 693 infrascriptum
2057 648 2204 698 nostrum
2231 650 2428 691 Notarium
2458 656 2503 697 ὼ·

356 689 773 743 ,secretariumsubscrtbi
787 714 795 729 ‚
808 683 997 733 sigillique
1012 682 1114 735 nostri
1129 709 1140 726 ‚
1149 697 1215 744 quo
1226 687 1266 721 in
1279 684 1411 723 talibus
1424 687 1558 727 utimur
1572 687 1752 738 ,juffimus,
1765 691 1809 736 da·

1835 694 1962 734 ecimus
1985 698 2178 747 appensione
2189 702 2324 738 muniri
2339 729 2348 738 .
2369 703 2501 741 Datum

357 735 475 777 Roma
490 750 532 798 ex
543 738 651 797 nostro
677 737 818 778 Palatio
845 736 910 793 βάς
922 736 979 772 dio
993 746 1048 784 30.
1064 731 1285 793 ‘quiin-1626.
1297 734 1528 794 Poatifitatfis
1540 746 1655 781 autem
1664 738 1785 778 Sanfii
1808 741 1868 777 smi
1890 743 1930 778 in
1947 743 2080 798 Christo
2096 746 2230 787 ‘Patris
2244 749 2287 793 ὠ·
2308 750 2358 789 D.
2375 749 2434 790 N.
2447 752 2503 795 D·

357 786 497 827 vrbam
509 813 525 835 ,
545 788 674 827 dimna
685 785 922 828 Provicletma
936 784 1040 833 Papa
1050 783 1177 822 Otraw
1188 810 1200 828 ,
1227 795 1320 821 anno
1331 795 1406 833 ejus
1416 794 1522 823 terno
1537 811 1551 829 .
2280 794 2287 799 ’

532 889 619 931 Pro
632 886 897 942 Illustriffimo
913 887 965 933 D.
979 898 1075 932 meo
1090 882 1333 932 camerario
1341 886 1409 941 J0:
1426 886 1601 943 Baptista
1619 887 1855 934 Cardinalis
1872 893 2004 936 Detus
2018 923 2030 936 .

603 999 647 1044 L,
695 999 738 1039 S·

509 1198 662 1251 Exempl.
673 1198 772 1237 auth.
785 1198 824 1235 in
837 1197 952 1236 Arch.
967 1196 1188 1237 Provincia.-

366 1422 530 1473 Altare
552 1423 603 1471 S.
622 1423 959 1470 Bonaventurae
991 1419 1037 1466 in
1054 1416 1253 1469 Ecclesia
1269 1424 1397 1471 Con-

427 1488 593 1632 ἷνεεὲπίἓῖε
638 1489 813 1541 Albani
859 1492 906 1540 in
935 1503 1211 1560 perpetuum
1255 1492 1395 1561 privi-

403 1705 833 1762 URBANUS
880 1707 1101 1757 PAPA
1147 1709 1345 1760 VIII.

541 1837 854 1894 Adperpetuam
868 1836 929 1879 roi
943 1839 1173 1880 memoriam
1190 1866 1200 1877 .

494 1956 653 1999 Maium
676 1955 793 2000 saluti
821 1964 990 2013 paterna
1018 1956 1219 1999 charitate
1235 1956 1385 2000 intenti

510 2018 633 2059 Sacra
661 2015 868 2060 interdum
885 2017 980 2059 loca
1010 2015 1295 2071 spiritualibus
1323 2019 1392 2058 In·

349 2072 656 2128 dulgentiarum
679 2076 911 2118 muneribus
927 2076 1197 2126 decoramus,
1230 2086 1277 2117 ut
1293 2074 1391 2116 inde

349 2131 558 2175 fidelium
572 2133 868 2177 Defunctorum
883 2135 1042 2184 animae,
1061 2134 1228 2175 Domini
1249 2133 1388 2177 Nostri

345 2191 436 2248 Jesu
454 2191 632 2242 Christi,
658 2193 827 2251 ejusque
844 2194 1086 2236 sanctorum
1103 2191 1284 2248 suffragia
1301 2207 1389 2235 me-

351 2250 535 2292 ritorum
565 2250 781 2307 consequi,
811 2254 851 2293 &
879 2252 957 2295 illis
984 2250 1131 2309 adjutae
1160 2281 1173 2304 ,
1199 2266 1251 2295 ex
1281 2255 1384 2295 Pur-

347 2310 496 2365 gatorii
514 2312 644 2364 poenis
660 2311 712 2353 ad
729 2324 924 2355 aeternam
939 2309 1110 2354 salutem
1127 2325 1199 2367 per
1218 2313 1298 2354 Dei
1314 2313 1385 2353 mi—

347 2368 609 2412 sericordiam
623 2370 795 2425 perduci
811 2370 979 2413 valeant
998 2398 1007 2410 .
1044 2372 1247 2412 Veientes
1264 2370 1389 2424 igitur

349 2426 578 2470 Ecclefiam
595 2430 755 2471 Domus
781 2429 950 2471 Ordinis
969 2432 1159 2471 Fratrum
1178 2430 1388 2472 Minorum

351 2486 485 2530 Sancti
502 2488 702 2530 Francisci
719 2487 1031 2542 Capucinorum
1057 2496 1388 2541 nuncupatorum

351 2544 558 2588 Albanen.
574 2545 692 2588 fimili
719 2547 770 2590 ad
786 2545 954 2601 praesens
979 2545 1234 2598 Privilegio,
1263 2555 1389 2586 ut-ac-

350 2605 560 2660 cepimus,
586 2606 752 2648 minimi:
777 2605 1016 2649 decoratam
1035 2632 1049 2655 ,
1077 2606 1117 2646 δι
1145 2604 1185 2644 in
1210 2616 1257 2645 ea
1274 2605 1390 2645 fitum

349 2664 497 2708 Altare
522 2665 656 2709 Sancti
673 2667 970 2709 Bonaventurae
997 2665 1074 2706 hoc
1091 2661 1258 2718 speciali
1273 2663 1385 2705 dono

346 2723 550 2769 illustrare
565 2751 580 2776 ,
607 2725 855 2770 auctoritate
872 2723 1001 2768 Nobis
1015 2725 1039 2767 a
1054 2721 1234 2764 Domino
1251 2721 1383 2764 tradi-

1141 2853 1381 2921 NO-

1728 1046 1891 1098 Joannes
1902 1049 1967 1089 Be·
1979 1048 2134 1091 Nucuta
2151 1051 2246 1093 Nat.
2257 1058 2396 1101 Secret.

1968 1149 2180 1199 sperantius
2193 1184 2202 1193 .

1458 1427 1522 1474 ta,
1548 1435 1595 1466 ac
1607 1421 1659 1466 de
1671 1423 1982 1480 Omnipotentis
2002 1426 2081 1468 Dei
2107 1426 2386 1472 misericordia
2403 1459 2417 1482 ,
2443 1445 2492 1473 ac

1457 1482 1676 1526 Beatorum
1705 1482 1848 1533 Petri,
1875 1484 1913 1525 &
1950 1485 2062 1527 Pauli
2087 1486 2376 1542 Apostolorum
2402 1489 2491 1546 ejus

1455 1543 1703 1584 auc'toritate
1717 1541 2278 1601 confisi,ut,quandocumque
2294 1548 2492 1591 Sacerdos

1454 1599 1604 1655 aliquis
1630 1601 1810 1658 ejusdem
1840 1601 2029 1644 Ecclefiae
2063 1602 2306 1658 dumtaxat,
2338 1605 2492 1649 Missam

1458 1657 1762 1702 Defunctorum
1779 1672 1853 1716 pro
1868 1658 2002 1703 anima
2019 1660 2307 1720 cujuscumque
2323 1665 2493 1718 Fidelis,

1453 1732 1538 1775 quae
1569 1721 1660 1761 Deo
1689 1720 1732 1762 in
1758 1719 1963 1762 charitate
1989 1719 2202 1776 conjuncta
2229 1724 2279 1765 ab
2307 1724 2382 1766 hac
2399 1725 2493 1768 luce

1457 1777 1701 1834 migraverit
1714 1807 1728 1829 ,
1754 1778 1804 1821 ad
1823 1778 2057 1834 praedictum
2071 1780 2220 1823 Altare
2234 1781 2462 1827 celebrabit
2478 1811 2494 1835 ,

1457 1837 1589 1879 anima
1610 1836 1692 1890 ipsa
1716 1836 1770 1879 de
1789 1837 2001 1882 Thesauro
2026 1836 2216 1882 Ecclefiae
2230 1853 2304 1895 per
2324 1842 2492 1886 modum

1456 1895 1631 1950 suffragii
1659 1895 1961 1951 Indulgentiam
1992 1897 2265 1954 consequatur
2290 1926 2305 1950 ,
2332 1901 2416 1952 ita,
2443 1912 2491 1945 ut

1457 1954 1638 2012 ejusdem
1657 1955 1824 1999 Domini
1841 1955 1960 1998 nostri
1972 1957 2067 2014 Jesii
2082 1956 2233 2000 Christi
2247 1987 2261 2009 ,
2275 1972 2321 2001 ac
2335 1961 2489 2004 Beatis-

1455 2014 1558 2056 fimae
1579 2015 1759 2071 Virginis
1773 2044 1786 2067 ,
1809 2016 1945 2059 Maria:
1962 2018 2283 2074 Sanstorumque
2308 2020 2491 2063 omnium

1453 2074 1611 2116 meritis
1642 2075 1713 2117 fibi
1728 2072 2040 2131 suffragantibus
2066 2077 2338 2132 aPurgatorii
2354 2079 2489 2133 poenis

1451 2133 1684 2187 liberetur,
1726 2133 1990 2177 concedimus
2008 2164 2022 2188 ,
2049 2136 2089 2175 δε
2121 2135 2403 2191 indulgemus.
2444 2141 2493 2180 In

1450 2195 1709 2236 contrarium
1739 2192 1982 2236 facientibus
2015 2208 2095 2236 non
2123 2194 2372 2239 obstantibus
2399 2197 2493 2253 qui-

1430 2248 1979 2310 ·buscumque;praesentibus
1995 2252 2204 2309 perpetuis
2219 2255 2366 2297 futuris
2385 2266 2491 2299 tem-

1446 2312 1611 2366 poribus
1637 2312 1825 2355 valituris
1855 2343 1866 2352 .
1911 2315 2061 2355 Datum
2087 2314 2227 2356 Romae
2255 2315 2359 2369 apud
2389 2318 2490 2358 San·

1451 2373 1557 2412 ftam
1572 2372 1745 2412 Mariam
1762 2370 1963 2427 Majorem
1980 2371 2047 2413 sub
2063 2373 2227 2414 Annulo
2243 2373 2457 2416 Piscatoris
2473 2403 2487 2425 ,

1450 2429 1520 2471 die
1546 2443 1644 2472 xxii.
1667 2429 1776 2485 Junii
1802 2444 2020 2475 MDcxxvl.
2048 2430 2320 2475 Pontificatus
2347 2432 2486 2477 Nostri

1451 2489 1574 2531 Anno
1592 2489 1741 2529 Tertio
1757 2519 1770 2528 .

2130 2608 2167 2649 V.
2188 2605 2367 2652 Theatin.

1502 2725 1626 2767 Breve
1630 2723 1804 2784 format·
1819 2727 1861 2768 in
1877 2723 2000 2768 Arcb.
2018 2726 2236 2768 Conventus
2251 2753 2261 2765 .

1460 2854 1708 2921 TA.

355 2995 449 3034 Cum
463 2997 585 3047 vigore
599 2998 704 3048 hujus
725 3001 846 3038 Brevis
863 2998 1058 3048 Apostolici
1070 3023 1083 3043 ,
1105 3000 1240 3037 Fratres
1251 2999 1286 3035 in
1298 2998 1492 3035 Conventu
1506 3007 1682 3035 morantes
1695 2998 1882 3046 privilegio
1893 2997 2049 3037 concesso
2065 2998 2238 3037 duntaxat
2249 2998 2361 3045 gaude
2369 3009 2448 3037 rent
2466 3023 2482 3046 ,

641 3050 709 3088 suit
721 3049 754 3086 id
766 3050 886 3098 postea
897 3051 933 3087 St
946 3050 991 3088 ad
1006 3050 1141 3086 Fratres
1157 3049 1205 3085 ibi
1221 3047 1431 3086 transeuntes
1444 3048 1630 3086 extensum
1642 3073 1654 3093 ,
1671 3048 1774 3086 Brevi
1789 3047 1999 3096 Apostolieo
2013 3048 2186 3096 sequenti.

664 3150 1426 3205 URBANUS

1535 3150 2167 3201 PP-VIII.

1108 3279 1178 3322 Ad
1176 3278 1374 3338 saturam
1387 3280 1447 3323 rei
1459 3283 1687 3325 memoriam
1701 3310 1713 3322 .

348 3387 524 3476 ALia‘s
535 3389 687 3430 volentes
710 3390 791 3430 Nos
806 3389 981 3442 Ecclesiam
993 3388 1122 3429 Domus
1136 3388 1301 3426 Fratrum
1314 3388 1466 3427 Ordinis
1481 3390 1666 3428 Minorum
1689 3388 1810 3426 SanFii
1825 3387 2004 3438 Francisci
2021 3388 2276 3437 Capaciaorum
2291 3391 2481 3433 nuncupa-⁵

463 3447 578 3477 torum
588 3441 767 3478 Albanen.
781 3441 825 3484 ὼ·
837 3442 876 3478 in
891 3452 931 3477 oa
944 3439 1075 3479 Altare
1087 3438 1209 3478 Sancta·
1222 3437 1488 3478 ‘Bonaventurae
1492 3438 1639 3488 speciali
1661 3439 1746 3476 dono
1762 3436 1934 3488 illustrare
1955 3463 1966 3483 ‚
1987 3438 2189 3476 auctoritate
2217 3431 2331 3473 Nobis
2362 3436 2384 3470 ὃ
2406 3435 2481 3470 Do·

346 3486 436 3522 mino
446 3488 584 3526 tradita
594 3498 658 3539 per
682 3490 759 3528 etub
771 3490 979 3541 conceffimus
990 3515 1000 3532 ‚
1027 3489 1069 3531 (β’
1083 3486 1281 3538 indulsimus
1293 3513 1303 3529 ‚
1317 3499 1358 3526 ut
1368 3514 1380 3534 ‚
1395 3489 1676 3538 quandocumque
1688 3488 1856 3526 Sacerdos
1869 3487 1997 3536 aliquis
2008 3487 2154 3536 ejusdem
2178 3482 2322 3533 Ecclefice
2334 3483 2476 3527 dumea,

348 3543 409 3570 teat
420 3561 430 3576 ‚
454 3536 621 3589 wiffam
635 3499 895 3589 'ssefunfiiorum
902 3547 966 3588 pro
985 3539 1102 3576 anima
1114 3536 1477 3586 qu‘uscumquefidelis
1487 3563 1495 3578 ,
1520 3551 1593 3587 quae
1609 3539 1680 3575 Deo
1693 3538 1732 3573 in
1745 3537 1919 3576 charitate
1933 3535 2110 3584 conjuncta
2122 3534 2164 3569 ab
2177 3531 2241 3568 hac
2250 3531 2325 3568 luce
2338 3534 2473 3580 migra-

346 3585 458 3626 verit,
470 3587 515 3621 ad
525 3588 727 3635 praedifiium
734 3589 879 3627 ‹Altare
890 3588 1082 3625 celebraret
1098 3617 1107 3631 ,
1121 3587 1236 3623 anima
1258 3587 1329 3635 ipsa
1343 3588 1385 3624 de
1397 3587 1556 3637 thesauro
1572 3587 1714 3637 Eccleftae
1760 3599 1798 3624 er
1811 3586 1943 3624 modum
1946 3583 2109 3633 suffragii
2124 3580 2380 3629 Indulgentiam
2393 3592 2471 3639 ερα-

340 3629 557 3678 sequeretur,
571 3639 639 3679 ita,
654 3649 696 3676 ut
708 3638 857 3688 ejusdem
871 3639 1027 3675 ‘Domini
1040 3635 1103 3676 No
1131 3637 1165 3673 ri
1179 3634 1268 3685 ‘Jesu
1282 3636 1412 3687 Christi
1427 3663 1437 3679 ‚
1451 3650 1491 3674 ac
1506 3637 1701 3686 Beatifflmae
1749 3637 1877 3684 irginis
1890 3634 2031 3677 Maria,
2044 3630 2312 3678 Sanfforumque
2326 3642 2474 3667 omnium

348 3680 550 3728 'n‘75535stb1'
557 3685 834 3735 suffragantibus
848 3690 871 3724 ἂ
884 3687 1092 3736 Purgatorii
1099 3687 1209 3735 poenis
1220 3684 1434 3724 liberaretur
1446 3696 1574 3772 ,frout
1587 3688 1627 3722 in
1640 3685 1762 3736 nostris
1776 3681 2039 3734 infimilifhrma
2055 3679 2188 3717 ‘Brevis
2202 3679 2343 3764 d‘fi‘ffer
2373 3688 2474 3727 expe·

348 3727 437 3763 ditis
448 3727 577 3767 litteris
583 3733 718 3779 plenius
729 3739 929 3775 continetur
945 3762 955 3773 .
981 3734 1095 3774 Nunc
1108 3744 1222 3772 autem
1234 3735 1373 3772 eandem
1389 3736 1456 3774 Ecc

1471 3737 1564 3786 estam
1580 3735 1737 3785 ampliori
1748 3734 1833 3771 douo
1846 3730 2018 3782 illustrare
2031 3731 2219 3778 cupientes,
2230 3740 2270 3764 ea
2295 3740 2344 3764 em
2357 3727 2471 3764 aufiio-

348 3779 457 3813 thate
474 3778 581 3827 C‘mfifi
591 3807 600 3822 s
616 3782 792 3823 Indultum
806 3786 997 3836 hujusmodi
1018 3785 1124 3822 eidem
1137 3783 1275 3834 Ecclefig
1287 3793 1349 3832 pro
1363 3786 1612 3824 Sacerdotibus
1625 3784 1770 3835 ejusdem
1783 3780 1925 3831 Ecclessae
1936 3779 2118 3816 dumtaxat
2127 3786 2189 3826 per
2203 3774 2285 3815 Nos
2299 3803 2307 3818 ‚
2332 3787 2373 3814 ut
2383 3786 2474 3835 ργα-

341 3826 467 3883 festas
479 3851 494 3870 ‚
513 3828 692 3915 cwlcequm
704 3857 717 3876 ,
740 3835 785 3870 ad
795 3847 904 3872 omnes
923 3860 936 3880 ‚
955 3835 999 3877 &⁶
999 3832 1150 3883 singulos
1171 3834 1376 3872 Sacerdotes
1400 3835 1547 3884 ejusdem
1569 3833 1720 3871 Ordinis
1734 3856 1746 3876 ‚
1765 3828 2078 3915 illua-ztrafzfituntes
2092 3853 2100 3869 ‚
2114 3837 2231 3864 tenore
2249 3827 2470 3877 praesentium

348 3883 604 3925 ‘mmp-Crpetu
632 3882 844 3921 extendimus
854 3908 867 3930 ,
890 3886 933 3927 ὼ·
946 3883 1146 3934 ampliamus
1161 3884 1226 3926 εἰη
1240 3885 1458 3923 contrarium
1464 3884 1683 3934 facientibus
1697 3892 1766 3918 nou
1779 3879 1924 3931 obstant}
1950 3890 1990 3916 us
2009 3876 2277 3926 quibuscumque
2290 3902 2300 3914 .
2326 3875 2471 3912 ‘Datum

2316 3923 2349 3961 R
2353 3934 2429 3959 omae
