2774 4068
440 164 548 249 80
1128 163 1658 254 Provincia

376 295 430 326 ex
456 280 570 338 aquis
596 279 783 336 disperfis
811 280 1011 338 praefatis,
1035 283 1062 323 fi
1080 309 1093 333 ‚
1125 292 1172 324 ut
1200 282 1415 338 praemitti-
1477 285 1644 342 stringi,
1675 281 1888 324 retractari
1910 309 1924 333 ‚
1957 281 1998 323 in
2036 275 2358 325 controversiam
2388 295 2515 329 revo-

375 351 472 393 tur,
498 350 833 396 congregentur,
850 357 924 397 per
947 344 1130 400 antiquos
1157 342 1414 397 aquaeduc'tus
1477 344 1594 395 cari,
1628 352 1699 385 aut
1729 341 1778 382 ad
1805 342 2003 385 terminos
2021 341 2119 399 juris
2141 342 2313 393 reduci,
2344 337 2413 390 seu
2435 342 2511 383 ad-

375 399 611 457 hujusmodi
650 398 702 442 ad
730 402 920 444 eumdem
946 406 1213 444 Conventum
1253 401 1408 443 ducan-

373 469 473 510 tur,
507 458 588 501 sine
616 457 852 517 cujustguam
882 460 1114 517 praejudicio
1135 488 1150 510 ,
1191 462 1232 502 in
1260 473 1409 516 perpe-

371 528 489 560 tuum
524 518 703 572 gratiose
731 521 886 562 iterum
925 520 1153 573 donamus,
1183 521 1222 561 &
1263 533 1411 576 appro-

371 577 582 632 priamus.
615 579 679 620 Ac
705 577 866 636 insuper
893 580 1102 635 quibusvis
1129 579 1338 636 personiS,
1366 588 1411 621 ut

373 650 499 691 aquas
538 649 771 680 memorato
799 640 1039 682 Conventui
1086 641 1214 696 usque
1258 639 1307 681 ad
1346 636 1415 680 sex

375 697 515 738 uncias
559 695 788 752 hujusmodi
825 698 862 739 in
898 707 1032 741 totum
1075 697 1308 742 concedere
1332 726 1346 749 ,
1377 699 1417 738 &

375 767 680 811 quemcumque
724 753 1023 809 necessarium,
1056 759 1096 799 &
1141 769 1419 814 opportunum

372 813 415 855 in
444 814 645 870 praemifiis
668 816 902 859 consensum
926 817 1139 873 praestare,
1159 816 1289 860 libere
1317 816 1422 872 pari-

374 882 472 926 ter,
503 876 541 916 δι
571 874 718 926 licite,
753 889 798 917 ac
830 876 991 929 valide,
1021 878 1061 918 ὃς
1090 875 1172 918 fine
1200 876 1407 918 cadueita-

376 932 456 982 tis,
486 932 795 986 devolutionis,
821 935 973 978 aliusve
1012 934 1189 993 cujusvis
1215 948 1346 990 poenae
1371 935 1411 977 in

374 991 630 1047 quibuslibet
646 991 982 1044 fideicommiffis,
1007 996 1046 1036 &
1068 994 1155 1037 aliis
1171 995 1320 1045 ,etiam
1342 994 1406 1036 ul-

375 1050 485 1092 timis
512 1050 863 1107 dispositionibus,
892 1055 931 1095 &
959 1054 1404 1105 voluntatibus,etiam

375 1109 612 1161 alienandi,
650 1111 690 1150 δι
720 1110 817 1153 alias
859 1117 1133 1169 quascumque
1175 1111 1412 1168 prohibitio.

375 1181 447 1210 nes
464 1196 478 1218 2
510 1169 640 1211 aliave
670 1169 860 1223 quaelibet
892 1171 1079 1223 vincula,
1102 1173 1142 1213 &
1166 1186 1295 1215 nexus
1314 1185 1412 1214 con·

373 1228 599 1270 tinentibus
638 1227 821 1282 appositae
858 1229 1019 1274 incursu
1059 1230 1202 1286 poffint
1224 1259 1238 1282 ,
1269 1243 1409 1286 quam·

372 1300 551 1341 cumque
578 1283 835 1332 necessariam
853 1317 866 1340 ,
898 1291 936 1330 &
971 1299 1243 1346 opportunam
1272 1289 1405 1332 facul-

372 1354 533 1396 tatem,
559 1347 599 1386 &
629 1344 867 1397 licentiam,
895 1358 1012 1391 motu
1029 1378 1043 1400 ,
1070 1347 1267 1399 scientia,
1299 1347 1406 1392 deli-

369 1404 610 1455 beratione,
643 1403 853 1459 potestatis
878 1407 1139 1460 plenitudine
1156 1437 1168 1459 ,
1199 1409 1240 1448 &
1263 1418 1410 1450 tenore

367 1461 544 1516 praefatis
561 1463 699 1506 denuo
714 1465 956 1508 tribuimus.
990 1467 1221 1518 Ceterum,
1251 1478 1293 1509 ut
1310 1481 1410 1522 prae-

361 1519 476 1563 missa
502 1522 736 1565 executioni
763 1525 1070 1579 quantocitius,
1097 1527 1138 1568 ὃς
1176 1525 1408 1582 expeditius

364 1580 702 1633 demandentur,
733 1582 941 1627 Dilectum
985 1585 1134 1628 Filium
1176 1585 1405 1628 Nobilem„-

368 1638 520 1681 Virum
531 1639 736 1697 Julianum
752 1644 1015 1696 Caesarinum,
1030 1645 1222 1688 Civitatis
1237 1657 1347 1687 novae
1364 1643 1404 1685 in

367 1699 586 1741 Provincia
601 1699 734 1742 nostra
753 1703 947 1745 Marchiae
957 1703 1208 1747 confistentis
1227 1706 1403 1756 Ducem,

365 1757 435 1813 qui
463 1757 590 1800 etiam
614 1756 847 1815 supradictae
880 1763 1014 1805 Terrae
1051 1764 1276 1819 Cynthiani
1313 1767 1403 1805 Do-

366 1815 499 1857 minus
529 1817 568 1858 in
595 1819 892 1874 temporalibus
926 1822 1087 1874 existit,
1120 1825 1160 1864 &
1197 1821 1250 1867 de
1290 1822 1402 1879 cujus

367 1875 593 1930 prudentia
611 1891 775 1928 ,rerum
790 1878 1039 1934 agendarum
1066 1880 1211 1937 peritia
1229 1911 1243 1934 ,
1260 1881 1399 1925 dexte.

368 1933 524 1985 ritate,
542 1934 700 1989 pietate
715 1966 729 1987 ,
747 1951 792 1979 ac
808 1939 982 1992 spectata
999 1954 1095 1996 erga
1111 1941 1263 1984 dietum
1286 1944 1401 1983 Con-

364 2002 542 2034 ventum
555 2019 568 2040 ,
582 1994 752 2052 ejusque
779 1998 943 2039 Fratres
959 2001 1162 2042 charitate
1178 1999 1398 2055 plurimum

362 2050 405 2091 in
441 2052 620 2094 Domino
662 2052 904 2097 confidimus
933 2084 948 2106 ,
987 2058 1251 2109 donationis,
1282 2072 1401 2114 quam

361 2105 534 2164 praefato
563 2112 828 2164 Conventui,
860 2113 959 2156 ficut
979 2117 1270 2169 praemittitur,
1300 2116 1400 2160 feci-

362 2181 478 2218 mus,
512 2170 792 2213 Executorem
809 2199 823 2222 ,
855 2172 935 2223 ita,
952 2186 994 2215 ut
1010 2175 1093 2230 ipse
1109 2175 1288 2235 Julianus
1304 2178 1397 2219 Dux

359 2225 551 2281 praemiss'a
575 2229 739 2281 omnia,
766 2231 806 2272 &
843 2232 1027 2287 singula,
1059 2249 1235 2290 quorum
1265 2234 1396 2280 facul-

360 2296 494 2327 tatem
511 2314 526 2337 ,
543 2285 752 2330 licentiam
773 2317 786 2340 ,
817 2290 857 2331 δι
883 2293 1130 2345 potestatem
1154 2294 1396 2336 Guardiano

357 2344 552 2400 praedic‘to
578 2346 867 2398 conceffimus,
901 2350 949 2391 ad
990 2351 1169 2409 ejusdem
1199 2355 1394 2394 Conven-

361 2400 424 2444 tsts
461 2401 648 2444 favorem
679 2405 765 2458 pari
797 2407 919 2447 modo
945 2408 1115 2463 facere,
1157 2426 1327 2463 curare,
1357 2413 1397 2452 δε

359 2462 510 2517 exequi
537 2461 686 2512 libere,
714 2465 756 2503 &
787 2464 902 2506 licite
927 2467 1095 2520 valeat,
1127 2470 1167 2509 ἃ.
1185 2484 1278 2511 cum
1306 2469 1397 2510 aliis

357 2517 625 2562 facultatibus
649 2519 698 2562 ad
717 2521 860 2564 eadem
877 2526 1067 2577 praemissa
1083 2527 1396 2582 quomodolibet

360 2578 618 2630 necessari-is,
649 2581 688 2623 &
709 2582 981 2636 opportum‘S,
1014 2596 1127 2627 motu
1153 2614 1167 2636 ,
1198 2586 1396 2635 scientia,

353 2635 680 2686 deliberatione,
711 2640 921 2694 potestatis
948 2642 1232 2696 plenitudine,
1263 2646 1303 2685 &
1332 2655 1396 2686 te-

355 2710 458 2738 nore
495 2696 660 2751 paribus
702 2698 1016 2751 constituimus,
1049 2704 1089 2744 &
1127 2703 1393 2758 deputamus.

351 2756 641 2798 Decernentes
667 2754 830 2799 easdem
847 2758 1066 2813 praesentes
1091 2761 1238 2804 literas
1255 2789 1270 2811 ‚
1300 2763 1394 2803 &in

353 2812 412 2855 eis
438 2822 634 2858 contenta
657 2828 917 2874 quaecumque
933 2846 948 2869 2
979 2820 1103 2863 etiam
1115 2835 1166 2862 ex
1188 2834 1269 2872 eo,
1286 2818 1396 2876 quod

353 2870 538 2927 quilibet
553 2901 566 2923 ‚
596 2873 723 2917 etiam
740 2890 997 2933 quacumque
1013 2907 1026 2930 ,
1042 2879 1304 2936 quantumvis
1334 2878 1397 2921 su-

352 2930 476 2972 blimi
504 2931 711 2987 dignitate
741 2931 975 2988 fulgentes,
1009 2940 1075 2981 seu
1094 2938 1189 2981 alias
1207 2938 1398 2994 speciali,

354 2990 397 3031 δε
428 2989 638 3033 individua
665 2994 875 3036 mentione
892 2995 1027 3050 digni,
1061 2998 1099 3040 in
1125 2997 1399 3054 praemiffisin-

358 3046 511 3092 tereffe
545 3050 769 3102 habentes,
795 3051 860 3095 seu
892 3055 1048 3098 habere
1084 3057 1398 3112 quomodolibet

348 3106 785 3164 praetendentes,illis
809 3125 890 3154 non
918 3114 1064 3157 consen
1076 3114 1198 3158 serint
1216 3143 1228 3166 ,
1260 3127 1330 3157 aut
1345 3115 1395 3158 ad

343 3179 397 3210 'ea
412 3168 578 3217 vocati,
611 3170 652 3209 ὃ(
672 3169 798 3213 auditi
816 3201 831 3222 ,
865 3170 931 3214 seu
949 3174 1071 3216 causae
1085 3205 1100 3226 ,
1115 3184 1285 3230 propter
1299 3189 1395 3231 quas

347 3225 565 3281 praesentes
593 3229 849 3280 emanarunt,
866 3231 1047 3275 adductae
1062 3264 1075 3284 ,
1094 3231 1308 3277 verificatae
1320 3263 1335 3284 ,
1351 3236 1391 3276 &

350 3283 570 3341 justificatae
600 3299 679 3329 non
708 3286 885 3338 fuerint,
919 3288 986 3334 seu
1015 3306 1063 3335 ex
1097 3293 1173 3338 alia
1196 3306 1391 3349 quacum·

348 3359 459 3411 que,
487 3347 746 3400 quantumvis
779 3351 842 3402 pia
861 3378 874 3400 ,
905 3350 1116 3407 legitima,
1150 3353 1188 3394 &
1219 3351 1390 3407 privile-

1473 402 1607 448 versus
1633 400 1723 444 illas
1753 401 2043 457 quodcumque
2081 402 2212 459 Juris,
2256 400 2349 443 sacti
2379 429 2394 453 ,
2440 401 2509 443 vel

1472 464 1608 519 gratiae
1634 459 1861 503 remedium
1882 461 2119 516 impetrari,
2151 471 2221 502 aut
2237 461 2366 503 etiam
2392 462 2507 502 m'otu

1472 522 1586 564 simili
1613 516 1796 562 concesso
1813 520 2041 576 quempiam
2058 520 2098 563 in
2125 518 2308 578 judicio,
2341 517 2409 562 vel
2435 530 2507 560 ex-

1473 593 1535 623 tra
1563 579 1665 623 illud
1689 580 1777 626 uti,
1808 579 1872 621 seu
1898 576 1936 619 se
1963 578 2105 635 juvare
2139 576 2277 635 poffe3
2311 579 2378 622 sed
2408 577 2508 632 ipsas

1477 639 1687 697 praesentes
1717 636 1872 693 semper
1890 635 2053 686 firmas,
2087 638 2268 690 validas,
2300 639 2340 679 &
2368 636 2509 681 effica-

1477 714 1544 743 ces
1570 698 1744 741 existere
1763 726 1777 748 ,
1808 697 1848 737 δι
1875 695 1993 747 sore,
2024 696 2189 753 suosque
2206 696 2438 751 plenarios,
2468 698 2509 739 c&

1480 760 1658 815 integros
1683 754 1852 798 effectus
1876 754 2040 804 sortiri,
2072 758 2112 797 &
2137 755 2357 809 obtinere,
2388 770 2433 797 ac
2459 755 2509 797 il-

1481 818 1558 869 lis,
1589 816 1637 859 ad
1653 828 1750 871 quos
1768 814 1945 871 spectat,
1977 816 2014 855 δε
2042 828 2116 870 pro
2141 824 2328 871 tempore
2347 815 2507 871 specta-

1473 878 1547 925 bit,
1565 871 2034 931 pleniffimesuffragari3
2064 874 2239 928 Sicque,
2269 877 2308 916 δε
2327 888 2406 916 non
2432 873 2509 914 ali-

1473 947 1536 978 ter
1558 936 1597 977 in
1625 932 1823 990 praemiffis
1854 946 1926 988 per
1951 930 2399 988 quoscumqueJudices
2427 934 2508 973 Or-

1466 994 1673 1045 dinarios,
1710 995 1746 1034 &
1781 992 2010 1048 Delegatos
2034 1020 2049 1043 ,
2078 992 2202 1035 etiam
2226 994 2304 1034 διε.
2335 990 2508 1036 Audito—

1473 1069 1536 1098 res
1552 1083 1565 1104 ,
1597 1068 1642 1094 ac
1670 1057 1709 1095 S.
1728 1055 1780 1095 R.
1799 1053 1845 1093 E.
1875 1050 2117 1095 Cardinales
2135 1078 2149 1100 ,
2181 1051 2305 1092 etiam
2329 1050 2383 1093 de
2411 1050 2510 1093 late.

1474 1129 1518 1158 re
1548 1117 1725 1168 Legatos
1739 1140 1752 1163 ,
1767 1110 1946 1166 aliosque
1971 1109 2197 1166 quoslibet,
2210 1109 2352 1165 quavis
2367 1119 2508 1152 aucto-

1477 1174 1630 1223 ritate,
1657 1173 1694 1212 &
1720 1168 1922 1226 potestate
1937 1167 2181 1225 fungentes,
2211 1166 2506 1218 &functuros,

1471 1233 1626 1277 sublata
1651 1231 1708 1271 eis
1738 1231 1815 1270 &c-
1846 1228 2050 1285 judicari,
2072 1229 2111 1270 &
2136 1226 2299 1270 definiri
2317 1227 2505 1277 debere,

1471 1306 1518 1334 ac
1547 1291 1738 1336 irritum,
1765 1289 1842 1332 &c.
1875 1288 2095 1331 attentari.
2128 1290 2224 1329 Non
2254 1287 2502 1328 obstantibus

1471 1349 1694 1407 praemiffm,
1727 1360 1886 1390 necnon
1913 1347 2128 1398 omnibus,
2154 1344 2507 1401 &lingulis2quae

1476 1411 1515 1452 in
1549 1407 1755 1465 praedictis
1782 1405 1914 1447 literis
1954 1406 2156 1449 voluimus
2193 1419 2273 1447 non
2313 1404 2503 1454 obstare,

1473 1466 1705 1524 ceterisque
1728 1465 1943 1508 contrariis
1970 1462 2309 1521 quibuscumque.
2342 1464 2500 1505 Datum

1471 1529 1615 1571 Romae
1641 1525 1747 1579 apud
1777 1529 1965 1569 Sanctam
1993 1525 2168 1566 Mariam
2206 1522 2404 1579 Majorem
2434 1521 2505 1562 sub

1468 1586 1618 1631 annulo
1650 1583 1866 1627 Piscatoris
1890 1583 1957 1623 die
1993 1596 2087 1624 xvi.
2116 1585 2225 1624 Nov.
2249 1592 2502 1623 moctvitr.

1466 1639 1733 1690 Pontificatfis
1764 1640 1886 1683 nostri
1915 1654 2022 1683 anno
2049 1649 2223 1696 quarto.

2037 1761 2090 1802 G.
2120 1758 2361 1803 Gualterius
2376 1789 2387 1801 .

1525 1888 1623 1929 Aut.
1640 1882 1683 1922 in
1709 1885 1851 1924 secret.
1871 1883 1985 1922 Brev.
2017 1877 2149 1936 Apost.
2182 1882 2278 1935 ch.
2308 1875 2429 1934 menst
2454 1876 2502 1925 δ’

1576 1940 1671 1985 anni
1688 1941 1813 1998 praed.
1831 1936 1912 1997 sol.
1929 1939 1976 1988 ἐς
1992 1938 2063 1981 loc.
2083 1938 2152 1980 cit.
2285 1952 2289 1957 ⁷

1700 2074 2503 2092 ——.*-—“————

1459 2183 1666 2233 Nomina
1710 2182 1998 2229 Nativorum
2026 2213 2043 2235 ,
2092 2174 2141 2226 ἃ
2185 2191 2275 2225 non
2305 2176 2504 2225 Nativo-

1527 2271 1629 2302 rum
1675 2249 1928 2317 supprimi3
1985 2249 2066 2296 hos
2103 2244 2152 2296 ἃ
2183 2247 2284 2297 illos
2316 2246 2343 2294 ὲ
2374 2249 2501 2296 Loco

1528 2321 1818 2373 Profeffionis
1851 2320 2078 2369 nominari
2106 2337 2120 2376 ;
2172 2317 2371 2367 eundem
2403 2319 2503 2365 No-

1532 2394 1755 2441 vitiorum
1780 2407 2024 2441 numerum
2046 2391 2090 2437 in
2109 2406 2203 2437 uno
2220 2424 2237 2447 ,
2273 2387 2322 2438 ὅ(
2355 2389 2502 2449 altero

1532 2463 1785 2511 Provinciae
1815 2463 2066 2510 Novitiatu
2081 2461 2329 2518 collocari3
2359 2460 2406 2506 in
2423 2457 2502 2505 ho-

1530 2550 1635 2580 rum
1690 2530 1958 2579 adrniffione
2016 2544 2185 2578 votum
2237 2527 2501 2579 Definitorii

1527 2615 1807 2670 proponente
1835 2598 2051 2649 Ministro
2082 2599 2255 2666 exquiri
2285 2618 2301 2657 3
2339 2600 2383 2646 in
2413 2600 2502 2646 ele·

1527 2674 1677 2726 &tione
1721 2671 1980 2722 Custodum
2009 2670 2310 2719 Generalium
2352 2685 2495 2716 unum

1530 2763 1584 2794 ex
1611 2760 1736 2801 una,
1773 2741 1821 2794 <Sc
1854 2744 1997 2791 alium
2014 2759 2071 2790 ex
2091 2742 2232 2790 altera
2262 2753 2388 2808 parte
2421 2739 2497 2786 eli-

1530 2819 1580 2885 gi
1604 2814 1738 2879 jubet
1771 2850 1787 2871 ,
1838 2832 1890 2863 ac
1937 2815 1983 2861 in
2023 2813 2208 2878 reliquis
2258 2807 2495 2861 Constitu-

1528 2890 1701 2937 tionem
1737 2885 1921 2938 Urbani
1941 2887 2092 2934 VIII.
2129 2884 2266 2951 incip.
2295 2886 2494 2933 CHRxsn

1531 2963 1826 3013 SALVATORIS
1855 2992 1871 3015 ,
1936 2953 2116 3003 indietis
2177 2948 2495 3004 controverfiae

1528 3042 1748 3099 perpetuo
1767 3025 1946 3078 filentio
1962 3062 1978 3085 ‚
1997 3024 2045 3077 ὅ(
2059 3028 2208 3095 poenis
2227 3022 2468 3075 confirmat
2481 3056 2493 3069 .

1495 3171 1908 3225 ALEXAND
1933 3173 2031 3221 ER
2071 3171 2291 3220 PAPA
2331 3167 2454 3216 VII.

1625 3294 1694 3339 Ad
1714 3299 1950 3350 perpetuam
1975 3288 2034 3332 rei
2058 3291 2281 3332 memoriam
2296 3317 2308 3329 .

347 3413 452 3456 8ῑᾶῑᾶ
489 3404 632 3453 Cssssffin
665 3407 807 3449 00101'2
826 3436 840 3458 ι
872 3422 1102 3463 praetextu,
1133 3412 1174 3453 δε
1215 3410 1390 3466 capite)
1578 3409 1939 3456 Liasemanarunt
1966 3408 1987 3451 a
2013 3407 2082 3452 fel.
2120 3404 2284 3449 record.
2309 3403 2480 3447 Urbano

347 3463 470 3503 etiam
487 3462 527 3505 in
546 3476 726 3520 corpore
747 3465 845 3522 juris
868 3467 1006 3520 cla-uso
1021 3501 1035 3521 ,
1069 3470 1182 3514 nullo
1207 3485 1382 3525 unquam

1605 3473 1713 3526 Papa
1731 3472 1849 3513 VIII.
1868 3465 2161 3511 Praedeceffore
2186 3463 2320 3507 nostro
2337 3464 2484 3506 Literae

351 3526 635 3574 tempore,de
661 3525 962 3580 subreptionis,
996 3530 1061 3572 vel
1099 3530 1380 3585 obreptionis,
1442 3529 1484 3571 in
1510 3528 1640 3574 forma
1669 3531 1812 3573 Brevis
1855 3527 2005 3573 tenoris
2045 3523 2246 3582 sequentis
2277 3552 2291 3574 ,
2345 3523 2480 3566 Urba-

350 3589 418 3619 aut
449 3581 647 3624 nullitatis
679 3585 782 3626 vitio
797 3613 810 3635 ,
842 3584 911 3628 seu
942 3587 1180 3632 intentionis
1201 3588 1347 3633 nostrae
1365 3617 1380 3643 2
1439 3603 1512 3632 nus
1532 3589 1637 3647 Papa
1656 3591 1777 3633 VIII.
1794 3588 1845 3631 ad
1870 3594 2108 3643 perpetuam
2125 3583 2182 3627 rei
2208 3582 2446 3625 memoriam
2465 3610 2479 3633 ,

353 3636 421 3677 vel
448 3637 635 3683 interesse
663 3643 906 3688 habentium
930 3648 1167 3699 consensuS,
1198 3647 1373 3694 aliove,
1436 3649 1582 3693 Christi
1633 3648 1850 3697 Salvatoris
1902 3642 2025 3686 nostri
2054 3671 2066 3683 .

2109 3641 2316 3700 Ressduum
2342 3642 2482 3688 vide-j

343 3692 558 3750 qu0¹ibflt=
589 3705 842 3754 quantumvis
872 3719 1045 3761 magno,
1076 3709 1115 3749 &
1143 3706 1373 3751 substantta-
1425 3706 1506 3768 sol.
1529 3709 1605 3751 60.

344 3753 376 3800 Π
401 3752 564 3799 &festu
591 3763 749 3817 ”masis
779 3765 1030 3822 impugnari,
1048 3765 1368 3821 invalidari2re·

1497 3771 1608 3811 Cum
1646 3777 1783 3812 autem
1807 3793 1826 3817 ,
1856 3762 1954 3807 ficut
1995 3762 2225 3820 accepimus
2248 3793 2263 3814 ,
2304 3763 2482 3864 osecasro·

2334 3834 2426 3863 tone
