2762 4030
434 236 547 320 60

372 364 470 409 pum
504 343 760 397 concordia,
790 343 981 392 heresum
1014 340 1292 397 extirpatione
1318 369 1332 392 ,
1368 355 1414 384 ac

373 415 416 455 S.
433 407 580 452 Matris
601 403 792 450 Ecclefiae
816 404 1070 453 exaltatione
1092 403 1176 459 pias
1206 400 1256 445 ad
1277 402 1416 443 Deum

370 480 522 526 preces
549 464 795 521 effuderint,
831 473 877 508 ut
900 479 967 511 eas
989 475 1157 508 omnes,
1185 462 1225 502 &
1246 459 1417 519 fingulas

371 526 690 582 Indulgentias,
714 526 752 572 &
778 534 1042 582 peccatorum
1069 518 1341 568 munitiones,
1368 533 1415 565 ac

372 586 716 644 poenitentiarum
756 583 1035 629 relaxationes
1080 579 1380 639 consequantur
1401 605 1415 627 a

370 659 473 704 quas
491 645 858 702 consequerentur,
875 643 900 690 sl
914 642 1066 698 septem
1082 640 1239 690 Altaria
1253 670 1269 692 ,
1284 639 1324 683 in
1342 642 1416 681 Ba-

369 706 482 751 silica
497 705 700 760 Principis
716 702 1003 762 Apostolorum
1024 699 1079 743 de
1097 701 1211 748 Urbe
1225 697 1413 755 defigna-

368 776 412 811 ta
431 794 446 818 ,
473 763 749 824 personaliter
768 761 977 807 vifitarent
993 790 1005 814 ,
1040 757 1412 805 misericorditerin

368 825 555 870 Domino
576 822 842 869 concedimus
857 852 868 865 .
901 825 998 866 Non
1017 819 1264 864 obstantibus
1287 831 1412 873 regu-

367 885 409 929 la
442 882 590 929 Nostra
627 881 681 925 de
709 895 789 925 non
821 878 1102 925 concedendis
1135 875 1411 933 Indulgentiis

367 943 420 990 ad
437 942 583 994 instar,
598 939 832 998 caeterisque
850 938 1066 985 contrariis
1083 938 1388 996 quibuscunque
1400 963 1411 979 .

370 1001 644 1048 Praesentibus
671 1000 884 1057 perpetuis
910 998 1055 1044 futuris
1071 996 1322 1053 temporibus
1346 995 1424 1038 va-'

365 1062 505 1107 lituris
524 1090 534 1102 .
570 1063 720 1103 Datum
746 1062 889 1103 Romae
917 1056 1025 1115 apud
1051 1061 1090 1101 S.
1118 1056 1289 1100 Mariam
1319 1056 1412 1096 Ma-

363 1121 498 1180 jorem
536 1121 605 1164 sub
641 1118 809 1164 Annulo
831 1116 1046 1162 Piscatoris
1086 1117 1165 1159 Die
1190 1128 1312 1157 virt.
1339 1114 1411 1168 Ju-

368 1181 427 1225 nii
467 1195 500 1223 M
518 1193 585 1222 nc
604 1194 634 1222 Χ
653 1195 684 1228 Χ
702 1194 732 1223 Χ
755 1193 790 1222 1.
843 1174 1112 1222 Pontificatus
1152 1171 1288 1218 Nostri
1327 1174 1414 1214 An-

363 1254 420 1289 no
444 1241 591 1282 octavo
610 1267 622 1281 .

917 1355 1042 1401 iia-A.
1057 1332 1298 1397 maraldus.

513 1474 642 1541 'Brevf
671 1469 902 1532 formatum
933 1471 979 1515 in
1020 1471 1210 1517 Ambivio
1247 1470 1415 1514 Provin-

597 1545 668 1575 Clae
680 1561 693 1573 ι

607 1670 1113 1692 -ιιι--η-ο-ιμ-ἡ-1
1117 1668 1412 1687 σιω-...-

357 1774 505 1830 Varia
533 1774 656 1828 circa
687 1773 918 1844 Regimen
951 1771 1209 1827 Provinciae
1241 1773 1411 1820 Decre-

427 1859 509 1903 ta,
549 1841 626 1899 seu
661 1846 884 1896 articulos
919 1841 1163 1893 confirmat
1187 1879 1203 1902 ,
1239 1839 1410 1908 hosque

425 1928 555 2038 antes
583 1917 828 2038 eze-&iones
879 1914 1174 1991 capitulares
1223 1912 1409 1986 praelegi

429 2004 522 2062 prae
545 2005 612 2038 ενι
646 2003 712 2042 it.

358 2111 413 2174 U
450 2119 563 2172 RB
600 2121 734 2170 AN
772 2120 885 2173 Us
948 2119 1180 2173 PAPA
1253 2115 1406 2169 V111.

537 2237 607 2281 Ad
630 2197 862 2298 Perpetuam
884 2239 947 2280 rei
971 2237 1234 2285 Memoriam.

479 2354 608 2399 Hristi
638 2355 867 2401 salvatoris
894 2354 1048 2412 nostri,
1079 2354 1149 2412 qui
1176 2367 1318 2412 pacem
1346 2351 1412 2395 su÷

497 2428 571 2471 per
584 2428 726 2470 pacem
744 2414 888 2457 tribuit
908 2414 1080 2457 Dilectis
1097 2413 1170 2457 suis
1185 2445 1200 2468 ,
1232 2415 1343 2457 vices
1362 2411 1414 2453 li-

359 2478 432 2519 cet
446 2474 642 2518 immeriti
667 2482 863 2529 gerentes
884 2472 922 2515 in
941 2473 1079 2518 Terris
1093 2501 1108 2525 ,
1141 2474 1190 2519 ad
1208 2487 1255 2515 ea
1273 2471 1416 2526 praeci-

358 2547 459 2592 puas
494 2532 737 2590 Apostolicae
766 2530 1051 2574 sollicitudinis
1089 2542 1228 2588 partes
1265 2529 1415 2586 jugiter

358 2593 644 2645 intendimus,
675 2603 722 2636 ut
749 2592 926 2647 religiosi
943 2590 1033 2636 Viri
1059 2619 1073 2642 ,
1103 2592 1170 2646 qui
1199 2588 1317 2633 obliti
1340 2602 1414 2644 po-

358 2652 503 2710 pulum
531 2653 646 2695 suum
661 2681 674 2704 ,
707 2654 747 2694 δι
764 2651 931 2694 domum
946 2650 1071 2704 patris
1092 2649 1150 2695 sui
1176 2647 1412 2703 semetipsos¹

357 2713 611 2767 abnegantes
625 2740 639 2766 ,
672 2710 802 2753 divini
823 2707 1013 2753 Numinis
1028 2709 1227 2764 obsequiis
1243 2709 1283 2749 se
1300 2721 1411 2749 man·

356 2770 548 2828 cipali-unt
569 2796 584 2817 2
629 2769 873 2825 charitatis,
899 2766 1206 2823 dilectionisque
1249 2765 1413 2810 vinculo

357 2830 579 2885 colligati,
611 2829 781 2873 semotis
816 2826 1065 2885 quibuslibet
1091 2825 1413 2873 differentiarum

361 2886 634 2939 anfractibus,
666 2888 843 2931 reddant
856 2888 1036 2932 Domino
1061 2886 1313 2931 abundantes
1328 2882 1417 2926 fru-

359 2951 446 2991 etus
463 2947 548 2990 suos
564 2948 604 2989 in
629 2944 872 2998 sanctitate,
903 2948 944 2987 &
967 2946 1115 3005 justitia
1136 2960 1275 2989 coram
1302 2943 1415 3000 ipso,

359 3010 401 3056 «sc
426 3006 578 3056 nedum
619 3005 994 3053 controverfiarum
1021 3005 1143 3049 causae
1169 3036 1182 3058 ,
1226 3007 1266 3049 δε
1295 3018 1414 3051 occa-

358 3067 493 3111 fiones
513 3066 672 3124 penitus
683 3067 977 3118 eliminentur,
1007 3065 1074 3114 sed
1091 3068 1212 3123 paci,
1241 3067 1282 3107 &
1298 3065 1416 3123 quie-

357 3128 392 3170 ti
421 3125 725 3183 Religiosurum
746 3126 1003 3174 eorundem,
1034 3126 1228 3183 quantum
1257 3124 1343 3168 fieri
1375 3124 1415 3170 in

359 3187 539 3231 Domino
567 3187 720 3241 potest,
752 3188 995 3244 opportunis
1018 3186 1246 3235 rationibus
1271 3182 1415 3227 consu-

360 3247 472 3290 latur
499 3258 515 3298 ;
548 3245 671 3293 Unde
699 3249 784 3290 Nos
813 3247 1018 3302 praecipuo
1042 3274 1055 3299 ,
1107 3260 1189 3302 quo
1215 3244 1415 3287 Ordinem

358 3309 556 3350 Fratrum
585 3306 789 3353 Minorum
811 3307 947 3350 Sancti
964 3305 1164 3351 Francisci
1183 3304 1417 3359 Capucino-

361 3381 456 3410 rum
495 3374 822 3421 nuncupatorum
862 3364 1147 3422 prosequimur
1183 3392 1197 3415 a
1241 3371 1418 3419 paternae

365 3426 579 3469 charitatis
604 3424 746 3468 affeetu
771 3426 905 3476 moti,
937 3424 1134 3482 fimulque
1160 3421 1419 3467 consideran-

362 3495 444 3537 tes,
466 3489 554 3537 Nos
568 3499 619 3535 ex
635 3484 785 3528 eodem
799 3484 961 3528 Ordine
971 3484 1166 3529 dilectum
1180 3482 1328 3533 Filium
1344 3497 1422 3526 no·

363 3544 483 3587 strum
510 3546 733 3588 Antonium
751 3545 881 3588 Tituli
897 3546 1030 3588 Sancti
1045 3543 1278 3600 Honuphrii
1304 3542 1420 3586 Pres-

366 3602 557 3656 byterum
569 3604 837 3650 Cardinalem
854 3634 869 3656 ,
884 3604 1060 3650 nostrum
1087 3602 1306 3647 secundum
1328 3617 1418 3646 car·

365 3675 461 3704 nem
474 3666 672 3707 ·Fratrem
699 3678 964 3722 germanum,
994 3663 1244 3708 &Ordinem
1271 3662 1416 3717 praedi-

368 3723 476 3761 ctum
488 3749 502 3770 ‚
535 3722 632 3765 dum
649 3725 687 3765 in
703 3724 925 3769 minoribus
941 3725 1184 3774 constitutus
1199 3720 1297 3765 effet
1309 3749 1323 3770 a
1342 3737 1412 3764 ex-

366 3777 504 3835 presse
519 3780 732 3833 prosessum
749 3785 815 3836 ,in
834 3787 999 3828 Sacrum
1018 3787 1059 3828 S.
1074 3785 1129 3826 R.
1146 3784 1194 3825 E.
1207 3783 1411 3825 Cardina-

365 3838 465 3883 lium
488 3838 723 3895 Collegium
738 3857 840 3898 ,pro
870 3843 986 3899 ipfius
1009 3848 1049 3888 S.
1066 3845 1118 3887 R.
1139 3844 1187 3886 E.
1205 3843 1312 3887 bono
1338 3855 1410 3885 co-

1146 223 1708 313 Provincia

1474 336 1628 393 optaffe
1647 367 1661 390 ,
1694 334 1814 380 facile
1829 335 2090 396 inducimur,
2125 348 2171 388 ut
2195 346 2380 406 iis‚'qnae
2405 352 2524 409 spiri.

1477 398 1577 443 tuali
1606 398 1722 459 ipfius
1740 398 1910 466 Ordinis
1936 403 2161 459 progressui
2187 407 2405 464 profutura
2433 415 2522 456 nos-

1481 467 1658 507 cuntur,
1689 458 1936 515 peculiarem
1961 463 2170 519 pastoralis
2201 468 2419 524 vigilantiae
2449 486 2519 514 cu-

1480 531 1566 560 ram
1596 517 1739 560 sedulo
1766 517 2048 574 impendamus
2077 551 2094 564 .«
2123 528 2390 584 Qapropter
2424 531 2525 574 ortis

1477 590 1607 644 nuper
1639 575 1846 619 nonnullis
1866 580 2056 636 gravibus
2082 612 2098 633 ,
2132 596 2255 643 atque
2286 590 2524 644 urgentibus

1477 637 1703 680 Provinciae
1720 638 1913 679 Romanae
1939 637 2122 695 ejusdem
2139 646 2305 689 Ordinis
2326 649 2527 706 tranquil.

1475 696 1558 740 lum
1581 697 1686 739 illius
1713 695 1856 739 statum
1879 725 1896 747 ,
1929 695 2176 759 felicemque
2206 706 2426 762 disciplinae
2459 723 2528 752 re.

1475 755 1629 812 gularis
1654 755 1924 798 directionem
1941 764 2287 808 concernentibus
2314 767 2528 811 necestita-

1472 815 1577 857 tibus
1594 845 1610 867 ,
1626 828 1697 868 ne,
1716 814 1824 870 quod
1843 814 1894 857 ad
1911 818 2088 860 muneris
2105 821 2250 874 nostri,
2265 835 2524 882 patemaeque

1471 876 1510 917 in
1539 875 1714 918 eundem
1729 873 1929 916 Ordinem
1959 875 2173 922 charitatis
2204 893 2338 935 partes
2369 886 2524 940 speeta-

1476 936 1573 986 bat,
1590 934 2004 990 praetermitteremus
2018 964 2032 988 ,
2057 937 2226 981 Dilectis
2241 942 2352 985 Filiis
2367 933 2523 987 Hiero--

1475 993 1632 1052 nymoa
1661 993 1815 1037 Narnia
1833 1021 1846 1045 ,
1863 991 2030 1037 Vicario
2055 999 2278 1048 Generali‚
2311 1003 2526 1047 Francisco

1471 1050 1968 1117 aGenua,Procuratori
1996 1056 2226 1110 Generali,
2259 1061 2473 1104 Francisco
2501 1063 2523 1104 a

1473 1110 1691 1176 Neapoli,
1736 1112 1774 1152 δι
1802 1110 1932 1155 Paulo
1957 1110 1980 1154 a
2006 1115 2190 1168 Cesena,
2222 1118 2524 1163 Diffinitoribus

1473 1169 1750 1215 Generaltbus
1766 1168 1946 1226 ejusdem
1958 1172 2338 1226 Ordinis,dedimus
2356 1179 2395 1221 in
2415 1193 2526 1223 man—

1471 1230 1609 1281 datis,
1641 1239 1684 1272 ut
1714 1229 1934 1286 perspectis
1953 1230 2175 1289 diligenter
2189 1239 2374 1280 omnibus
2402 1253 2526 1281 occa-

1473 1290 1676 1341 sionibus,
1709 1303 1794 1347 quae
1820 1287 2007 1332 fraternae
2025 1295 2221 1337 charitati
2252 1297 2525 1353 impedimen—

1473 1359 1519 1392 to
1536 1346 1676 1416 ‘essent
1700 1377 1713 1400 ,
1760 1361 1830 1391 eas
1861 1347 2065 1394 tollerent
2092 1380 2106 1404 ,
2145 1367 2191 1395 ac
2220 1357 2529 1399 necessitatibus

1475 1406 1702 1466 hujusmodi
1731 1407 1972 1465 opportunis
1995 1436 2009 1458 2,
2047 1412 2247 1468 quantum
2278 1415 2318 1458 in
2344 1417 2527 1459 Domino

1474 1465 1715 1529 judicalsent
1740 1498 1756 1519 ,
1803 1467 1999 1510 remediis
2026 1500 2042 1520 ,
2073 1474 2320 1517 auctoritate
2355 1477 2521 1518 nostra,

1471 1527 1758 1589 providerent.
1775 1529 1846 1580 Et,
1863 1529 1964 1569 ficut
1978 1530 2207 1584 accepimus
2225 1533 2353 1588 ,quod
2369 1535 2522 1578 Hiero-

1474 1601 1620 1643 nymus
1635 1616 1651 1637 ,
1668 1600 1713 1628 ac
1729 1595 1906 1641 uterque
1921 1588 2155 1630 Franciscus
2172 1618 2185 1640 ,
2198 1593 2236 1633 ὃς
2256 1593 2403 1635 Paulus
2422 1606 2524 1648 prae·

1472 1646 1570 1690 dieci
1591 1673 1605 1696 ,
1639 1657 1701 1686 ma
1726 1644 1797 1684 ura
1823 1643 2124 1690 consultatione
2150 1649 2360 1704 adhibita,
2398 1655 2516 1695 Man-

1474 1705 1569 1753 data
1594 1654 1723 1804 ηοίτὶέ
1739 1701 1968 1760 hujusmodi
1993 1708 2192 1762 exequuti
2219 1708 2319 1761 fint,
2351 1725 2397 1752 ac
2425 1725 2526 1766 pro-

1471 1764 1571 1812 vide
1599 1777 1648 1805 co
1692 1762 1933 1814 iderantes‚
1965 1765 2073 1818 quod
2101 1766 2140 1807 in
2170 1767 2311 1810 multis
2337 1768 2522 1811 aliisre-

1472 1820 1620 1881 ligiofis
1635 1822 1843 1880 guberniis
1857 1849 1872 1872 ,
1885 1824 1965 1865 five
1980 1822 2406 1876 administrationibus,
2423 1827 2526 1870 mul-

1472 1885 1526 1927 tis
1549 1897 1601 1927 ex
1626 1883 1751 1923 causis
1777 1882 1948 1925 evenire
1974 1879 2108 1936 solet,
2137 1885 2194 1928 ita
2222 1887 2264 1928 δε
2291 1887 2331 1930 in
2349 1889 2428 1929 hoc
2445 1889 2524 1930 Or-

1471 1943 1569 1987 dine
1597 1939 1848 1984 diffidiorum
1874 1971 1889 1994 ,
1921 1945 2319 2004 contentionumque
2347 1946 2527 1989 occasio-

1472 2017 1545 2050 nes
1571 1998 1917 2057 superseminante
1947 2001 2116 2046 humani
2133 2007 2298 2060 generis
2326 2005 2439 2049 hoste
2468 2004 2530 2047 zi-

1475 2061 1587 2110 zania
1613 2089 1626 2112 ,
1668 2059 1887 2115 praesertim
1917 2061 2019 2102 vero
2048 2076 2098 2106 ex
2127 2065 2402 2117 inaequalitate
2432 2078 2527 2120 gra-

1468 2122 1624 2172 duum,
1655 2120 1693 2163 ἃ.
1719 2120 1973 2176 dignitatum
1999 2122 2095 2164 oriri
2126 2121 2235 2179 posse
2253 2153 2267 2176 ,
2297 2124 2527 2167 idcircoil·

1470 2182 1521 2226 lis
1549 2179 1711 2222 obviam
1730 2179 1788 2221 ire
1805 2181 1993 2224 volentes
2009 2206 2023 2231 ,
2056 2181 2167 2225 inter
2188 2183 2268 2226 alia
2289 2183 2524 2234 statuerint,

1470 2239 1769 2286 decreverint,
1796 2238 2167 2292 &ordinaverint‚
2199 2244 2307 2299 quod
2335 2245 2386 2286 de
2403 2252 2524 2285 caete-

1473 2315 1521 2344 ro
1549 2298 1762 2356 perpetuis
1793 2296 1940 2342 futuris
1972 2300 2225 2356 temporibus
2266 2302 2304 2345 in
2332 2302 2522 2346 omnibus

1475 2358 1595 2420 ipsius
1618 2356 1845 2399 Provinciae
1871 2358 2066 2402 Romanae
2092 2361 2295 2418 Capitulis
2323 2363 2406 2405 duo
2422 2363 2536 2404 sem·.

1476 2432 1550 2479 per
1575 2431 1627 2459 ex
1642 2428 1689 2456 ea
1702 2415 1812 2466 orti,
1843 2414 2073 2469 &duo‚ex
2102 2434 2149 2462 ea
2166 2434 2246 2462 non
2265 2421 2344 2462 orti
2364 2419 2522 2475 eligan-

1476 2489 1544 2519 tur
1563 2473 1824 2522 Diffinitores
1837 2505 1853 2525 ,
1884 2490 1935 2518 ex
1950 2477 2129 2533 quinque
2155 2479 2378 2523 Vocalibus
2395 2479 2535 2534 Capi—‘

1477 2534 1552 2578 tuli
1568 2532 1788 2580 Generalis
1805 2531 1886 2575 duo
1911 2547 1962 2575 ex
1985 2533 2089 2577 dicta
2107 2538 2322 2579 Provincia
2339 2539 2452 2587 orti,
2481 2538 2522 2578 &

1475 2595 1560 2638 duo
1575 2605 1688 2636 exea
1709 2605 1790 2634 non
1806 2592 1888 2634 orti
1910 2591 2009 2641 fint,
2039 2596 2203 2650 quintus
2223 2596 2350 2648 verb,
2385 2595 2466 2636 five
2481 2595 2521 2638 in

1475 2654 1580 2697 dicta
1600 2651 1814 2698 Provincia
1845 2660 1989 2702 ortus,
2021 2652 2101 2695 sive
2116 2668 2223 2704 non,
2256 2654 2307 2695 ab
2333 2652 2416 2709 ipso
2431 2655 2516 2695 Ca-

1473 2711 1633 2770 pitu10,
1656 2710 1828 2758 arbitrio
1844 2712 1910 2753 sno
1927 2740 1940 2763 ,
1966 2709 2174 2766 eligatur,
2205 2713 2390 2756 Minister
2415 2714 2517 2753 Pro-

1476 2770 1659 2816 vincialis
1690 2769 1845 2823 fingulo
1872 2783 2033 2827 quoque
2071 2771 2249 2815 triennio
2273 2772 2511 2815 alternatim

1476 2846 1528 2875 ex
1545 2829 1645 2873 ortis
1659 2830 1700 2871 in
1716 2829 1820 2872 dic'ta
1835 2830 2078 2883 Provincia,
2111 2835 2150 2875 δι
2178 2844 2325 2874 exnon
2351 2831 2450 2873 ortis
2477 2830 2517 2873 in

1478 2889 1625 2935 eadem
1657 2889 1929 2936 constituatur
1954 2922 1966 2930 .
1999 2892 2154 2935 Omnes
2186 2890 2408 2933 electiones
2438 2892 2520 2932 Ca·

1477 2950 1704 3007 pitulares,
1739 2948 1764 2992 st
1780 2963 1874 3005 quas
1889 2959 2034 2992 contra
2051 2951 2317 3007 praescriptam
2334 2949 2519 3000 formam,

1476 3013 1517 3059 &
1540 3007 1813 3053 omnimodam
1853 3009 2126 3066 aequalitatem
2156 3008 2386 3068 hujusmodi
2427 3007 2517 3051 fieri

1478 3067 1729 3126 contigerit,
1760 3066 1843 3127 ipso
1870 3066 1975 3115 fac‘to
2005 3071 2124 3114 nullae
2150 3099 2162 3124 ,
2190 3069 2417 3125 nulliusque
2446 3082 2520 3110 ro-

1477 3130 1611 3181 boris,
1644 3127 1714 3171 seu
1743 3131 1943 3172 momenti
1967 3128 2065 3173 smt.
2097 3131 2301 3173 Praeterea
2317 3143 2365 3170 ex
2394 3141 2519 3177 nunc,

1477 3191 1608 3233 donec
1636 3187 1879 3243 Capitulum
1908 3189 2173 3236 Provinciale
2199 3186 2383 3243 proxime
2407 3186 2516 3228 futu-

1480 3264 1569 3293 rum
1596 3247 1839 3295 celebretur
1857 3278 1870 3301 ,
1901 3248 2106 3297 &deinde
2140 3249 2320 3291 triennio
2341 3246 2519 3300 Capitu-

1481 3309 1557 3353 lari
1586 3306 1606 3349 εὶ
1634 3306 1915 3352 celebratione
1942 3307 2128 3364 Capituli
2153 3305 2417 3351 Provincialis
2445 3305 2520 3345 hu-

1479 3367 1654 3429 jusmodi
1691 3367 1923 3410 inchoando
1971 3369 2180 3420 durante,
2225 3368 2306 3411 five
2337 3362 2511 3418 longiori

1482 3440 1702 3483 tempore,
1747 3429 1773 3469 fi
1807 3427 1862 3469 ita
1895 3425 2053 3471 dilectis
2067 3428 2179 3471 Filiis
2209 3422 2374 3468 Vicario
2402 3451 2415 3473 ,
2450 3420 2516 3462 seu

1483 3487 1669 3533 Ministro
1698 3487 1898 3532 Generali
1926 3502 2001 3543 pro
2033 3497 2216 3543 tempore
2240 3481 2426 3526 existenti
2462 3480 2519 3520 vi-

1481 3548 1694 3601 debitur3
1739 3547 1956 3590 Provincia
1992 3548 2176 3590 Romana
2218 3542 2404 3598 praedic'ta
2443 3554 2515 3595 per

1481 3607 1709 3652 Ministrum
1746 3605 2045 3656 Provincialem
2069 3613 2286 3647 externum
2314 3632 2328 3652 ,
2363 3600 2429 3656 qui
2463 3599 2512 3639 ab

1477 3667 1624 3711 eadem
1650 3667 1866 3711 Provincia
1897 3664 2123 3711 nullatenus
2150 3661 2416 3720 dependeat,
2448 3672 2522 3700 re·-

1477 3737 1596 3783 gatur
1625 3757 1638 3780 ,
1668 3730 1708 3776 &
1740 3727 1989 3783 gubernetur
2015 3754 2031 3775 ,
2062 3723 2191 3767 dictus
2221 3732 2356 3764 tamen
2390 3718 2513 3761 Mini-

1473 3788 1554 3830 ster
1581 3786 1853 3830 Provincialis
1878 3787 1903 3829 ὲ
1932 3785 2097 3827 Vicario
2111 3782 2336 3831 Generali,
2371 3780 2515 3821 imme-

1471 3846 1584 3891 diate
1608 3849 1649 3890 in
1667 3846 1894 3901 regimine,
1924 3845 1962 3886 &
1979 3845 2178 3902 gubernio
2208 3844 2323 3898 ipsius
2339 3838 2512 3904 Provin-

2383 3910 2451 3939 cue
