2710 4108
1057 194 1447 310 Januen
1490 226 1606 282 ts.

296 323 406 358 trum
432 311 506 359 sub
520 306 687 357 Annulo
707 301 919 349 Piscatoris
945 331 961 355 ,
989 306 1059 351 die
1088 322 1149 351 ιν.
1171 314 1320 366 Janua·

298 373 349 416 rii
379 386 414 415 aa
429 380 642 424 ner-xx}
657 379 673 413 r
686 378 729 410 1.-
747 360 1013 410 Pontificatus
1035 366 1170 411 Nostri
1197 370 1321 413 Anno

300 431 460 488 prime·

884 541 921 582 1.
943 541 998 584 G.
1028 539 1176 585 Slufius
1191 567 1206 582 .

454 672 500 715 g.
524 657 568 700 1⁸·
580 656 744 703 Archiv.
762 660 911 702 soeret.
939 654 1198 715 Bremqust.
1225 659 1324 714 Reg,

409 716 531 776 nens:
541 716 592 766 θ’
613 716 842 774 mlpraed.
857 714 941 776 sol.
959 726 1031 772 49.

497 1024 545 1065 D
595 1022 632 1064 E
691 1023 730 1065 C
787 1022 831 1064 R
888 1021 924 1063 E
984 1020 1023 1062 Τ
1079 1020 1125 1063 O

435 1139 571 1189 Sacra
600 1135 939 1209 Congregatt’ont's
972 1137 1180 1189 concilii.

281 1265 674 1341 JoanniBaptistae
689 1266 716 1316 ὲ
734 1263 976 1326 Corsann,
1005 1266 1089 1334 qui*
1114 1266 1159 1314 in
1197 1266 1319 1315 Reli-

401 1339 502 1387 ione
519 1338 671 1387 Tertii
695 1337 888 1388 Ordinis
906 1371 927 1395 „
951 1351 1003 1388 ut
1035 1337 1195 1386 Laicus
1212 1339 1315 1386 Pro÷

379 1406 595 1458 emonem
621 1405 796 1467 emifit,
826 1405 926 1476 post
964 1404 1096 1456 suum
1127 1405 1184 1455 ad
1213 1409 1314 1456 Nos

357 1475 596 1528 transitum
616 1511 633 1534 ,
673 1493 761 1530 ceu
808 1477 1045 1531 Clericum
1085 1474 1315 1545 profiteri,

359 1547 626 1618 indulgetur
644 1583 657 1597 .

405 1687 581 1738 Orditris
613 1686 907 1754 Capacinorum
945 1685 1162 1758 Traqfi'tus
1180 1725 1210 1747 .,

382 1826 573 1882 Ostquam
589 1826 714 1883 prima
728 1827 904 1871 Tonsura
917 1839 941 1880 3.
961 1829 1001 1870 ἃ
1011 1828 1167 1872 duobus
1185 1828 1314 1871 mino-

410 1886 519 1928 ribus
541 1885 758 1929 Ordinibus
768 1886 974 1941 insignitus
990 1884 1117 1930 fuerat
1138 1890 1311 1944 Joannes

289 1946 343 1985 Ba
348 1943 464 1999 ptista
482 1942 670 1987 Forforus
679 1942 1043 1996 deCorfanQSarz
1051 1946 1310 1988 anen.Dioec.

287 2002 456 2058 cupiens
472 2000 749 2056 profellionem
762 2030 778 2054 ,
802 2003 860 2046 uti
884 2002 1094 2046 Clericum
1109 2031 1124 2054 ,
1147 2005 1310 2046 emitte-

290 2074 364 2111 re,
394 2060 432 2103 in
450 2059 667 2116 Religione
682 2061 812 2104 Tertii
829 2060 992 2104 Ordinis
1003 2063 1133 2105 Sancti
1150 2064 1310 2105 Franci-

285 2117 340 2160 sci
354 2145 369 2169 ‚
383 2126 577 2174 acceptus
590 2147 605 2172 ‚
629 2118 731 2162 &ad
747 2119 1025 2172 probationem
1038 2119 1218 2163 admiffus
1234 2116 1310 2163 fuit

287 2176 329 2218 in
356 2178 576 2221 Conventu
600 2181 655 2220 Ν.
693 2175 787 2233 quia
811 2179 911 2219 vero
933 2177 1016 2234 ejus
1045 2189 1210 2233 paterna
1227 2181 1310 2221 Do-

285 2247 376 2276 mus
397 2262 413 2285 ,
453 2235 507 2276 ob
548 2237 655 2277 varia
691 2232 918 2277 infortunia·
936 2261 951 2283 ‚
980 2235 1309 2282 subministrare,

290 2306 370 2335 non
383 2291 514 2347 potuit
534 2290 643 2334 stuta
657 2301 819 2335 centum
836 2307 909 2348 pro
919 2293 1103 2336 vestiario
1116 2322 1130 2345 ,
1143 2294 1310 2349 expleto

287 2350 528 2393 Novitiatus
540 2363 645 2392 anno
656 2377 671 2401 ‚
694 2349 973 2406 proseffionem
989 2380 1003 2405 ,
1023 2353 1126 2409 πετὲ
1146 2364 1280 2396 tamen
1293 2381 1308 2406 ,

289 2409 350 2450 uti
364 2406 592 2451 Conversus
605 2435 621 2460 ,
644 2409 771 2452 emilit
784 2438 796 2450 .

346 2465 477 2510 Paulo
492 2465 577 2522 post
591 2467 739 2523 praevio
761 2467 1023 2522 superiorum
1051 2469 1277 2525 Religionis
1291 2500 1311 2522 ,

283 2523 425 2580 iqua,
443 2525 485 2565 δι
504 2522 555 2566 ad
581 2538 705 2582 quam
717 2524 929 2578 consensu,
954 2527 1117 2570 servatis
1142 2539 1306 2574 cetero-

286 2583 385 2638 quin
400 2583 603 2626 servandis
611 2612 628 2634 ,
650 2582 701 2626 ad
723 2583 1304 2641 striaioremcapucinorunn

285 2639 500 2690 tranfivit,
529 2654 576 2684 ac
602 2642 625 2683 d
651 2642 896 2685 Provinciali
923 2645 1223 2697 Capucinorum
1248 2648 1303 2688 Ν.

281 2698 564 2748 examinatus,
602 2700 647 2741 δι
680 2699 844 2743 idoneus
870 2714 946 2756 pro
973 2701 1187 2745 Clericatu
1236 2715 1303 2744 re-

286 2767 455 2813 pertus,
482 2767 737 2813 acceptatus,
768 2760 807 2799 &
832 2757 996 2801 indutus
1027 2758 1101 2801 fuit
1127 2759 1165 2801 in
1190 2763 1303 2803 Con-

284 2824 416 2857 ventu
437 2818 491 2858 Ν.
518 2826 720 2872 tamquam
746 2817 937 2859 Novitius
966 2815 1157 2860 Clericus
1179 2844 1196 2866 ,
1230 2817 1303 2860 de-

284 2872 511 2916 ficientibus
530 2871 684 2928 septem
706 2874 849 2916 diebus
889 2873 943 2916 ad
977 2873 1183 2918 biennium
1222 2876 1305 2930 post

283 2928 458 2975 emissam
475 2960 491 2983 ‚
519 2931 579 2973 uti
603 2931 836 2975 Conversus
873 2931 913 2973 in
938 2931 1156 2989 Religione
1171 2934 1304 2977 Tertii

287 2988 453 3032 Ordinis
469 2985 755 3032 Profeffionem
768 3017 784 3041 ,
806 2987 956 3045 proeviis
968 2988 1162 3034 duntaxat
1177 2990 1306 3034 licen·

286 3048 356 3091 tiis
373 3047 411 3088 in
424 3047 577 3103 scriptis
594 3056 672 3089 tam
690 3045 952 3092 provincialis
969 3047 1102 3091 Tertii
1115 3046 1280 3092 Ordinis
1292 3079 1307 3100 ‚

285 3106 405 3162 quim
418 3107 595 3149 omnium
609 3103 905 3162 Religiosorum
919 3105 1258 3150 conventualium
1284 3108 1307 3149 a

287 3178 373 3220 quo
385 3191 399 3215 ‚
424 3165 462 3205 &
477 3164 528 3207 ad
542 3176 665 3219 quem
678 3189 692 3202 .

344 3225 443 3266 Mox
457 3221 592 3277 elapso
608 3221 855 3276 probationis
868 3237 972 3267 anno
999 3222 1105 3265 inter
1128 3220 1308 3277 Capuci-

286 3292 387 3328 nos,
413 3281 576 3337 cupiens
593 3280 649 3322 uti
664 3279 854 3323 Clericus
875 3280 1082 3337 profiteri,
1107 3282 1237 3336 &quo
1252 3279 1307 3321 de

290 3338 473 3382 omnibus
486 3338 708 3382 neceffariis
727 3339 924 3392 requilitis
945 3336 1132 3395 praeditus
1154 3338 1309 3394 reperi-

289 3405 359 3437 tur
388 3425 403 3447 ,
443 3399 636 3453 supplicat
667 3410 739 3453 pro
767 3394 962 3440 facultate
988 3406 1244 3452 opportuna,
1268 3396 1309 3436 δι

289 3452 583 3511 dispensatione
595 3456 647 3498 ad
668 3454 868 3498 cautelam
885 3484 897 3496 .

349 3573 429 3613 Die
441 3574 576 3626 prlma
591 3573 743 3617 Martis·
764 3573 881 3629 1692.-
907 3575 1029 3614 sacra
1055 3569 1308 3625 congregatio

291 3628 678 3695 Eminentfsp'aonm
689 3634 728 3672 S.
743 3632 784 3673 R.
795 3635 842 3674 Ε.
858 3627 1128 3675 cardinalium
1145 3626 1309 3671 concili}

299 3688 524 3730 Tridentini
536 3691 819 3744 Inter-pretam,
845 3697 999 3730 attenta
1011 3685 1196 3744 relatione
1213 3689 1304 3728 Pro·

287 3746 477 3788 curatoris
493 3748 691 3789 Generalis
706 3747 861 3790 ordivit
875 3748 1156 3801 capuanorum
1168 3770 1183 3792 ‚
1195 3743 1304 3787 beal-

415 3806 517 3847 Tam.
533 3808 588 3848 11:

2191 203 2349 316 385

1375 326 1433 367 gn
1468 307 1656 367 commiste
1670 310 1819 353 Commi
1898 310 1935 351 10
1951 312 2136 355 Gens-tali
2150 311 2274 370 ejusde
2283 330 2319 355 m
2337 319 2413 358 Or—

1380 368 1480 412 amis
1499 398 1511 421 ,
1523 379 1569 412 ut
1580 398 1599 420 ,
1612 368 1711 411 veris
1722 371 1789 411 ext·
1818 365 1972 410 antibus
1988 375 2167 412 narratis
2180 399 2195 422 ‚
2207 385 2293 413 cum
2311 367 2411 414 Ora-

1379 436 1464 469 tore
1486 424 1672 484 dispenstt
1685 453 1698 477 ,
1721 438 1766 467 ac
1784 427 1956 480 petitam
1971 424 2218 483 facultatem
2241 439 2318 484 pro
2330 431 2410 488 βω

1378 483 1579 537 arbitrio,
1607 481 1660 533 ά·
1685 482 1911 541 cnfidentia
1941 483 2061 525 adem
2087 491 2224 541 gratis
2260 488 2400 543 imper·-

1378 544 1536 587 tiam.

1521 647 1579 701 G.
1596 644 1722 699 Caerd.
1748 646 2027 716 Manstoteus
2045 646 2277 716 Pro-Praej.

1977 778 2027 819 R.
2038 772 2136 818 Poll.
2150 777 2293 816 Seme.

1437 889 1664 1006 Eafltlegstr‘e
1679 889 1748 932 nb.
1759 902 1828 945 42·
1846 893 1990 934 secret.
2007 894 2194 948 Congo-eg.
2203 890 2405 946 predifi'ae

1514 962 1534 989 o
1551 975 1565 990 .
1584 962 1628 1004 ¹3
1665 975 1678 990 .

1580 1186 1629 1227 D
1679 1184 1715 1226 E
1774 1186 1812 1226 C
1871 1185 1912 1227 R
1971 1184 2006 1225 E
2068 1184 2105 1224 T
2163 1183 2204 1224 Ο

1444 1300 1574 1351 Sacrae
1592 1301 1790 1372 Congreg.
1810 1299 2042 1367 Epifiopor.
2058 1292 2330 1367 &Regulam

1377 1430 1456 1483 Ad
1475 1428 1703 1480 instantias
1723 1431 1923 1479 Familiae
1941 1430 2204 1478 Lomellinae
2222 1442 2311 1478 tres
2325 1433 2402 1481 Sa·

1441 1499 1650 1551 cerdotes
1674 1517 1781 1550 cum
1799 1503 1956 1550 Fratre
1987 1503 2125 1549 Laico
2151 1498 2398 1559 inInsula,

1447 1570 1639 1622 Tab‘arca
1686 1583 1942 1639 nuncupata
1958 1572 2234 1619 manuteneri
2249 1569 2326 1626 ,δι
2344 1570 2400 1620 ab

1440 1642 1510 1692 his
1542 1645 1829 1692 Sacramenta
1860 1639 2161 1690 administrati
2192 1641 2400 1691 concedi-

1443 1727 1519 1763 tur
1535 1748 1549 1762 a

1518 1840 1958 1884 BEArlsSIME
1999 1840 2253 1882 PATER.

1493 1946 1744 1992 Gnoscentes
1771 1948 1964 1989 Oratores
1986 1945 2205 1989 Lomellini
2218 1974 2234 1996 ‚
2257 1944 2393 1988 Patri-

1368 2063 1488 2107 barca
1499 2004 2260 2121 ntgnngtaggxg’seffibssssiggxgxsffl³331?
2272 2006 2394 2103 :iggi-

1369 2133 1456 2164 tum
1471 2151 1486 2175 ‚
1513 2124 1621 2181 quod
1648 2123 1693 2164 iis
1713 2121 1931 2171 incumbit,
1954 2131 2127 2176 urgente
2157 2117 2394 2162 necestitate

1369 2182 1610 2237 providendi
1622 2180 1850 2237 opportune
1863 2176 2012 2222 Cultui
2025 2178 2173 2221 Divino
2189 2206 2204 2229 2
2230 2179 2270 2221 δι
2287 2191 2392 2220 curae

1367 2239 1560 2294 spirituali
1584 2241 1806 2283 animarum
1834 2240 1874 2279 in
1903 2234 2007 2279 dieta
2043 2236 2164 2279 insula
2204 2236 2391 2279 habitan-

1368 2300 1469 2340 tium
1484 2327 1499 2350 ,
1529 2298 1597 2342 ubi
1636 2297 1767 2340 nullus
1796 2297 1852 2340 est
1880 2295 2147 2351 Regularium
2172 2294 2294 2340 Ordo
2311 2322 2326 2345 ‚
2353 2296 2393 2336 &

1370 2357 1516 2412 pauci,
1545 2358 1612 2413 qui
1643 2358 1696 2399 ibi
1721 2357 1832 2406 sunt,
1857 2353 2094 2397 Sacerdotes
2112 2382 2126 2403 ,
2161 2351 2387 2408 hujusmodi

1370 2415 1587 2458 ministerio
1601 2415 1838 2459 minussunt
1858 2412 1941 2468 apti
1968 2439 1982 2463 ‚
2018 2413 2226 2455 Sanctitati
2245 2412 2394 2461 Vestra

1368 2473 1592 2516 humillime
1604 2472 1829 2529 supplicant
1842 2484 1917 2528 pro
1932 2471 2059 2523 gratia
2073 2498 2093 2520 ,
2113 2479 2310 2526 quatenus
2338 2468 2388 2511 ad

1368 2533 1473 2574 hunc
1501 2530 1620 2574 finem
1634 2530 1860 2585 obsequiis,
1890 2530 1927 2568 δι
1953 2527 2163 2570 assistentia
2194 2526 2390 2581 spirituali

1365 2591 1549 2633 Fratrum
1583 2588 1884 2644 Capucinorum
1916 2585 2134 2626 Provinciae
2150 2584 2386 2639 Januenfis2

1362 2661 1458 2702 erga
1470 2659 1570 2701 quos
1585 2645 1753 2703 populus
1766 2645 1877 2687 dietae
1886 2640 2032 2685 {nsulae
2046 2642 2237 2696 peculiari
2251 2640 2385 2684 fertur

1361 2705 1579 2748 devotione
1593 2731 1610 2754 ,
1622 2703 1679 2745 uti
1697 2702 1854 2745 valeant
1869 2729 1882 2752 ‚
1903 2702 1943 2741 δι
1958 2698 2079 2741 ideo&
2096 2702 2271 2742 Paterno
2285 2702 2387 2741 San-

1359 2763 1508 2804 &itatis
1531 2761 1678 2803 Vestrae
1692 2760 1813 2808 zelo,
1830 2758 2012 2803 Ministro
2038 2755 2280 2799 Provinciali
2303 2770 2389 2799 me-

1362 2830 1525 2862 moratae
1538 2818 1759 2862 Provinciae
1782 2812 1953 2859 facultas
1982 2813 2231 2857 concedatur
2261 2813 2388 2869 depu-

1364 2878 1506 2929 tandi,
1531 2878 1569 2918 &
1586 2875 1877 2919 manutenendi
1892 2875 1929 2915 in
1945 2873 2049 2915 dieta
2063 2871 2195 2915 Insula
2211 2882 2293 2913 tres
2310 2876 2387 2914 Sa-

1364 2935 1553 2978 cerdotes
1570 2948 1662 2977 cum
1677 2937 1819 2977 Fratre
1834 2932 1964 2981 laico,
1990 2930 2045 2972 ita
2073 2939 2206 2972 tamen
2220 2957 2236 2980 ‚
2267 2938 2309 2973 ut
2344 2931 2384 2971 in

1365 2994 1435 3044 iis,
1446 3007 1531 3049 qua:
1547 2993 1792 3048 Regularem
1805 2988 2100 3032 observantiam
2115 2998 2384 3039 concernunt,

1366 3050 1668 3108 ajurisdietione
1687 3052 1729 3092 Ρ.
1749 3046 2011 3092 Provincialis
2024 3074 2039 3097 ,
2053 3046 2092 3087 in
2109 3046 2197 3088 aliis
2212 3056 2349 3088 autem
2365 3075 2382 3101 ,

1366 3125 1451 3166 quae
1464 3109 1682 3165 respiciunt
1694 3105 2076 3149 administrationem
2091 3106 2381 3147 sacramento-

1365 3181 1455 3211 rum
1470 3196 1486 3219 ,
1510 3170 1548 3210 δι
1571 3179 1710 3210 curam
1721 3165 1942 3208 animarum
1955 3163 2045 3220 ipsis
2065 3161 2353 3205 conterendam
2366 3188 2385 3210 ,

1364 3228 1387 3270 a
1401 3225 1668 3280 jurisdictione
1683 3226 1736 3266 D.
1747 3221 1873 3266 Card.
1890 3219 2382 3275 ArchiepiscopiJanuen-

1366 3283 1412 3326 fis
1432 3298 1483 3326 eo
1494 3282 1614 3326 modo
1626 3280 1885 3336 dependeant
1897 3306 1912 3330 ‚
1926 3294 2008 3335 quo
2030 3278 2093 3320 vel
2106 3277 2169 3319 alii
2184 3282 2242 3319 Ca
2246 3278 2385 3333 pucioi

1367 3342 1544 3397 ejusdem
1561 3341 1779 3384 Provincia.-
1792 3368 1815 3390 „
1826 3339 1958 3392 Januae
1985 3340 2238 3379 Sacramenta
2252 3335 2383 3379 admi-

1369 3399 1606 3450 nistrantes,
1628 3400 1666 3441 δι
1692 3401 1799 3441 afrus
1828 3394 2082 3438 parochiales
2110 3404 2351 3437 exercentes
2367 3423 2381 3446 ,
2417 3414 2426 3422 -

1368 3457 1436 3500 vel
1450 3457 1695 3511 quicumque
1711 3456 1783 3499 alii
1797 3454 2021 3509 Regulares
2035 3479 2050 3502 ‚
2076 3454 2114 3493 in
2144 3451 2382 3496 Dioeceseos

1367 3515 1541 3558 districtu
1554 3542 1569 3565 ‚
1592 3513 1815 3568 hujusmodi
1833 3512 1962 3553 munia
1978 3511 2177 3552 obeuntes
2192 3537 2206 3559 ,
2233 3513 2257 3554 ὲ
2280 3525 2380 3566 quo-

1365 3586 1535 3629 cumque
1546 3571 1760 3616 Ordinario
1773 3569 2160 3627 dependent-Qam
2177 3569 2289 3611 Deus
2302 3571 2379 3612 &c-

1420 3691 1542 3732 sacra
1556 3688 1816 3744 congregatio
1830 3682 2230 3743 Eminenelfflmotum,
2242 3684 2295 3734 ῥυ
2307 3685 2383 3725 Re·

1361 3744 1707 3803 verendffmorun
1720 3750 1758 3788 5.
1777 3749 1823 3787 R.
1841 3749 1887 3846 lg
1898 3744 2177 3843 gramalium
2192 3741 2351 3845 negogfs
2363 3767 2381 3792 ,
