2774 4068
1122 236 1647 326 ‘Ma’r'chiaes

307 353 455 397 eadem
485 352 728 399 auctoritate
748 349 881 395 nostra
908 349 1134 395 decernas.
1171 359 1223 397 Et
1242 357 1345 397 nihi-

307 412 486 457 lominus
514 413 651 457 eidem
675 410 919 456 Alexandro
945 409 1053 465 apud
1069 415 1155 453 Nos
1183 412 1237 454 de
1265 417 1348 456 vita

305 473 348 515 δι
376 486 535 518 ntorum
557 469 799 521 honestate,
828 466 997 524 aliisque
1025 471 1244 524 probitatis
1264 500 1277 519 ,
1307 475 1348 515 &

305 532 508 575 virtutum
538 529 696 572 meritis
715 527 1003 585 multipliciter
1023 530 1317 574 commendato
1331 559 1346 583 ,

304 591 452 639 horum
476 588 629 632 iutuitu
656 583 876 645 specialem
900 588 1072 643 gratiam
1103 586 1242 630 facere
1277 604 1349 633 vo-

304 650 441 694 lentes
455 674 471 699 ‚
485 646 711 692 Ecclefiam
724 674 739 698 ,
764 647 831 692 seu
847 646 1064 703 Capellam
1091 649 1316 703 praeuieiam
1332 678 1347 701 ,

306 720 393 767 quae
415 706 542 750 etiam
581 708 664 751 fine
701 721 798 752 cura
827 706 959 750 exiliit
981 734 997 758 ,
1027 707 1068 750 δι
1098 706 1351 762 personalem

307 763 574 812 relidentiam
612 780 692 810 non
733 767 905 823 requirit
931 795 946 819 ‚
977 779 1022 808 ac
1048 764 1194 822 cujus,
1221 767 1257 807 δι
1289 766 1348 809 illi

306 824 439 870 forsan
462 838 716 871 annexorum
730 824 887 870 fruetus
902 853 918 877 ,
947 823 1137 868 redditus
1152 854 1168 878 ,
1197 826 1350 880 &pro-

306 890 456 929 ventus
467 912 485 936 ,
497 886 623 929 etiam
650 896 817 931 centum
831 884 1071 928 ducatorum
1090 882 1273 928 liiniliurn
1289 884 1352 926 se-

306 941 486 989 cundum
509 945 811 990 estimationem
837 942 1067 1001 praedictam
1085 971 1099 996 ,
1131 943 1347 989 valorem..

307 1015 515 1058 annuum,
546 1015 591 1048 ut
618 1004 746 1049 etiam
773 1003 986 1055 afferitur,
1013 1017 1094 1045 non
1119 1003 1347 1054 excedunt,

307 1075 361 1107 ex
385 1075 521 1115 nunc,
541 1078 616 1120 pro
640 1075 832 1110 extunc,
862 1063 1084 1105 &econtra
1111 1064 1356 1118 postquam-e
1377 1117 1380 1120 ι

307 1124 450 1165 erecta
481 1119 611 1167 fuerit
626 1151 640 1175 ,
667 1133 711 1166 ut
733 1119 950 1179 praefertur
964 1150 979 1173 ,
999 1120 1022 1164 ἃ
1048 1122 1233 1177 primaeva
1248 1123 1356 1164 illius

309 1181 523 1225 erectione
537 1211 552 1235 ,
563 1184 604 1226 δι
619 1181 872 1225 institutione
887 1179 1117 1237 hujusmodi
1138 1191 1351 1224 vacantem

309 1238 422 1283 dieto
442 1236 680 1285 Alexandro
695 1268 710 1293 ,
739 1240 984 1285 auctoritate
1011 1241 1141 1284 nostra
1165 1241 1353 1297 praedifita

309 1295 512 1350 conferas,
525 1299 758 1356 &affignes,
770 1298 966 1346 inducens
980 1312 1053 1355 per
1070 1299 1220 1350 're-,vel
1232 1300 1358 1342 alium

312 1358 384 1402 scu
411 1357 514 1401 alios
539 1358 719 1403 eundem
747 1358 1025 1403 Alexandrum
1046 1386 1063 1412 ,
1104 1358 1174 1401 vel
1203 1361 1356 1402 Procu-

307 1427 493 1460 ratorem
526 1419 634 1461 suum
669 1419 756 1475 ejus
789 1418 953 1461 nomine
988 1419 1027 1461 in
1060 1419 1356 1474 corporalem...

308 1472 589 1533 polsel'lionem
609 1477 801 1522 Ecclcfiae
815 1505 831 1526 .
861 1475 927 1520 seu
939 1477 1121 1534 Capella:
1152 1483 1193 1521 S.
1213 1476 1355 1527 Blasii,

308 1549 359 1580 ac
373 1548 623 1579 annexorum
639 1565 654 1589 ,
668 1536 899 1594 iuriumque
918 1566 935 1590 ,
963 1538 1000 1580 δι
1021 1537 1360 1594 pertinentiarum

311 1592 603 1652 praedit‘torum
618 1622 634 1646 ,
658 1597 700 1639 δι
719 1594 948 1640 defendens
970 1595 1174 1639 inductum
1188 1626 1204 1649 ‚
1233 1610 1280 1638 ac
1298 1593 1360 1637 fa-

310 1654 424 1697 ciens
453 1654 592 1698 etdem
606 1655 847 1698 Alexandro
875 1654 928 1699 de
945 1655 1135 1699 Eccleliae
1150 1684 1166 1712 ,
1193 1656 1258 1698 vel
1275 1658 1359 1698 Ca-

312 1712 432 1769 pellae
474 1718 516 1758 S.
542 1714 657 1756 Blafii
678 1740 694 1764 ,
725 1729 771 1757 ac
798 1727 1053 1758 annexorum
1087 1714 1360 1757 eorundem.)

312 1771 540 1824 fructibus,
563 1771 824 1824 redditibus,
850 1774 1154 1828 proventibus,
1185 1773 1359 1831 juribus,

311 1831 354 1874 δι
372 1830 692 1877 obventionibus
707 1831 900 1876 univerlis
920 1833 1079 1891 integre
1100 1832 1359 1890 responderi:

310 1891 637 1935 contradictores
650 1893 894 1937 auctoritate
920 1892 1054 1937 nostra
1067 1922 1085 1945 ,
1110 1891 1358 1949 appellatio»-

309 1962 364 2008 ue
393 1950 608 2006 postposita
627 1980 645 2004 ,
675 1952 1094 2008 compescendo:non
1106 1950 1357 1995 obstantibus

306 2009 509 2066 praemiffis
525 2038 541 2063 ,
570 2025 617 2052 ac
631 2039 646 2062 ,
667 2023 869 2066 quatenus
888 2026 988 2066 opus
1004 2012 1050 2055 fit
1066 2042 1081 2065 ,
1102 2013 1250 2056 Nostra
1259 2008 1359 2057 'de-

315 2069 588 2124 exprimendo
603 2084 703 2112 vero
715 2084 851 2113 annuo
867 2071 1013 2116 valore
1027 2070 1249 2116 secundum
1261 2070 1359 2112 aeffi-

308 2128 535 2172 mationem
553 2129 729 2173 eandem
744 2158 760 2182 ,
772 2132 813 2173 δι
824 2134 1072 2174 Lateranen.
1088 2130 1266 2174 Concilii
1286 2143 1359 2171 no·

309 2184 463 2229 viffime
491 2187 691 2232 celebrati
713 2218 727 2241 ,
754 2203 918 2232 necnon
945 2189 1017 2232 fel.
1046 2204 1130 2233 rec.
1159 2187 1358 2233 Bonisacii

308 2247 424 2301 Papae
438 2247 557 2290 Vnt.
574 2245 881 2290 Praedecefforis
898 2248 1038 2291 Nostri
1055 2277 1067 2299 ‚
1080 2247 1247 2304 aliiffiuc
1261 2248 1355 2303 qui-

308 2304 444 2348 busvis
476 2306 848 2351 constitutionibus
882 2334 897 2358 ,
937 2308 978 2348 δι
1012 2307 1356 2351 Ordinationibus

311 2363 559 2419 Apostolicis
577 2392 594 2418 ,
634 2366 764 2409 etiam
785 2366 824 2408 in
848 2364 1149 2421 synodalibus,
1181 2366 1357 2408 Provin-

301 2423 474 2468 cialibus
500 2451 516 2475 ,
546 2433 671 2479 atque
714 2423 1007 2468 universalibus
1036 2425 1234 2469 conciliis
1271 2424 1360 2467 edi-

309 2483 362 2527 tis
387 2513 404 2535 ,
430 2497 475 2526 ac
490 2480 691 2535 edendis,
707 2482 947 2541 specialibus
964 2511 980 2535 ,
1003 2486 1045 2526 &
1070 2483 1361 2540 generalibus,

309 2541 533 2585 contrariis
559 2541 891 2600 quibuscunque.
924 2545 1012 2587 Aut
1038 2546 1064 2586 st
1090 2544 1214 2600 aliqui
1241 2545 1360 2599 super

308 2599 644 2653 Provifionibus,
678 2600 747 2644 libi
772 2599 993 2655 faciendis,
1024 2603 1082 2646 de
1111 2601 1360 2659 hujusmodi,

310 2659 381 2704 vel
408 2659 499 2703 aliis
525 2658 737 2703 beneficiis
754 2661 1042 2705 Ecclefiasticis
1068 2662 1106 2703 in
1139 2661 1221 2704 illis
1235 2661 1356 2717 parti.

308 2718 388 2762 bus
411 2715 645 2774 speciales,
676 2720 745 2763 vel
773 2720 983 2776 generales
1005 2721 1119 2762 dietae
1145 2719 1262 2764 Sedis
1285 2727 1359 2762 aut

311 2780 567 2833 Legatorum
597 2777 686 2834 ejus
702 2779 865 2823 litteras
882 2780 1172 2837 impetrarint,
1202 2776 1355 2822 etiamli

310 2849 390 2895 per
414 2849 483 2880 eas
510 2837 563 2880 ad
589 2838 906 2891 inhibitionem,
937 2837 1255 2881 reservationem
1271 2865 1286 2887 ,
1315 2837 1357 2877 δι

310 2897 541 2938 Decretum
566 2923 582 2947 ,
612 2897 679 2939 vel
712 2897 814 2942 alias
843 2896 1155 2953 quomodolibet
1187 2897 1231 2939 fit
1256 2909 1355 2952 pro-

310 2952 491 3004 cessum,
513 2967 610 3011 quas
686 2954 798 2998 idem
815 2955 982 3007 literas,
1013 2956 1052 2998 8(
1068 2952 1263 3013 precelsus
1289 2956 1358 2997 ha-

312 3013 426 3057 bitos
455 3027 527 3068 per
551 3011 632 3055 eas
651 3026 747 3062 em,
776 3015 936 3057 scinde
950 3013 1088 3058 secuta
1105 3027 1357 3071 quecunque

315 3072 367 3116 ad
398 3073 558 3128 primo,
587 3073 627 3114 δι
653 3070 829 3115 secundo
852 3072 981 3116 dictas
1011 3074 1214 3116 Ecclefias
1244 3073 1359 3116 volu-

315 3144 406 3174 mus
436 3145 515 3174 non
538 3130 742 3179 extendi,
771 3130 839 3173 sed
871 3131 1029 3175 nullum
1061 3145 1136 3188 per
1167 3133 1243 3174 boc
1269 3132 1359 3184 eis,

311 3189 450 3246 quoad
462 3189 751 3233 assecutionem
766 3189 1057 3235 beneficiorum
1079 3189 1251 3233 aliorum
1266 3204 1364 3247 prae-

314 3247 513 3293 ‘odicium
530 3249 736 3307 generari,
747 3249 861 3301 seu,si
876 3264 952 3307 pro
972 3261 1161 3305 tempore
1174 3249 1363 3293 existenti

355 3306 891 3366 piscopoCamerinenii,vel
906 3307 1110 3365 quibusvis
1120 3307 1363 3354 aliiscoffm.

311 3366 765 3419 munitatibus,coffiuni
771 3379 833 3410 ter
845 3377 912 3410 aut
923 3367 1079 3412 divilim
1092 3368 1144 3410 ab
1154 3366 1302 3411 cadem
1314 3370 1360 3410 fit

311 3423 424 3470 Sede
451 3426 690 3479 indultum,
717 3426 825 3483 quod
850 3426 897 3469 ad
923 3426 1209 3483 receptionem
1230 3456 1246 3479 ,
1290 3426 1358 3470 vel
1415 3451 1419 3456 ·

311 3485 584 3541 provisionem
613 3486 785 3545 alicujus
824 3486 988 3528 minime
1027 3495 1249 3529 teneantur
1272 3514 1288 3537 ‚
1318 3486 1358 3528 δι

311 3541 368 3585 ad
394 3543 438 3587 id
464 3546 691 3602 compelli,
726 3557 796 3589 aut
813 3545 919 3603 quod
943 3543 1162 3597 interdici,
1192 3543 1357 3599 suspen·

313 3600 358 3644 di
370 3627 388 3654 ,
417 3601 484 3647 vel
501 3606 846 3649 excommunicari
863 3620 945 3648 non
959 3602 1101 3659 potsunt
1116 3631 1131 3655 ,
1161 3601 1354 3660 quodque

313 3658 371 3702 de
394 3658 622 3716 huiusmodi
644 3665 712 3707 vel
735 3665 824 3708 aliis
848 3661 1056 3709 beneficiis
1072 3660 1355 3705 Ecclesiasticis

313 3717 367 3763 ad
382 3731 535 3762 eorum
548 3722 817 3767 collationem
832 3753 847 3777 ,
865 3721 1133 3780 provisionem
1144 3749 1159 3771 ‚
1181 3717 1352 3775 praesen·

315 3779 551 3831 tationem,
584 3778 649 3825 seu
680 3785 868 3840 quamvis
907 3782 1028 3827 aliam
1060 3778 1359 3836 dispositionem

315 3835 568 3895 conjunftim
585 3867 600 3891 ,
632 3842 698 3886 vel
715 3841 937 3900 separatim
961 3839 1233 3898 spectantibus
1259 3837 1358 3882 nulli

436 3900 542 3942 Toni.
560 3900 616 3942 11.

1413 359 1574 400 valeant
1591 353 1806 411 provideri
1822 367 1897 410 per
1913 354 2075 397 Literas
2094 274 2360 411 Apostolicg,
2375 375 2454 404 non

1411 414 1607 459 facientes
1636 415 1822 468 plenam,
1853 414 1890 455 δι
1915 412 2140 467 expreffam
2160 444 2175 466 ,
2208 433 2255 460 ac
2285 419 2340 461 de
2367 433 2459 463 ver.

1410 477 1463 516 bo
1490 474 1539 518 ad
1570 474 1741 515 verbum
1763 474 1817 515 de
1834 471 1999 514 indulto
2026 470 2249 527 hujusmodi
2284 480 2465 522 mentio.

1408 547 1524 575 nem.
1560 534 1614 575 Et
1637 531 1826 586 quilibet
1849 529 2064 573 alia-dietae
2090 532 2209 573 §eds
2240 534 2466 591 indulgen-

1411 591 1467 633 tifi
1484 590 1698 647 generali,
1730 590 1796 632 vel
1825 586 2310 645 speciali,cujustunque
2340 607 2466 639 tene.-

1411 651 1464 692 ris
1480 649 1621 691 exiliat
1639 677 1655 698 ,
1687 662 1761 703 per
1774 662 1895 704 quam
1913 647 2173 701 praesentibus
2205 662 2284 689 non
2300 652 2464 707 expres-

1416 710 1494 752 fitm
1509 736 1524 758 ,
1543 706 1608 749 vel
1628 709 1819 750 totaliter
1831 720 1911 750 non
1929 705 2123 749 insertam
2138 705 2305 749 effeetus
2321 723 2464 753 earum

1414 765 1603 821 impediri
1636 765 1769 808 valeat
1802 765 2114 823 quomodolibet
2142 793 2156 816 ,
2190 765 2256 807 vel
2280 767 2464 811 differri.

1415 827 1469 875 Et
1495 824 1548 866 de
1571 837 1649 880 qua
1665 823 1889 883 ,cujusque
1902 836 1994 868 toto
2018 834 2167 867 tenore
2198 824 2385 867 habenda
2419 826 2466 870 fit

1411 885 1452 926 in
1470 884 1611 925 nostris
1629 883 1783 926 litteris
1801 885 1960 927 mentio
1987 882 2169 940 specialis
2186 911 2196 923 .
2224 886 2432 927 Caeterum
2448 915 2463 936 ,

1411 957 1462 986 ne
1476 943 1602 992 ,dum
1620 940 1807 998 prodeffe
1829 942 2059 995 studemus,
2073 942 2207 999 aliqua
2233 939 2343 985 forte
2362 945 2463 987 irre-

1410 1013 1480 1061 pat
1499 1002 1693 1058 iniquitas
1713 1002 1752 1044 in
1772 1002 1978 1046 excidium
1996 1002 2239 1045 Animarum
2254 1031 2269 1054 ,
2289 1004 2350 1044 Tu
2378 1003 2463 1046 istic

1418 1062 1579 1106 attenti:
1610 1061 1908 1118 circumspicias
1933 1091 1946 1114 ,
1979 1076 2028 1104 an
2055 1075 2104 1105 ex
2133 1071 2255 1117 parte
2284 1061 2469 1104 Alexan·

1417 1121 1483 1164 dri
1501 1151 1516 1173 ,
1547 1135 1594 1164 ac
1614 1122 1963 1172 communitatis,
1981 1122 2016 1162 81
2036 1122 2256 1163 Hominum
2271 1149 2286 1171 ,
2303 1133 2467 1163 necnon

1416 1181 1680 1237 buperiorum
1709 1180 1937 1239 hujusmodi
1966 1181 2006 1223 in
2037 1179 2259 1236 supradicta
2287 1178 2471 1235 refigna-

1418 1241 1544 1292 tione,
1560 1253 1604 1285 ut
1624 1239 1765 1290 fieret,
1777 1255 1896 1296 quam
1914 1240 2120 1284 nosnullo
2136 1237 2343 1295 hucusque
2365 1237 2469 1281 vitio

1420 1302 1610 1343 laborare
1632 1298 2014 1356 deprehendimus,
2047 1295 2323 1342 intercesserit
2350 1295 2470 1354 fimo·

1418 1360 1492 1402 niae
1519 1359 1662 1406 labes,
1693 1371 1759 1401 aut
1778 1359 1916 1416 aliqua
1934 1359 2013 1402 alia
2037 1358 2184 1400 illicita
2212 1357 2374 1414 pactio,
2391 1356 2465 1400 vel

1418 1419 1545 1464 etiam
1586 1420 1825 1471 corruptela
1854 1449 1865 1460 .
1902 1422 1989 1462 Nos
2018 1417 2180 1473 insuper
2209 1416 2345 1473 quoad
2376 1415 2471 1459 reii-

1419 1478 1652 1533 gnationem
1695 1477 1921 1534 hujusmodi
1964 1505 1978 1528 ,
2032 1487 2153 1532 prout
2204 1476 2262 1520 est
2290 1504 2305 1527 ,
2335 1476 2362 1517 si
2402 1487 2467 1519 at-

1421 1547 1627 1581 tentatum
1654 1534 1783 1579 forsan
1811 1538 1867 1579 est
1884 1567 1900 1588 ,
1930 1538 2153 1587 haetenus,
2183 1536 2251 1577 vel
2278 1535 2470 1591 imposte-

1420 1611 1543 1648 rum,
1574 1597 1658 1650 quo
1691 1597 1792 1640 vero
1818 1596 1867 1638 ad
1895 1595 1971 1637 alia
1987 1593 2181 1651 praemiffa
2215 1607 2265 1636 ex
2292 1592 2467 1646 nunc,st

1419 1656 1532 1701 secus
1562 1657 1679 1709 super
1701 1657 1791 1707 his,
1822 1657 1844 1696 a
1868 1669 2118 1716 quocunque
2135 1655 2275 1711 quavis
2290 1653 2469 1695 austori-

1418 1726 1508 1758 tate
1525 1745 1541 1767 ,
1573 1713 1776 1763 scienter,
1810 1715 1875 1755 vel
1898 1714 2138 1769 ignoranter
2160 1713 2390 1769 contigerit
2407 1721 2469 1755 at-

1420 1776 1593 1826 tentari,
1608 1776 1768 1816 irritum
1784 1802 1798 1824 ,
1812 1773 1986 1815 &inane
2000 1772 2261 1821 decernimus
2275 1801 2286 1813 .
2315 1774 2470 1819 Datum

1422 1836 1564 1877 Romae
1584 1833 1689 1890 apud
1724 1837 1763 1875 S.
1780 1831 1958 1875 Mariam
1978 1831 2179 1890 Majorem
2191 1834 2311 1874 Anno
2327 1833 2471 1873 Incar-

1420 1893 1598 1938 nationis
1631 1892 1854 1934 Dominicae
1879 1921 1895 1942 ,
1928 1890 2147 1935 millesimo
2174 1889 2470 1934 sexcentesimo

1420 1952 1787 2009 decimoseptimo,
1797 1951 2114 2007 quartodecimo
2126 1949 2335 1993 Kalendas
2349 1951 2470 1991 OCto.

1421 2012 1533 2064 bris,
1563 2009 1827 2054 Pontificatus
1847 2010 2121 2054 NostriAuno
2146 2009 2467 2052 tertiodecimo·

1615 2127 1688 2168 Pro
1701 2126 1936 2179 Illustruffimo,
1952 2127 1996 2169 ὁ·
2007 2123 2297 2175 Reverendu'ffimo
2311 2125 2464 2163 Domino

1644 2226 1871 2279 cardinale
1893 2226 2120 2278 Montalto
2137 2224 2397 2276 Summatore
2411 2260 2424 2276 .

1652 2361 1706 2402 A.
1724 2356 2002 2401 Damascenus
2014 2356 2093 2399 &c.

1480 2539 1584 2580 Aut.
1596 2534 1640 2579 in
1655 2535 1831 2582 Archiv·
1844 2538 1988 2578 Semt.
2005 2535 2119 2576 Brev.
2138 2533 2273 2590 Apost-
2286 2543 2382 2576 tout-
2401 2544 2466 2582 ¹7·

1540 2598 1648 2639 Bau.
1682 2595 1791 2639 Pauli
1813 2596 1852 2636 V.
1873 2591 1955 2648 fol.
1980 2604 2109 2644 4¹7·‚
2140 2592 2191 2639 ὸ·
2217 2596 2262 2633 t‘n
2293 2591 2467 2636 Archivo

1535 2659 1683 2696 secret.
1720 2656 1904 2695 Vaticano
1917 2676 1932 2701 ,
1965 2661 2017 2690 ac
2036 2651 2081 2690 in
2108 2649 2287 2693 Archiam
2311 2651 2467 2691 Secreto

1540 2707 1849 2754 communitatis
1861 2735 1874 2750 .

1597 3070 1632 3112 E
1696 3068 1729 3110 P
1786 3068 1808 3109 1
1870 3068 1898 3110 S
1960 3066 1999 3108 T
2059 3066 2101 3107 Θ
2159 3065 2194 3107 L
2246 3064 2284 3104 Α

1461 3188 1597 3240 Sacrae
1621 3184 2124 3256 CongregatAEpisbopor.
2145 3184 2200 3232 &⁶
2220 3181 2426 3248 Regular-

1424 3321 1603 3371 Fratres
1637 3321 1683 3369 in
1719 3314 2029 3369 confessarios
2076 3301 2463 3363 extraordinarios

1487 3390 1772 3442 Monialium
1816 3386 2023 3438 Rccincti
2063 3381 2308 3451 deputari,
2343 3378 2463 3431 arbi-

1490 3465 1585 3513 trio
1601 3466 1661 3512 D.
1679 3460 1823 3510 Card.
1842 3462 1997 3509 Roma
2025 3452 2278 3503 remittitur
2296 3487 2310 3501 .
2364 3519 2368 3521 -

1543 3602 1745 3644 Emittunt
1775 3595 2025 3641 niustrimmi
2053 3594 2220 3637 Dontini
2249 3592 2359 3641 mei,
2389 3605 2455 3633 ar-

1568 3660 1693 3701 bitrio
1720 3654 1989 3701 Illustriffimae
2035 3654 2340 3696 Dominationis
2369 3653 2455 3692 Vc-

1417 3719 1500 3759 llrae
1525 3717 1751 3773 deputandi
1792 3718 1951 3758 Fratres
1988 3713 2221 3771 Capucinos
2264 3713 2303 3755 in
2340 3712 2453 3776 Con-

1420 3774 1598 3818 selsarios
1625 3772 1974 3818 extraordinarios
2001 3772 2243 3816 Monialium
2270 3773 2451 3823 Capuci·

1420 3848 1560 3878 narum
1573 3834 1685 3878 illius
1701 3834 1893 3878 Civitatis
1909 3859 1926 3883 ,
1954 3831 2009 3876 ita
2024 3841 2189 3885 tamen,
2204 3841 2246 3874 ut
2264 3829 2339 3872 lint
2354 3833 2447 3892 att·

1862 3894 1931 3937 Aa
1962 3903 1987 3935 a
2338 3894 2389 3926 us
