2710 4108
387 235 562 322 410

320 325 444 374 tiissta
451 341 487 367 m
499 320 772 379 spiritualibus
783 349 796 373 ,
806 335 924 378 quam
940 322 1244 376 temporalibus,
1258 321 1349 375 qui·

317 386 391 427 bus
407 385 483 426 alia
497 382 597 423 disti
611 381 775 423 Ordinis
793 381 1027 423 Monialium
1044 380 1280 422 Monasteria
1295 380 1348 420 de

315 443 429 500 jure,
444 439 750 488 consuetudine,
764 439 1008 494 antiquitate
1021 467 1036 490 ,
1054 447 1122 480 aut
1136 438 1233 479 alias
1249 450 1349 492 quo-

315 499 542 545 modolibet
569 507 738 540 utuntur
759 526 774 549 ,
806 498 1012 552 potiuntur
1033 526 1045 548 ,
1076 499 1116 538 &
1141 495 1316 551 gaudent
1332 522 1347 545 ,

316 574 364 603 ac
380 559 462 608 uti,
477 558 622 613 potiri,
645 555 687 596 δι
701 557 878 610 gaudere
893 553 1047 609 possunt
1059 584 1071 606 ,
1102 557 1140 596 δι
1155 564 1345 610 poterunt

315 616 624 675 quomodolibet
638 615 676 655 in
694 612 976 669 futurum2ipsae
993 614 1263 670 pariformiter
1276 639 1290 662 ,
1306 613 1346 653 ἃ.

316 676 427 731 atque
443 674 718 730 principaliter
734 673 772 714 in
789 673 972 715 omnibus
989 701 1002 724 ,
1032 674 1070 713 &
1101 686 1173 727 per
1184 671 1347 713 omnia„

317 736 463 790 absque
479 732 559 774 ulla
579 730 734 786 penitus
759 731 1017 782 differentiae,
1036 744 1083 772 ac
1111 730 1134 772 si
1163 727 1344 784 speciali-

318 804 383 836 ter
398 821 410 842 ,
440 793 479 832 &
505 789 714 844 expresse,
745 803 788 830 ac
806 787 901 832 alias
916 789 1151 831 nominatim
1166 817 1180 840 ,
1205 789 1243 828 &
1260 786 1343 840 spe-

317 848 433 894 cifice
465 849 541 891 illis
569 845 749 888 concessa
777 844 933 889 fuissent
958 876 971 898 ,
1003 846 1093 897 uti,
1124 847 1273 901 potiri,
1304 845 1344 885 δε

316 907 494 965 gaudere
519 905 654 959 possint
677 935 689 955 ‚
719 905 932 947 &valeant
951 934 964 956 ‚
993 904 1095 946 dicti
1113 903 1340 946 Austorira-

315 977 359 1010 te
379 964 602 1021 Apostolica
617 965 669 1005 de
683 963 839 1018 speciali
862 964 988 1018 gratia
1009 964 1280 1017 indulgemus.

376 1028 652 1066 Decet-nentes
668 1022 877 1076 praesentes
894 1022 1029 1063 literas
1052 1022 1102 1063 de
1119 1019 1333 1075 surreptio-

317 1084 405 1133 nis,
435 1081 498 1123 seu
530 1080 726 1123 nullitatis
755 1080 877 1131 vitio,
909 1090 976 1121 aut
1006 1080 1233 1122 intentionis
1257 1093 1331 1121 no-

317 1142 427 1191 flrae,
461 1139 523 1182 vel
553 1139 738 1194 quopiam
771 1137 850 1178 alio
877 1138 1037 1179 defectu
1070 1138 1198 1181 notari
1227 1166 1240 1186 ,
1271 1134 1335 1179 seu

315 1197 565 1254 impugnari,
597 1205 662 1239 aut
689 1195 782 1238 alias
808 1196 1118 1250 quomodolibet
1148 1195 1336 1250 infringi,

319 1257 383 1300 vel
402 1255 635 1303 retraetari,
667 1264 733 1296 aut
751 1254 873 1294 etiam
894 1253 1100 1307 suspendi,
1135 1253 1338 1301 revocari,

322 1314 531 1368 restringi,
561 1312 749 1362 limitari,
781 1312 843 1353 vel
861 1313 918 1352 eis
938 1313 975 1353 in
990 1314 1122 1368 aliquo
1135 1311 1337 1367 derogari,

317 1382 385 1416 aut
400 1371 448 1413 ad
465 1371 565 1412 viani
580 1398 594 1420 ,
626 1371 664 1411 &
679 1370 986 1426 terminosJuris
1003 1371 1165 1422 reduci,
1200 1369 1280 1412 five
1297 1370 1337 1411 in

314 1434 408 1489 Jus,
442 1426 835 1471 velcontroverfiam
862 1429 1025 1482 vocari,
1057 1438 1123 1472 aut
1152 1427 1336 1471 adversus

316 1502 384 1532 eas
404 1484 776 1543 quodcunquejuris
793 1516 807 1535 ‚
840 1485 903 1527 vel
926 1486 1018 1529 facti
1034 1517 1048 1540 ,
1079 1499 1148 1530 aut
1170 1486 1338 1542 justitiae,

317 1545 383 1591 vel
413 1545 548 1602 gratiae
578 1545 798 1586 remedium
837 1545 1024 1588 intentari
1053 1575 1067 1598 ‚
1109 1545 1338 1602 impetrari,

317 1603 380 1648 vel
396 1602 580 1653 concedi,
599 1601 821 1644 nullatenus
838 1617 1009 1658 unquam
1031 1603 1135 1660 posse
1151 1633 1162 1655 ,
1194 1602 1337 1646 sedeas

318 1663 370 1706 ab
382 1661 565 1705 omnibus
582 1661 622 1700 &
646 1659 801 1715 lingulis
819 1688 833 1711 ,
865 1676 961 1717 quos
988 1671 1239 1705 concernunt
1255 1690 1270 1712 ,
1298 1663 1339 1703 δι

318 1729 659 1770 concernent·pro
687 1728 869 1773 ternpore
883 1721 1188 1773 quomodolibet
1219 1721 1256 1761 in
1275 1719 1339 1762 fu-

322 1789 487 1824 turum,
518 1776 806 1818 inviolabiliter
825 1777 1029 1822 observari
1053 1778 1236 1826 debere,
1269 1777 1336 1820 sic-

313 1851 391 1891 que
408 1837 457 1876 ab
483 1833 691 1884 omnibus,
721 1836 760 1875 &
779 1836 937 1891 singulis
962 1836 1112 1879 cen‘bri
1138 1866 1152 1886 ,
1193 1839 1229 1878 &
1253 1838 1339 1879 ita„-

314 1908 388 1949 per
411 1891 665 1947 quoscunque
687 1892 846 1946 Judices
873 1921 887 1943 ,
931 1896 968 1935 δι
1012 1894 1308 1937 Commissarios
1326 1922 1340 1945 ,

312 1954 451 2006 quavis
475 1950 715 1991 auetoritate
737 1947 951 2004 fungentes
977 1981 991 2002 ,
1034 1955 1074 1994 δε
1099 1951 1340 1994 causarum-2

312 2008 460 2051 Palatii
477 2007 697 2061 Apostolici
715 2008 933 2051 Auditores
956 2009 1155 2065 judicari,
1184 2009 1339 2052 &diffi-

314 2067 390 2108 niri
417 2065 592 2108 debere.
626 2068 677 2106 Et
707 2065 963 2108 nihilominus
993 2068 1178 2109 volentes
1208 2068 1338 2110 eidem

312 2124 466 2173 Fabio,
483 2123 561 2177 ‘qui
586 2123 810 2164 testimmi'o
835 2124 1037 2167 Ordinarii
1065 2126 1117 2168 de
1148 2127 1270 2174 Vita,
1300 2127 1340 2166 δι

312 2183 489 2225 moribus
505 2209 518 2230 ,
561 2194 606 2221 ac
635 2180 859 2222 idoneitate
873 2182 1178 2226 commendatur
1193 2212 1206 2234 ,
1231 2183 1337 2240 apud

312 2244 400 2283 Nos
417 2240 469 2280 de
486 2241 571 2280 vitae
597 2252 641 2280 ac
659 2251 812 2280 morum
830 2240 1034 2285 honestate
1059 2241 1223 2296 aliisque
1243 2256 1336 2297 pro-

311 2298 450 2340 bitatis
465 2325 477 2348 ‚
495 2299 531 2338 &
552 2296 741 2339 virtutum
758 2298 913 2341 inei-itis
931 2298 1213 2354 multipliciter
1227 2314 1334 2342 com-

310 2355 533 2405 mendato,
565 2355 706 2396 horum
735 2356 878 2397 intuitu
907 2358 1074 2413 gratiam
1089 2355 1225 2398 facere
1249 2359 1337 2412 spe-

312 2414 493 2463 cialem,
521 2411 668 2453 distam
696 2414 970 2466 capellaniam
999 2441 1013 2463 ,
1043 2413 1184 2469 cujus,
1215 2416 1335 2458 &illi

309 2470 444 2514 forsan
466 2483 711 2511 annexorum
728 2468 901 2521 frustus,
934 2473 1113 2515 redditus
1130 2502 1142 2524 ,
1172 2476 1213 2515 δι
1239 2489 1334 2529 pro·

308 2539 454 2571 ventus
478 2527 1051 2584 vigintiquatuorducatorum
1079 2532 1162 2574 auri
1188 2533 1239 2572 de
1255 2535 1334 2574 Ca-

306 2601 419 2628 mera
450 2586 664 2628 secondum
699 2601 953 2630 communem
982 2589 1288 2631 extimationem
1319 2618 1332 2640 ,

307 2643 488 2686 valorem
516 2657 686 2686 annuum
712 2675 727 2694 ‚
774 2657 816 2686 ut
847 2646 970 2688 dictus
1002 2647 1145 2690 Fabius
1173 2648 1331 2696 aflerit,

306 2716 386 2745 non
419 2701 654 2752 excedunt,
685 2716 706 2743 a
741 2704 923 2757 primaeva
955 2708 1159 2747 erectione
1198 2706 1330 2762 hujus-

303 2759 448 2810 modi,
479 2771 547 2801 aut
571 2761 651 2803 alio
667 2763 804 2815 quovis
830 2763 949 2804 modo
967 2774 1178 2806 vacantem
1195 2792 1209 2815 ,
1240 2779 1330 2807 cum

302 2820 469 2863 annexis
499 2818 750 2874 hujusmodi,
783 2835 829 2862 ac
852 2822 1038 2862 omnibus
1075 2821 1226 2876 juribus
1246 2851 1263 2874 .,
1293 2825 1333 2864 δι

304 2876 555 2933 pertinentiis
583 2876 657 2919 suis
679 2902 695 2923 ι,
724 2879 859 2920 eidem
883 2880 1006 2921 Fabio
1029 2878 1132 2920 dieta
1159 2882 1330 2923 aufiori·

305 2945 392 2978 tate
415 2935 647 2990 Apostolica
671 2934 914 2980 conserimus
931 2965 945 2989 ,
974 2939 1013 2979 8c
1039 2937 1092 2980 de
1122 2937 1191 2980 illa
1206 2940 1330 2981 etiam

306 2994 586 3050 providemus.

360 3053 564 3107 Quocirca
576 3051 734 3093 dilectis
753 3053 861 3095 Filiis
875 3052 1079 3096 causarum
1101 3055 1238 3097 Curiae
1249 3060 1327 3099 Ca-

307 3123 424 3151 merae
441 3110 673 3164 Apostolicae
701 3112 894 3154 Generali
917 3113 1134 3162 Auditori,
1166 3115 1207 3154 &
1222 3117 1325 3155 Prae·

303 3169 429 3223 posito
445 3166 628 3210 Ecclesia
653 3170 797 3211 Senen.
822 3183 868 3211 ac
884 3171 1045 3212 Vicario
1068 3171 1324 3213 Venerabilis

302 3226 455 3267 Fratris
481 3225 599 3266 nostri
628 3227 924 3282 Archiepiscopi
943 3227 1120 3270 Senensis
1150 3230 1186 3270 in
1213 3229 1325 3283 spiri·

302 3284 474 3326 tualibus
490 3283 686 3326 Generaii
710 3298 782 3338 per
796 3284 1024 3338 Apostolica
1049 3285 1193 3343 scripta
1214 3302 1325 3329 man·

299 3341 467 3388 damus,
498 3352 695 3396 quatenus
725 3341 791 3396 ipsi
819 3343 883 3385 vel
906 3343 1013 3394 duo,
1043 3354 1112 3387 aut
1139 3358 1238 3387 unus
1255 3360 1326 3388 eo·

300 3414 392 3440 rum
425 3414 494 3454 per
522 3399 587 3450 le,
620 3399 685 3442 vel
708 3401 859 3451 alium,
890 3398 953 3441 seu
980 3403 1082 3444 alios
1104 3402 1228 3456 ipsum
1257 3405 1327 3445 Fa-

303 3457 413 3498 bium
433 3486 444 3505 ,
476 3458 539 3498 vel
558 3459 868 3500 Procuratorem
891 3461 1000 3501 suum
1019 3461 1183 3502 nomine
1204 3460 1323 3503 suoin

301 3516 554 3569 corporalem
573 3512 841 3569 pnffeffionem
856 3517 1122 3572 capellaniae,
1153 3521 1323 3562 &anne-

300 3586 474 3621 xor-uni,
506 3573 727 3629 iuriunique
753 3575 792 3614 &
822 3577 1149 3628 pertinentiarum
1175 3577 1324 3632 praedi-

299 3633 450 3671 (tirum
474 3632 661 3675 inducant
676 3659 690 3681 ,
705 3633 959 3674 Austoritate
974 3633 1118 3676 Nostra
1142 3663 1157 3685 ,
1186 3638 1226 3678 δι
1250 3636 1322 3678 de-

299 3688 468 3731 fendant
484 3690 841 3739 induftum,amoto
853 3690 999 3733 exinde
1016 3692 1199 3748 quolibet
1213 3694 1330 3736 illici-

298 3756 342 3789 to
366 3745 616 3797 detentore,
646 3746 842 3793 facientes
857 3750 1021 3793 Fabium
1036 3781 1053 3802 ,
1084 3751 1149 3794 vel
1178 3765 1251 3808 pro
1274 3766 1326 3796 eo

1091 202 1628 292 Provincia

1408 321 1720 361 Procuratorem
1745 314 1974 373 praedictum
1991 314 2040 357 ad
2064 310 2342 368 capellaniam
2357 313 2435 356 hu-

1407 377 1602 433 jusmodi,
1618 387 1659 416 ut
1673 378 1728 419 est
1747 377 1864 418 moris
1879 373 2225 428 ,admittifiibique
2240 373 2292 413 de
2306 372 2433 422 illius,

1405 438 1445 477 δι
1460 449 1706 477 annexorum
1727 434 1949 476 eorundem
1971 432 2174 480 fructibus,
2188 430 2432 482 redditibus,

1404 495 1665 549 proventibus
1681 522 1694 544 ,
1717 492 1869 549 juribus
1885 520 1900 541 ,
1929 494 1970 532 δι
1993 489 2305 531 obventionibus
2346 489 2435 531 uni-

1407 554 1528 594 versis
1550 552 1707 606 integre
1733 550 1990 606 responderi,
2014 547 2345 590 Contradieiores
2368 546 2435 588 di·

1405 613 1466 652 sta
1493 611 1730 651 austoritate
1758 609 1885 651 nostra
1901 606 2205 660 ‚appellatione
2222 604 2432 659 postposita

1408 668 1702 723 compescendo
1714 696 1726 708 .
1760 671 1852 710 Non
1870 664 2115 708 obstantibus
2132 665 2340 705 voluntate
2355 676 2436 704 no-

1408 726 1482 768 stra
1501 726 1705 777 praedieia,
1736 739 1781 767 ac
1799 723 1929 766 felicis
1959 721 2252 765 recordationis
2269 719 2434 763 Bonifa-

1403 785 1453 826 cii
1484 785 1597 838 Papa:
1615 786 1822 825 VIII-nec
1849 796 1925 823 non
1955 782 2023 835 piae
2052 782 2253 822 memoriae
2281 783 2339 822 Pii
2354 781 2432 821 Pa-

1403 857 1455 897 pae
1473 845 1525 884 11.
1547 838 1875 884 l'raedecessorum
1891 840 2245 890 nostrorum,nova
2270 841 2433 880 Monia·

1402 902 1498 942 lium
1517 901 1754 942 Monasteria
1779 900 1815 940 in
1829 898 2009 941 Civitate
2030 896 2199 939 'Senensi
2232 924 2246 948 ,
2277 896 2429 952 absque

1399 959 1513 1002 Sedis
1530 959 1716 1012 praedie'tae
1731 957 1890 998 licentia
1907 954 2077 997 construi
2092 955 2430 1010 prohibente,nec

1394 1031 1471 1059 non
1501 1016 1768 1059 Cancellariae
1797 1014 2034 1070 Apostolicae
2058 1015 2206 1068 regulis
2224 1041 2237 1063 ,
2267 1026 2313 1055 ac
2336 1015 2425 1054 Ge-

1391 1076 1536 1117 neralis
1564 1101 1579 1123 ,
1608 1077 1648 1115 &
1678 1071 1949 1117 Lateranenlis
1976 1071 2181 1114 novissime
2225 1070 2427 1112 celebrati

1397 1133 1692 1183 Conciliorum,
1714 1132 1891 1176 Uniones
1905 1141 2147 1186 perpetuas,
2181 1128 2249 1171 nili
2281 1129 2319 1171 in
2337 1130 2429 1171 casb-

1395 1193 1467 1234 bus
1493 1206 1513 1232 a
1541 1191 1627 1246 jure
1642 1190 1832 1246 permissis
1857 1188 1943 1230 fieri
1968 1188 2270 1244 prohibentium
2289 1186 2427 1238 ,aliis-

1396 1264 1474 1305 que
1497 1250 1765 1305 Apostolicis,
1798 1261 1873 1290 nec
1899 1261 1977 1289 non
2009 1248 2045 1288 in
2074 1246 2422 1300 provincialibus,

1395 1311 1435 1351 ὃ(
1455 1308 1717 1363 synodalibus
1743 1306 1938 1349 Conciliis
1972 1305 2094 1347 editis
2125 1327 2139 1349 s
2165 1306 2204 1346 ἃ.
2229 1305 2428 1356 edendis,

1399 1367 1663 1420 specialibus,
1694 1368 1732 1408 &
1758 1363 2010 1420 generalibus
2036 1362 2426 1414 Constitutionibus,

1396 1428 1437 1468 δι
1467 1426 1785 1468 ordinationibus
1812 1449 1826 1471 ‚
1861 1435 2018 1464 necnon
2044 1421 2194 1462 statutis
2221 1450 2236 1472 ,
2265 1422 2304 1462 δι
2327 1436 2427 1464 con-

1403 1483 1824 1534 suetudinibus,etiam
1851 1480 2250 1529 immemorabilibus,
2266 1482 2426 1531 Usibus,

1398 1545 1434 1585 &
1451 1542 1603 1584 naturis
1619 1540 1835 1584 contrariis
1859 1537 2156 1595 quibuscunque
2173 1566 2182 1578 .
2220 1541 2296 1580 Aut
2311 1538 2335 1579 si
2351 1538 2427 1580 ali·

1399 1602 1465 1657 qui
1493 1602 1605 1654 super
1633 1598 1923 1652 provifionibus
1948 1597 2014 1639 sibi
2031 1595 2225 1638 faciendis
2242 1595 2324 1646 ,de
2350 1598 2426 1639 hu·

1399 1658 1566 1715 jusmodi
1582 1658 1646 1701 vel
1663 1658 1749 1699 aliis
1767 1655 1970 1700 beneficiis
1992 1653 2330 1705 Ecclesiasticis,in
2345 1655 2425 1697 illis

1399 1719 1576 1773 pai-tibus
1599 1716 1817 1772 speciales,
1851 1712 2140 1769 velgenerales
2162 1711 2273 1754 dieiae
2289 1715 2424 1763 Sedis,

1401 1776 1464 1818 vel
1484 1780 1728 1832 Legatorum
1742 1772 1826 1826 ejus
1842 1772 1979 1815 literas
1997 1770 2424 1826 impetrarint‚etiamfi

1403 1849 1476 1890 per
1496 1849 1563 1877 eas
1582 1833 1631 1876 ad
1646 1832 1940 1881 inhibitionem,
1957 1831 2268 1872 reservationem
2294 1829 2334 1870 &
2349 1831 2426 1871 de·

1404 1905 1563 1935 cretum
1594 1921 1606 1942 ‚
1640 1891 1702 1932 ve!
1731 1888 1826 1930 alias
1849 1887 2156 1944 quomodolibet
2189 1887 2231 1928 sit
2263 1887 2424 1940 proces·
2455 1893 2459 1897 ’

1400 1949 1514 2001 sum;
1546 1950 1705 2010 Qibus
1720 1949 1900 1990 omnibus
1922 1946 2097 1988 eundem
2115 1946 2276 1988 Fabium
2305 1947 2341 1986 in
2367 1946 2426 1988 as-

1401 2010 1633 2064 sequutione
1651 2008 1761 2048 dieta
1775 2006 2021 2061 Capelianiae
2051 2004 2232 2046 volumus
2248 2003 2426 2046 antefer-

1399 2067 1536 2117 ri,sed
1566 2066 1717 2107 nullum
1734 2080 1806 2118 per
1837 2067 1910 2105 hoc
1940 2064 1998 2104 eis
2023 2063 2151 2117 quoad
2180 2063 2424 2117 assequutio-

1397 2138 1491 2168 nem
1530 2123 1816 2166 beneficiorum
1845 2123 2039 2170 aliorum,
2057 2119 2327 2174 praejudicium
2352 2134 2423 2175 ge-

1398 2184 1512 2225 rari:
1544 2185 1594 2223 Et
1625 2183 1870 2236 quibuslibet
1897 2180 1984 2222 aliis
2014 2179 2261 2234 privilegiis,
2292 2179 2426 2220 indul-

1397 2242 1448 2282 tis
1476 2269 1490 2291 ,
1520 2242 1560 2281 &
1602 2242 1740 2282 Liieris
1779 2237 2016 2293 Apostolicis
2045 2239 2311 2280 Generalibus
2341 2267 2356 2288 ,
2383 2239 2422 2279 Sc

1397 2297 1632 2354 specialibus
1649 2328 1663 2348 ,
1677 2309 2009 2352 quorumcunque
2026 2306 2216 2336 tenorum
2237 2296 2420 2345 existant,

1397 2371 1467 2411 per
1491 2371 1575 2413 quae
1620 2357 1876 2411 praesentibus
1907 2368 1983 2396 non
2015 2352 2192 2406 expressa
2218 2381 2233 2403 ,
2266 2355 2331 2396 vel
2355 2367 2421 2396 to-

1396 2415 1533 2457 taliter
1564 2429 1640 2456 non
1660 2414 1801 2458 inserta
1821 2413 2009 2465 ,effeetus
2038 2410 2259 2467 hujusmodi
2276 2413 2417 2468 gratiae

1395 2473 1582 2527 impediri
1617 2473 1746 2515 valeat
1772 2469 2081 2529 quomodolibet
2113 2499 2126 2521 ,
2159 2472 2222 2512 vei
2247 2470 2417 2521 differri,

1393 2535 1433 2574 δι
1459 2531 1512 2573 de
1546 2532 1716 2586 quibus,
1744 2543 1963 2584 eorumque
1989 2530 2086 2571 totis
2110 2528 2318 2571 tenoribus
2350 2530 2418 2571 ha«.

1391 2590 1522 2633 benda
1536 2590 1579 2651 sit
1597 2590 1632 2630 in
1649 2588 1799 2632 eisdem
1816 2589 1945 2631 literis
1962 2588 2116 2630 mentio
2131 2586 2418 2641 specialis.Vo-

1394 2651 1525 2692 lunius
1540 2659 1703 2696 autem,
1732 2648 1839 2704 quod
1870 2655 2037 2701 propter
2064 2645 2418 2694 unionem,anne·

1389 2710 1549 2751 xionem
1583 2737 1596 2758 ,
1636 2706 2067 2757 &incorporationem
2099 2702 2320 2758 hujusmodi
2352 2703 2418 2744 di·-

1390 2771 1451 2808 &a
1465 2765 1701 2819 Capellania
1726 2764 1872 2807 debitis
1900 2777 1975 2805 non
1994 2761 2199 2804 fraudetur
2213 2761 2415 2817 obsequiis

1392 2825 1456 2867 sed
1485 2823 1571 2877 ejus
1593 2824 1767 2876 congrue
1795 2821 2079 2876 supportentur
2095 2834 2217 2862 onera
2250 2821 2417 2862 consue-

1391 2895 1457 2924 ta.
1493 2884 1543 2923 Et
1573 2880 1732 2935 insuper
1757 2896 1806 2923 ex
1834 2894 1937 2922 nunc
1966 2878 2124 2920 irritum
2147 2907 2162 2929 ,
2193 2880 2232 2920 δι
2261 2879 2417 2922 inane,

1388 2940 1661 2989 decrevimus,
1679 2938 1702 2980 fi
1721 2939 1829 2981 secus
1843 2941 1956 2992 super
1974 2937 2066 2979 hisa
2081 2950 2299 2993 quoquam,
2313 2951 2418 2992 qua·-

1391 2999 1448 3041 vis
1463 3000 1703 3039 auctoritate
1717 2997 1889 3039 scienter
1903 3023 1916 3044 ,
1950 2994 2011 3037 vel
2029 2996 2261 3050 ignoranter
2278 2996 2413 3037 conti-

1388 3056 1493 3112 gerit
1530 3056 1722 3097 attentari
1752 3085 1763 3096 .
1807 3054 1919 3098 Nulli
1949 3066 2046 3108 ergo
2073 3054 2249 3096 omnino·
2282 3052 2416 3094 homi-

1385 3127 1479 3156 num
1496 3113 1615 3156 liceat
1644 3115 1744 3156 hanc
1768 3114 1946 3168 paginam
1969 3112 2104 3152 nostrae
2132 3110 2412 3158 absolutionis,

1385 3171 1664 3216 abdicationis,
1679 3171 1967 3220 translationis,
1978 3171 2241 3221 erefflonum,
2257 3170 2413 3210 institu-

1385 3231 1556 3277 tionum,
1565 3226 2223 3282 dismembraii‹›nis‚separatiom·s‚
2237 3227 2411 3282 applica·-

1386 3289 1531 3337 tionis,
1562 3288 1899 3342 appropriationis
1915 3316 1927 3337 ‚
1959 3286 2139 3335 unionis,
2154 3285 2406 3336 annexionis,

1386 3343 1722 3399 incorporationis
1737 3375 1750 3396 ,
1782 3344 2039 3388 concessionis
2055 3372 2070 3394 ,
2100 3342 2369 3398 assignationis
2390 3370 2404 3391 ,

1385 3402 1530 3444 indulti
1548 3432 1563 3453 ,
1593 3403 1838 3453 collationis,
1855 3403 2102 3457 provisionis,
2119 3402 2312 3452 mandati,
2331 3417 2408 3444 vo-

1384 3461 1547 3503 luntatis
1567 3486 1582 3508 ,
1613 3463 1652 3502 &
1679 3461 1940 3503 decretorum
1968 3457 2187 3514 infringere
2213 3488 2228 3510 ,
2261 3460 2324 3503 vel
2367 3461 2405 3505 ei

1383 3519 1476 3561 ausu
1505 3521 1727 3560 temerario
1750 3522 1978 3562 contraire.
2012 3520 2051 3558 si
2067 3518 2152 3573 quis
2177 3529 2312 3562 autem
2327 3520 2403 3562 hoc

1381 3587 1588 3620 attentare
1602 3576 1883 3631 praesumpserit
1899 3605 1911 3627 ,
1930 3576 2247 3629 indignationem
2262 3579 2408 3620 Omni-

1382 3636 1558 3690 potentis
1577 3636 1718 3684 Dei,ac
1739 3639 1959 3678 Beatorum
1978 3636 2087 3677 Petri
2107 3637 2145 3676 δι
2168 3637 2279 3678 Pauli
2296 3640 2407 3690 Apo-

1388 3694 1577 3735 stolorum
1593 3693 1678 3746 ejus
1693 3691 1732 3737 se
1754 3695 1911 3735 noverit
1930 3692 2171 3735 incursurum
2190 3723 2202 3736 .
2222 3697 2407 3737 Datum...-

1387 3751 1527 3796 Romae
1551 3752 1656 3809 apud
1681 3754 1867 3797 sanetum
1894 3754 2061 3796 Petrum
2078 3756 2195 3797 Anno
2216 3755 2405 3797 incarna—

2277 3821 2357 3853 tio-
