2774 4068
1010 196 1088 280 B
1102 226 1140 280 o
1164 224 1216 280 n
1231 226 1271 282 o
1289 204 1382 284 ni
1397 228 1438 285 e
1454 197 1633 318 nsts
1652 267 1669 285 .

281 309 479 352 Habitum
493 324 566 366 per
579 307 677 352 aim
688 305 852 348 ordinis
868 306 1032 349 Fratres
1055 315 1198 366 gestan·
1214 313 1306 358 sou.

2161 232 2318 313 231

1363 317 1571 372 quibutvis
1587 318 1715 358 etiam
1728 312 1807 357 διο.
1818 313 2016 358 roboratis
2027 317 2182 360 statutis
2197 346 2211 369 ,
2236 321 2277 360 δι
2289 333 2389 363 con..

280 379 368 411 ΜΦ
386 365 638 469 ssssc‘gflseh
656 362 919 420 ‘⁰¹¹‘P05mm
933 393 947 415 s
968 367 1008 408 &
1021 366 1090 412 sub
1103 373 1305 419 nomine-2
1366 374 1646 418 suetudinibus
1660 402 1676 425 ‚
1710 371 1933 429 privilegiis
1946 374 2022 416 διε.
2042 378 2243 419 innovatis
2257 406 2269 419 .
2302 380 2389 420 Vo-

272 427 484 482 JacobiFe
515 424 643 475 erici,
670 436 752 478 quo
766 433 861 464 tunc
877 422 958 479 ipse
972 428 1300 482 nuncupabatur,

276 483 531 542 impreffirm,
554 481 609 524 de
630 494 738 525 novo
755 481 821 523 fitb
842 482 1084 538 Sigismundi
1098 512 1111 536 ,
1140 499 1221 541 quo
1246 488 1299 530 de

275 542 461 601 presenti
469 540 529 584 uti
544 538 773 597 Religiosus
789 540 935 590 utitur,
957 543 1119 586 nomine
1130 571 1146 594 ‚
1161 545 1215 587 de
1230 548 1305 587 Su—

275 598 483 659 periosu'm
499 597 658 641 suorum
676 598 839 642 licentia
866 600 1042 655 imprimi
1071 616 1215 645 curare
1240 605 1298 646 in·-

276 657 444 709 tendat,
469 657 688 715 cupiatque
701 657 851 701 dictum
862 660 979 714 Opus
997 661 1018 702 a
1037 661 1201 703 nemine
1216 661 1302 704 abs-

275 729 357 775 que
388 715 556 759 licentia
581 715 646 760 sua
674 718 846 774 imprimi
875 715 1008 774 posse,
1040 726 1079 762 δι
1110 730 1301 776 propter-

271 788 323 820 ea
337 773 407 817 fibi
419 787 496 832 per
510 778 622 828 Nos,
644 786 688 819 ut
704 773 809 820 infra
824 806 840 829 ,
870 777 1074 835 indulgeri
1090 792 1106 831 3
1139 781 1222 821 Nos
1238 779 1299 822 di—

273 836 385 877 &um
414 831 710 890 sigismundum
736 834 971 892 specialibus
996 835 1229 890 favoribus,
1260 839 1298 880 8(

273 892 412 951 gratiis
434 892 618 949 prosequi
644 894 830 938 volentes
846 923 861 946 ‚
883 895 925 938 δι
948 894 972 939 ἃ
996 895 1200 952 quibusvis
1220 898 1299 939 &c.

273 950 482 995 censentes
497 980 512 1003 ,
542 951 898 1009 supplicationibus
924 953 1043 1011 ipsius
1057 956 1298 1011 sigismundi

274 1010 572 1054 nomineNobis
586 1010 703 1067 super
719 1013 793 1055 hoc
809 1013 1020 1057 humiliter
1032 1015 1226 1070 porrectis
1241 1014 1296 1056 in.

274 1069 416 1112 clinati
430 1098 444 1121 ,
470 1069 606 1113 eidem
626 1069 906 1126 sigismundo,
921 1083 963 1117 ut
978 1072 1177 1118 decennio
1203 1087 1295 1130 pro-

276 1129 388 1171 ximo
399 1128 574 1172 durante
586 1129 611 1173 a
624 1129 719 1172 dieti
737 1130 884 1185 Operis
899 1157 914 1179 ‚
926 1131 1147 1176 dummodo
1161 1143 1297 1175 tamen

274 1197 393 1230 antea
418 1187 440 1229 i
465 1187 626 1230 Dilecto
657 1186 760 1231 Filio
786 1188 978 1245 Magistro
1011 1192 1121 1234 Sacri
1152 1189 1297 1235 Palatii

271 1243 492 1302 Apostolici
504 1246 767 1301 approbatum
782 1248 826 1288 sit
839 1275 854 1299 ,
878 1249 1218 1304 impreffione‚sub
1226 1263 1300 1293 no-

274 1304 384 1347 rnine
398 1303 639 1360 sigismundi
658 1304 833 1360 praediai
859 1304 1045 1351 facienda
1058 1317 1300 1365 computan-

251 1415 257 1420 ι
274 1360 357 1412 do,
385 1375 504 1405 nemo
517 1372 599 1405 tarn
612 1363 652 1405 in
669 1366 780 1407 Urbe
793 1394 809 1418 ,
837 1373 958 1423 quam
973 1366 1012 1409 in
1026 1367 1187 1425 reliquo
1202 1372 1296 1413 Sta-

274 1430 318 1462 tu
335 1419 609 1465 Ecclesiastico
622 1451 637 1475 ,
650 1422 849 1474 mediate,
871 1428 935 1468 vel
947 1426 1179 1470 immediate
1208 1430 1296 1470 No-

277 1479 340 1523 bis
354 1478 528 1535 subjecto
540 1508 555 1532 ,
570 1482 801 1526 Tractatum
826 1484 1053 1540 praedic‘tum
1071 1484 1140 1529 sub
1152 1485 1238 1529 ullo
1250 1499 1302 1528 ex

278 1537 500 1596 predistis,
533 1548 602 1583 aut
629 1539 718 1583 aliis
742 1543 1000 1595 nominibus,
1029 1543 1109 1588 fine
1136 1541 1299 1603 speciali

270 1597 374 1641 'dieti
387 1595 642 1655 Sigismundi,
657 1610 724 1641 aut
738 1602 788 1644 ab
804 1601 880 1644 illo
890 1604 1047 1647 causam
1058 1604 1298 1647 habentium*

279 1655 447 1700 licentia
470 1656 730 1713 imprimere,
766 1670 834 1704 aut
863 1661 914 1703 ab
940 1662 1045 1716 alio,
1083 1663 1147 1706 vel
1173 1663 1293 1715 aliis,

253 1723 401 1772 'quam
428 1713 476 1758 iis
492 1742 507 1766 ,
537 1715 606 1771 qui
630 1714 800 1759 similem
823 1718 1031 1764 licentiam
1059 1722 1300 1774 habuerint,

274 1770 504 1831 impressum
517 1773 699 1819 vendere
712 1801 727 1824 ‚
744 1775 824 1820 five
839 1779 1022 1823 venalem
1036 1780 1213 1832 habere,
1228 1782 1299 1823 seu

274 1846 512 1891 proponere
525 1828 640 1892 poffit
651 1862 667 1887 ,
679 1833 722 1877 δι
735 1834 892 1887 valeat,
917 1837 1146 1895 Apostolica
1160 1843 1297 1883 audio-

275 1893 423 1943 ritate,
450 1901 594 1937 tenore
619 1892 899 1953 praesentium,
931 1896 1222 1950 concedimus,
1255 1900 1296 1940 δι

277 1950 560 2008 indulgemus.
591 1953 828 1998 inhibentes
841 1968 1057 2013 propterea
1083 1956 1300 2009 universis,

253 2021 258 2026 ¹
277 2008 319 2052 ἃ.
356 2010 514 2067 lingulis
550 2011 753 2069 utriusque
783 2010 899 2057 sexus
936 2014 1299 2071 christifidelibus,

276 2066 495 2126 prasertim
517 2069 712 2112 librorum
726 2072 1054 2129 Imprefforibus,
1082 2074 1152 2117 sub
1178 2075 1296 2133 quin-

259 2138 495 2183 :gentorum
529 2130 787 2174 Ducatorum
812 2133 896 2175 auri
932 2132 987 2176 de
1025 2136 1228 2186 Camera,
1257 2135 1297 2179 δι

279 2185 488 2229 amiffionis
499 2185 696 2230 librorum
707 2217 723 2240 ,
745 2189 787 2231 δι
798 2200 988 2245 typorum
1001 2192 1182 2235 omnium
1196 2220 1210 2244 ,
1222 2206 1298 2248 pro

278 2257 356 2287 una
374 2246 560 2288 Camerae
585 2245 737 2289 Nostrae
762 2248 1029 2302 Apostolicae,
1053 2250 1093 2291 δι
1117 2264 1192 2305 pro
1219 2249 1298 2293 alia

277 2302 461 2359 partibus
475 2301 715 2346 Accusatori
726 2331 743 2354 ‚
769 2305 953 2361 acJudici
968 2308 1185 2364 exequenti
1199 2308 1300 2351 irre-

279 2360 519 2404 miffibiliter
532 2360 868 2416 applicandorum
882 2392 898 2418 ,
910 2367 951 2409 &
961 2381 1010 2410 eo
1023 2365 1108 2422 ipso
1122 2395 1137 2419 ,
1153 2367 1300 2423 absque

278 2418 363 2463 ulla
376 2418 656 2461 declaratione
680 2420 931 2467 incurrendis
947 2426 1076 2480 poenis
1091 2455 1105 2476 ,
1135 2439 1211 2473 ne,
1241 2425 1304 2466 di·

277 2479 344 2520 ξὶο
354 2476 554 2521 decennio
563 2475 763 2531 durante,
784 2478 931 2525 dietum
957 2484 1193 2526 Trac'tatum
1209 2492 1303 2536 ,aut

277 2537 453 2593 aliquam
463 2536 553 2594 ejus
569 2547 731 2592 partem
746 2565 760 2588 ‚
787 2548 868 2582 tam
892 2541 930 2583 in
950 2543 1093 2594 Urbe,
1114 2541 1233 2598 quim
1256 2543 1299 2585 in

275 2595 439 2652 reliquo
452 2597 566 2638 Statu
586 2595 864 2640 Ecclesiastico
878 2600 1071 2656 predictis
1083 2629 1096 2650 ,
1130 2599 1210 2642 fine
1225 2601 1301 2643 hu·

274 2653 442 2712 jusmodi
471 2653 663 2706 licentia,
685 2654 752 2698 {ub
781 2655 868 2700 ullo
895 2672 946 2701 ex
974 2657 1171 2714 praedietis
1189 2686 1204 2709 ,
1228 2666 1300 2702 aut

276 2725 532 2768 quocumque
558 2713 641 2762 alio
680 2715 905 2759 nominibus
946 2717 1204 2772 imprimere,
1232 2715 1300 2760 vel

279 2771 330 2812 ab
344 2770 426 2814 alio
438 2798 454 2822 ,
469 2772 535 2813 seu
549 2770 663 2824 aliis,
686 2786 807 2831 quam
820 2787 872 2816 eo
886 2802 900 2825 ,
915 2773 980 2817 seu
998 2776 1068 2826 iis,
1092 2775 1157 2831 qui
1170 2773 1301 2816 licen·

276 2830 373 2871 tiam
385 2826 608 2885 hujusmodi
622 2830 869 2885 habuerint,
897 2832 1121 2889 impressum
1150 2832 1301 2875 vende-

277 2901 326 2931 re
339 2915 355 2939 ,
369 2897 440 2929 aut
455 2886 641 2929 venalem
660 2889 810 2932 habere
822 2917 838 2941 ,
867 2889 933 2933 seu
955 2905 1184 2949 proponere
1200 2905 1301 2946 quo·

279 2943 483 3003 quomodo
505 2944 681 3012 audeant
694 2974 709 2998 ,
735 2945 803 3013 seu
818 2950 1078 3003 praesumant3
1108 2948 1305 2992 Mandan-

277 3003 1304 3120 {50⁵1÷32032252⁸d32¹5332¹1222,'5222‘5122123‘1

278 3123 331 3165 tis
343 3150 358 3173 ,
369 3131 436 3163 aut
451 3118 753 3164 prandentibus
766 3147 780 3169 ‚
794 3123 1148 3166 Gubernatoribus
1162 3153 1176 3173 ,
1193 3125 1299 3165 Pre-

278 3181 433 3225 toribus
450 3208 465 3230 ,
487 3180 524 3221 &
555 3178 641 3222 aliis
660 3179 821 3235 Justitiae
848 3181 1038 3225 Ministris
1065 3181 1299 3225 Provincia-

280 3253 399 3290 rum,
424 3239 680 3287 Civitatum,
721 3239 940 3283 Terrarum
955 3269 970 3292 ,
993 3242 1034 3284 8(
1064 3242 1294 3283 Locorum..

280 3296 416 3342 stains
433 3296 567 3341 Nostri
597 3296 859 3340 Ecclesiastici
876 3296 1074 3355 predicti,
1097 3307 1297 3354 quatenus

281 3356 415 3400 eidem
445 3355 696 3414 Sigismundo
721 3386 735 3407 ,
786 3354 852 3399 seu
877 3359 927 3399 ab
959 3370 1010 3400 eo
1042 3356 1195 3402 causam
1226 3357 1298 3399 ha·

280 3416 469 3458 bentibus
497 3413 717 3468 hujusmodi
745 3415 782 3456 in
819 3414 1012 3470 praemillis
1038 3415 1209 3460 efficacis
1221 3413 1295 3458 de·

281 3471 464 3517 senfionis
504 3471 680 3531 praefidio
718 3471 931 3517 assistentes
965 3502 980 3526 ‚
1018 3472 1293 3529 quandocum-

280 3545 361 3587 que
374 3533 424 3575 ab
441 3532 589 3575 eodem
604 3530 858 3589 sigismundo
872 3561 885 3584 ,
913 3532 980 3575 seu
1005 3532 1111 3584 alio,
1124 3530 1188 3574 vel
1207 3530 1292 3573 aliis

278 3589 473 3648 predictis
497 3589 648 3634 suerint
678 3589 882 3648 requisiti,
923 3604 1060 3647 poenas
1094 3589 1296 3646 predit‘tas

281 3658 427 3692 contra
436 3648 704 3707 quoscumque
718 3649 996 3693 inobedientes
1014 3647 1298 3692 irremiffirnili-

281 3719 345 3750 ter
370 3717 651 3762 exequantur.
683 3711 778 3752 Non
817 3709 1060 3751 obstantibus
1094 3706 1296 3749 Constitu-

279 3765 487 3817 tionibus,
512 3765 553 3808 δι
587 3767 922 3813 Ordinationibus
951 3765 1215 3824 Apostolicis2
1252 3777 1298 3808 ac

1364 433 1496 476 lumus
1524 443 1688 483 autem,
1729 440 1772 474 ut
1809 427 2057 487 presentium
2098 437 2388 492 transumptis,

1359 492 1485 534 etiarn
1516 490 1554 533 in
1580 489 1804 547 ipsoopere
1829 488 2047 544 impreffis,
2074 503 2187 533 manu
2219 495 2388 551 alicujus

1367 548 1696 604 Notariipublici
1713 545 1967 604 subscriptis,
1991 548 2032 589 ἃ.
2058 548 2185 604 figino
2211 552 2384 604 persone

1364 607 1404 648 in
1435 605 1711 650 Ecclefiaffica
1736 605 1938 662 dignitate
1952 605 2177 649 constitutae
2199 611 2359 652 munitis
2374 638 2389 662 ,

1360 663 1509 706 eadem
1525 662 1684 719 prorsus
1697 663 1800 707 fides
1825 663 2069 707 adhibeatur
2085 691 2102 716 ,
2125 677 2208 720 quae
2223 665 2391 710 adhibe-

1362 732 1474 765 retur
1491 721 1581 777 ipfis
1595 723 1850 779 praesentibus
1861 750 1876 774 ,
1902 722 1925 765 fi
1942 722 2075 766 forent
2090 722 2281 765 exhibitae
2292 750 2307 773 ‚
2323 726 2389 767 vel

1360 779 1544 823 ostensae.
1580 784 1734 823 Datum
1761 783 1899 826 Romae
1924 782 2030 838 apud
2057 784 2099 824 S.
2128 783 2294 824 Petrum
2319 782 2388 824 sub

1361 838 1525 881 Annulo
1551 838 1763 882 Piscatoris
1788 839 1855 884 die
1882 852 1949 883 vt.
1980 840 2133 896 Aprilis
2162 852 2386 884 mncxxvt.

1357 895 1620 942 Pontificattis
1632 898 1767 942 Nostri
1783 912 1887 942 anno
1900 899 2028 942 tertio
2039 927 2052 941 .

1881 1020 1941 1062 Μ.
1964 1018 2016 1061 Α.
2031 1012 2240 1059 Maraldus
2259 1045 2271 1058 .

1595 1184 2149 1252 NOTA.

1462 1326 1489 1363 P
1503 1327 1541 1364 U
1552 1331 1572 1365 s
1597 1325 1694 1374 supra
1724 1325 1933 1362 enuntiatum
1946 1347 1960 1368 ,
1970 1335 2034 1362 eeu
2056 1322 2283 1361 doaiffimum
2294 1346 2309 1367 ,
2319 1330 2381 1361 vao‘

1473 1374 1522 1412 rie
1533 1373 1785 1412 commendatur
1799 1398 1813 1418 ,
1829 1386 1907 1412 curn
1922 1374 2056 1410 AuEtor
2069 1371 2163 1421 eque
2173 1372 2218 1409 de
2231 1373 2288 1408 sua
2301 1373 2384 1409 Pro·

1355 1420 1447 1469 sapia
1461 1447 1471 1464 ,
1495 1426 1597 1469 quam
1613 1423 1708 1472 Juris
1734 1423 1871 1460 scientia
1894 1424 2009 1460 clarus
2023 1445 2037 1466 ,
2063 1423 2098 1458 in
2117 1421 2184 1458 illo
2207 1419 2382 1458 materiam

1363 1471 1462 1519 priits
1483 1471 1664 1520 dispersam
1680 1495 1692 1512 .
1718 1483 1789 1509 non
1809 1471 1923 1508 solitm
1943 1481 2106 1514 congerat
2123 1470 2160 1505 in
2175 1480 2278 1505 uuum
2291 1496 2300 1511 .
2325 1481 2388 1506 ve·

1360 1520 1437 1557 rium
1459 1520 1561 1557 etiarn
1575 1521 1725 1558 eamdem
1738 1520 1896 1557 adductis
1909 1518 2175 1563 ‘theologorum
2187 1541 2200 1561 ,
2226 1517 2261 1554 δι
2283 1516 2387 1566 Iuris·

1358 1569 1593 1606 consultorum
1605 1569 1777 1608 sententiis
1796 1567 1906 1605 nitido
1918 1569 2077 1613 explanet
2102 1565 2209 1614 stylo.
2240 1566 2385 1602 Notau-

1355 1617 1437 1655 dum
1451 1628 1567 1655 tamen
1581 1619 1649 1663 est,
1663 1618 1758 1666 quod
1768 1617 1845 1653 usus
1856 1615 1983 1661 Operis
1998 1614 2147 1663 requirat
2159 1614 2384 1651 attentionem

1352 1667 1396 1702 ad
1418 1667 1690 1712 correctionem,
1718 1669 1739 1703 fl
1762 1669 1858 1703 Sacra
1883 1663 2172 1710 congregatione
2199 1662 2326 1702 lndicis
2348 1662 2386 1697 in

1357 1716 1535 1755 nonnullis
1547 1715 1701 1754 articulis
1712 1714 1831 1752 fastam
1843 1739 1855 1752 .

1390 1952 1928 1999 DEClSIONE
1990 1947 2356 1992 ROTALI

1359 2075 1444 2124 Pet·
1469 2066 1793 2120 Profcffionem
1824 2072 1900 2118 Fr.
1916 2065 2166 2117 Alexandri
2185 2063 2241 2112 de
2258 2060 2386 2113 Defi-

1426 2141 1562 2192 deriis
1589 2135 2007 2189 Fideicommissum
2023 2133 2249 2206 purificari
2264 2169 2280 2192 ,
2305 2131 2385 2183 seu

1425 2211 1484 2262 ad
1501 2212 1613 2260 alios
1633 2223 1825 2259 vocatos
1847 2205 2057 2264 tranfire,
2086 2203 2206 2255 haud
2223 2205 2355 2254 aliter
2367 2238 2386 2263 ,

1424 2300 1478 2333 ac
1494 2279 1528 2331 fi
1547 2281 1812 2331 naturaliter
1837 2276 2013 2329 obiiffet
2024 2313 2042 2341 ,
2063 2276 2346 2327 declaratur.

1363 2415 1424 2463 R·
1495 2414 1546 2462 P.
1618 2414 1681 2463 D.
1752 2404 2382 2461 MERLINO.

1419 2538 1645 2583 Bononien.
1676 2535 1981 2583 Fideicommisss
2022 2534 2076 2577 de
2107 2529 2329 2574 Desideriis

1559 2656 1642 2696 Dle
1668 2652 1814 2699 Veneris
1839 2665 1909 2707 30.
1924 2647 2033 2706 Majl
2061 2645 2185 2696 1726.

1480 2771 1720 2823 leronymus
1734 2767 1788 2810 de
1815 2765 2036 2809 Desidet-iis
2057 2761 2282 2806 constitutis
2297 2763 2386 2805 11ae-

1359 2768 1474 2883 H
1504 2826 1666 2871 sedibus
1679 2851 1694 2875 ‚
1707 2827 1862 2882 Joanne
1874 2855 1890 2876 ,
1923 2823 2185 2871 Alexandro,
2211 2821 2386 2864 Bartho-

1363 2889 1504 2929 lomaeo
1520 2914 1535 2938 ,
1554 2886 1593 2929 &
1611 2886 1770 2941 Joanne
1789 2882 1961 2939 Baptista
1977 2881 2088 2926 Filiis
2103 2881 2276 2924 invicem
2292 2875 2383 2921 sub-

1364 2943 1539 2997 stitutis,
1563 2943 1764 2987 &deinde
1776 2942 1933 2987 vocatis
1959 2940 2068 2990 Filiis
2094 2939 2289 2982 Filiorum
2303 2938 2382 3002 ’.3‘

1363 3001 1731 3052 Descendentibus,
1751 3000 2042 3056 postremo,ubi
2058 2995 2168 3040 finita
2184 2994 2282 3038 ess'ct
2296 3007 2382 3050 ejus

1363 3060 1555 3104 Filiorum
1571 3061 1675 3103 linea
1693 3059 1905 3102 masculina
1919 3087 1935 3109 ,
1949 3056 2147 3109 substituit
2165 3053 2379 3098 Bernardi-

1360 3132 1454 3161 num
1485 3121 1669 3162 Fratrem
1694 3120 1944 3162 Germanum
1967 3143 1983 3168 ‚
2020 3113 2267 3159 bonifacium
2294 3140 2307 3162 ,
2342 3112 2382 3151 &

1360 3176 1679 3230 franciscum,ex
1695 3177 1895 3220 Fratribus
1909 3174 2059 3232 pariter
2068 3171 2282 3216 Germanis
2297 3172 2384 3236 Ne-

1357 3246 1498 3293 potes,
1521 3237 1561 3278 δι
1573 3238 1633 3279 his
1647 3249 1726 3279 non
1736 3234 1979 3279 exstantibus
1993 3245 2132 3277 eorum
2148 3230 2265 3296 Filios
2281 3226 2383 3281 legi-

1358 3294 1477 3339 timos
1488 3324 1503 3348 ‚
1529 3297 1569 3338 &
1581 3294 1790 3339 naturales
1804 3290 2000 3337 masculos
2019 3320 2035 3343 ,
2058 3293 2097 3332 δι
2111 3302 2180 3345 per
2196 3287 2383 3329 lineam.»

1356 3353 1637 3405 masculinam,
1667 3352 1855 3401 defuncto
1878 3362 2012 3395 autem
2038 3350 2317 3401 Hieronymo,
2340 3345 2381 3385 δι

1356 3411 1560 3469 postquam
1577 3411 1810 3460 Alexander
1835 3410 1964 3466 junior
1978 3412 2204 3460 Pronepos‚
2233 3400 2383 3472 &fulti-

1354 3483 1438 3512 mus
1459 3484 1510 3513 ex
1530 3469 1879 3515 Descendentibus
1891 3481 1940 3511 ex
1956 3468 2060 3510 linea
2076 3463 2300 3530 'testatoris
2322 3475 2384 3503 tn·

1354 3526 1501 3584 greffus
1514 3531 1588 3583 est,
1602 3531 1643 3572 δι
1667 3526 1950 3572 Profeffionem
1964 3524 2091 3568 emisit
2106 3524 2146 3566 in
2164 3520 2383 3577 Religione

1355 3591 1398 3631 S.
1415 3586 1612 3632 Francisci
1626 3587 1792 3632 Ordinis
1805 3585 2124 3642 Capucinorum‚
2137 3581 2383 3637 Stephanus,

1356 3647 1396 3688 δι
1410 3647 1550 3690 AEneas
1566 3649 1822 3703 Prone-potes
1840 3641 2075 3687 Bernardini
2091 3640 2295 3697 petierunt
2308 3638 2385 3679 de·

1356 3705 1500 3748 clarari
1514 3705 1619 3748 bona
1640 3702 1877 3759 Hieronymi
1904 3699 2308 3744 fideicommittentis
2334 3693 2383 3737 ad

1354 3761 1456 3820 ipsos
1481 3761 1690 3820 spectare,
1722 3758 2028 3820 hujusmodique
2055 3755 2172 3805 causa
2195 3760 2235 3802 in
2260 3750 2385 3810 gssdu

2197 3812 2330 3871 ,ppes
