2774 4068
1197 212 1661 303 Romana.

362 331 682 378 lescentularum
706 326 902 384 scrupulis
915 354 931 377 ,
963 323 1075 369 idem
1090 328 1136 372 M
1145 326 1284 376 inisser
1298 334 1400 375 Pro.

356 392 542 437 vincialis
568 402 729 435 omnem
757 385 1010 441 diligentiam
1043 386 1319 440 adhibuerat,
1352 401 1398 436 ut

349 451 523 507 diffidia,
534 464 618 509 quae
632 450 741 492 inter
763 459 830 489 eas
845 444 1018 489 suboriri
1037 444 1212 500 poffent,
1227 461 1399 503 compo-

356 523 505 562 neret,
534 525 583 554 ac
606 503 784 564 proinde
806 504 1002 548 auxilium
1030 514 1128 547 tunc
1157 505 1283 547 etiam
1308 508 1397 549 exi·

347 572 490 616 flentis
501 566 672 614 Ministri
684 563 909 611 Generalis
925 562 1097 607 Ordinis
1121 562 1296 618 praedieti
1319 564 1396 608 im·

345 633 581 690 ploraverat
607 652 623 676 ,
662 624 733 683 qui
760 622 958 681 perpenso
1001 623 1061 666 rei
1091 621 1327 665 discrimine
1368 624 1395 672 ὲ

344 691 426 735 Pioe
454 684 659 730 memoriae
692 683 936 728 innocentio
972 683 1080 739 Papa
1114 683 1215 728 ΧΠ.
1246 680 1393 725 itidem

340 742 638 791 Praedeceffore
679 743 832 788 Nostro
858 771 874 795 ,
916 742 1116 786 habuerat
1157 741 1197 784 in
1228 739 1393 783 manda·-

342 806 398 853 ris
415 835 430 860 ‚
456 815 506 850 ut
531 803 602 847 sub
628 804 822 860 gravibus
845 802 966 859 paenis
987 801 1177 845 omnibus
1197 798 1395 843 Moniali-

340 868 415 911 bus
427 865 564 922 primo
575 863 670 907 dieti
682 862 899 907 Monasteri
905 862 915 903 i
930 858 1395 918 hujusmodi,observan-

343 926 444 970 tiam
467 924 560 968 vitat
580 921 826 976 communis,
842 920 956 978 juxta
981 930 1169 964 tenorem
1184 917 1389 962 Constitu.

344 987 506 1029 tionum
534 982 796 1041 injungeret.
828 982 882 1023 Et
912 982 1005 1037 quia
1028 978 1069 1022 id
1094 977 1145 1021 ad
1171 977 1391 1035 perturba-

343 1044 478 1088 tiones
499 1040 697 1087 sedandas
726 1037 926 1082 sufficiens
950 1037 1117 1082 minime
1141 1038 1277 1080 fuerat
1290 1049 1395 1091 ,pro

342 1113 464 1161 parte
491 1098 675 1160 ejusdem
703 1099 875 1143 Ministri
899 1097 1170 1142 Provincialis
1194 1095 1391 1154 praedictas

344 1159 673 1219 congregationi
690 1157 974 1203 cardinalium
987 1157 1238 1213 supplicato,
1254 1165 1298 1198 ut
1312 1169 1390 1211 pro

341 1220 490 1279 majori
533 1216 804 1263 conscientia
849 1216 1088 1261 Monialium
1128 1215 1262 1272 primo
1289 1212 1386 1258 dieti

343 1279 577 1325 Monasterii
620 1276 733 1321 uiete
744 1307 761 1329 ,
793 1290 842 1321 ea
862 1274 982 1332 super
998 1289 1045 1319 re
1061 1273 1210 1319 ederet
1224 1276 1387 1316 Decre-

341 1350 430 1385 tum
446 1367 462 1391 ,
492 1292 686 1393 illiuiijue
713 1335 1039 1387 observantiam,
1070 1333 1142 1377 sub
1164 1333 1298 1389 poenis
1315 1331 1389 1377 sibi

341 1398 431 1442 vifis
439 1427 456 1450 ,
469 1410 545 1456 per
557 1393 904 1440 contrafacientes
919 1392 1205 1443 incurrendis,
1220 1392 1391 1436 deman-

341 1457 461 1502 daret
485 1484 499 1498 .
539 1453 755 1500 Emanavit
788 1455 840 1498 ab
873 1453 1021 1498 eadem
1047 1451 1388 1510 Congregatione

339 1514 628 1562 cardinalium
644 1517 874 1559 Decretum
893 1514 1048 1558 tenoris
1063 1540 1078 1564 ,
1109 1513 1178 1570 qui
1191 1509 1392 1567 sequitur,

338 1576 569 1620 videlicet:
601 1579 726 1620 Sacra
742 1573 1029 1630 Congregatio
1044 1568 1389 1615 Eminentissimo-

339 1649 465 1687 rum,
493 1635 534 1676 Bc
562 1631 1008 1678 Reverendiffimorum
1035 1633 1078 1673 S.
1091 1632 1146 1674 R.
1162 1632 1211 1673 E.
1236 1627 1387 1673 Cardi-

337 1694 492 1743 nalium
518 1693 696 1748 negotiis
712 1721 728 1744 ,
759 1694 798 1735 δι
821 1688 1184 1737 consultationibus
1214 1685 1387 1744 Episco-

336 1767 487 1812 porum
501 1777 516 1799 ‚
533 1752 575 1793 δε
588 1751 861 1807 Regularium
875 1748 1273 1808 praepofita,attentis
1287 1762 1384 1792 nar·

334 1812 439 1856 ratis
462 1809 620 1853 censuit
634 1838 650 1862 ,
679 1824 726 1853 ac
742 1809 970 1853 declaravit
985 1808 1118 1852 licere
1129 1807 1381 1852 Monialibus

335 1869 563 1928 Capucinis
595 1868 703 1912 vesci
731 1867 880 1913 eisdem
907 1868 1009 1912 cibis
1032 1897 1046 1921 ,
1078 1869 1224 1926 quibus
1253 1877 1379 1912 utun—

334 1941 408 1983 tur
419 1927 619 1972 Moniales
631 1929 849 1985 Capucinae
864 1929 1048 1973 §.Mariae
1064 1927 1105 1971 in
1118 1925 1375 1972 Hierusalem

333 1987 564 2046 Neapolis.
599 1990 740 2033 Romae
766 2004 808 2044 3.
834 1989 975 2032 Martii
998 2001 1122 2042 17e1.
1156 1990 1209 2031 G.
1226 1987 1369 2030 Cardi-

333 2048 440 2094 nalis
455 2047 689 2104 Carpineus
704 2076 715 2090 .
748 2051 782 2091 1.
799 2051 857 2092 M.
870 2047 1163 2092 Parraccianus
1185 2050 1374 2091 Secreta-

330 2109 443 2152 rius.
474 2110 588 2151 Loco
609 2107 667 2164 »ξι
689 2106 854 2165 Sigilli:
886 2112 996 2152 Cum
1008 2105 1284 2160 autem,ficut
1311 2106 1375 2150 di-

334 2170 421 2210 c'tus
448 2167 638 2210 Minister
668 2167 938 2211 Provincialis
954 2167 1086 2210 Nobis
1111 2165 1280 2210 subinde
1304 2180 1378 2209 ex·

331 2227 432 2285 poni
447 2223 544 2269 fecit
559 2254 574 2278 ,
593 2223 673 2282 ipse
687 2229 917 2270 Decretum
938 2224 1196 2284 hujusmodi,
1209 2224 1291 2282 quo
1307 2223 1376 2267 fir·-

331 2287 439 2330 mius
459 2282 634 2330 subfistat
649 2311 665 2333 ,
686 2283 929 2341 Apostolicae
941 2283 1279 2328 confirmationis
1299 2297 1373 2326 no-

334 2343 426 2391 ssrae
445 2343 676 2401 patrocinio
687 2344 927 2386 communiri
943 2344 1196 2398 summopere
1209 2340 1372 2383 defide-

333 2412 404 2448 ret
420 2431 431 2444 .
464 2404 554 2446 Nos
582 2399 798 2456 specialem
825 2401 893 2458 ipsi
917 2400 1104 2444 Ministro
1124 2399 1372 2442 Provinciali

333 2462 502 2518 gratiam
531 2457 670 2504 facere
698 2458 888 2503 volentes
912 2487 928 2511 ‚
955 2472 1133 2513 eumque
1159 2458 1184 2501 ὲ
1209 2457 1377 2513 quibus-

331 2521 394 2572 vvis
407 2522 487 2562 διε.
520 2518 686 2560 censen.
710 2517 1077 2574 supplicationibus
1096 2515 1182 2573 ejus
1204 2518 1371 2559 nomine

328 2578 466 2623 Nobis
482 2577 561 2619 &c-
593 2575 806 2623 inclinati,
826 2578 1054 2620 Decretum
1081 2574 1372 2632 praeinsertum‚

325 2636 595 2681 Auaoritate
622 2635 858 2692 Apostolica
881 2664 896 2687 ,
931 2645 1078 2681 tenore
1115 2632 1371 2689 praesentium

328 2694 624 2740 confirmamus
643 2721 656 2745 ‚
681 2696 722 2737 &
746 2696 1050 2751 approbamus,
1082 2692 1223 2748 illique
1240 2693 1372 2736 iuvio-

326 2754 461 2799 labilis
478 2754 722 2809 Apostolicae
747 2753 951 2796 firmitatis
983 2754 1108 2795 robur
1133 2750 1369 2806 adjicimus,

325 2811 441 2857 salvi
467 2821 603 2856 tamen
631 2811 787 2869 semper
799 2813 841 2854 in
865 2811 1062 2867 praemissis
1087 2809 1368 2853 auEkoritato

327 2881 566 2917 memoratae
578 2869 925 2930 Congregatiouis
941 2868 1225 2913 Cardinalium
1237 2898 1248 2909 .
1279 2871 1368 2910 De-

332 2938 552 2974 cernentes
581 2928 744 2972 easdem
776 2926 992 2985 praesentes
1023 2928 1166 2971 literas
1202 2926 1366 2976 firmas,

327 2988 491 3033 validas
509 3015 524 3038 ,
554 2987 596 3028 Gt.
622 2987 811 3031 efficaces
835 2987 1042 3038 existere,
1072 2982 1217 3028 &fore
1234 2983 1366 3036 ,suos-

328 3063 412 3106 que
424 3046 661 3104 plenarios,
693 3046 928 3102 &integros
954 3044 1120 3089 effectus
1142 3044 1302 3095 sortiri,
1327 3045 1365 3085 &

330 3108 554 3157 obtinere,
584 3119 630 3148 ac
658 3104 830 3154 abillis,
862 3104 914 3147 ad
931 3118 1030 3161 quos
1047 3132 1063 3155 ‚
1091 3105 1132 3145 δε
1155 3117 1253 3159 quas
1279 3101 1364 3157 spe-

328 3170 409 3210 ctat
424 3194 439 3217 ,
469 3166 508 3207 ἃ
525 3178 602 3220 pro
628 3175 816 3220 tempore
838 3163 1047 3218 spectabit,
1070 3160 1365 3205 inviolabiliter

307 3223 313 3229 ’
329 3223 572 3273 observari,
589 3222 720 3279 licque
734 3223 776 3266 in
793 3220 994 3279 praemiffis
1009 3250 1025 3271 ‚
1043 3235 1118 3277 per
1129 3221 1365 3276 quoscumq;

323 3285 492 3342 Judices
505 3311 519 3334 ,
534 3281 778 3325 Ordinatios
791 3310 807 3333 ,
818 3282 857 3323 &
876 3280 1098 3335 Delegatos
1111 3309 1127 3331 ,
1141 3280 1265 3321 etiam
1289 3279 1368 3320 &c-

329 3343 559 3387 Auditores
592 3339 764 3398 judicari
790 3365 805 3388 ,
838 3344 880 3385 δι
911 3336 1073 3381 definiri
1103 3337 1288 3388 debere,
1321 3349 1367 3378 ac

331 3402 497 3446 irritum
511 3403 588 3444 &c-
620 3398 845 3443 attentari.
879 3400 975 3440 Non
997 3396 1250 3439 obstantibus
1267 3409 1368 3451 prae-

324 3460 451 3504 miffis
463 3490 477 3513 ,
493 3475 539 3503 ac
555 3458 921 3503 Constitutionibus
937 3483 952 3506 ,
975 3456 1016 3496 &
1029 3454 1366 3498 Ordinationibus

325 3519 610 3576 ¹Apostolicis,
644 3531 804 3561 necnon
834 3513 1099 3566 Monasserii,
1130 3515 1170 3555 δι
1197 3512 1367 3555 Ordinis

325 3577 613 3633 pradifitorum
630 3578 783 3629 ,etiam
797 3578 875 3618 &c-
894 3574 1048 3617 statutis
1065 3601 1080 3624 ,
1102 3569 1365 3614 &consuetu-

326 3633 492 3679 dinibus
514 3663 530 3685 ,
571 3636 796 3692 privilegiis
823 3637 903 3676 &c-
938 3631 1170 3674 innovatis.
1201 3630 1362 3685 Quibus

328 3694 516 3737 omnibus
531 3721 547 3746 ,
560 3697 600 3738 δι.
617 3696 776 3751 lingulis
789 3722 804 3745 ,
818 3694 984 3737 illorum
1002 3702 1163 3734 tenores
1181 3690 1261 3730 διε.
1286 3688 1362 3731 de-

328 3765 539 3807 rogamus,
554 3757 790 3811 ctterisque
806 3751 1023 3796 contrariis
1040 3745 1360 3804 quibuscunque.

329 3814 484 3855 Datum
499 3812 641 3855 Romae
669 3812 778 3871 apud
805 3816 846 3858 S.
862 3813 1036 3856 Mariam
1061 3806 1264 3865 Majorem
1292 3804 1360 3848 sub

450 3870 553 3913 Tom-
567 3874 623 3914 11.

1463 337 1581 377 Annu
1600 331 1645 374 lo
1657 329 1891 383 piscatoris,
1906 331 1988 375 Die
2003 336 2113 380 xviii.
2131 230 2506 389 Novembggcr.

1459 392 1583 439 Ponti
1603 388 1748 435 ficatus
1765 390 1902 436 Nostri
1918 390 2043 436 Auno
2058 399 2208 450 primo.

2093 514 2136 556 F.
2155 515 2357 562 Oliverius
2371 546 2384 560 .

1515 630 1615 671 Aut.
1635 627 1679 668 in
1698 627 1822 669 Arcb.
1841 629 1987 669 secret.
2002 629 2118 671 Brev.
2133 630 2362 689 qust.Reg.
2378 638 2496 690 anni,

1563 686 1694 743 pred.
1705 682 1788 742 fil.
1808 698 1871 740 ¹4·

1455 833 2491 863 ——n---.--.--..-......---t.—

1660 934 2296 979 DECRETO

1589 1051 1723 1101 Sacrae
1761 1050 2108 1122 Congregationis
2143 1054 2350 1105 Concilii.

1448 1184 1498 1231 A
1560 1183 1718 1232 Fratre
1773 1187 1839 1235 N.
1886 1189 1952 1239 N.
1983 1224 2001 1246 ‚
2055 1188 2102 1236 in
2171 1188 2275 1237 astu
2335 1190 2492 1241 collati

1519 1253 1772 1305 Sacerdotii
1804 1292 1821 1316 ,
1872 1257 1898 1306 ὲ
1958 1256 2004 1308 se
2059 1255 2251 1308 hostiam
2302 1277 2393 1311 non
2427 1276 2492 1310 ta-

1518 1321 1639 1373 stam
1675 1324 1802 1376 fuiffe
1834 1326 2080 1387 asserente,
2111 1332 2188 1379 vel
2222 1328 2492 1399 scrupulum

1519 1392 1723 1460 deponi,
1761 1400 1833 1447 vel
1882 1400 1938 1450 ab
1968 1418 2022 1450 eo
2050 1400 2076 1448 ὲ
2111 1397 2246 1451 Miffa
2278 1401 2489 1454 abstineri

1519 1462 1767 1520 resolvitur
1785 1504 1798 1520 .

1713 1611 1879 1656 Ordinis
1909 1615 2195 1671 Capucirrorum
2209 1646 2222 1658 .

1710 1743 1893 1788 Dubium
1909 1744 2192 1789 Ordinationis
2207 1774 2219 1786 .

1548 1870 1682 1916 Ribus
1713 1873 1764 1916 ab
1779 1874 1874 1918 hinc
1902 1877 2014 1919 annis
2030 1876 2067 1918 in
2085 1875 2360 1920 Ordinatione
2379 1903 2393 1926 ,
2409 1876 2484 1918 ha-

1576 1930 1661 1974 bita
1691 1933 1730 1974 in
1760 1937 1935 1990 quadam
1964 1936 2167 1986 Ecclefia,
2202 1937 2310 1978 inter
2350 1935 2482 1982 alios,

1433 2002 1646 2046 promotus
1693 1990 1768 2033 fuit
1808 1994 1857 2037 ad
1903 1994 2195 2037 Sacerdotium
2241 1997 2386 2036 Frater
2426 1997 2481 2036 Ν.

1434 2053 1490 2093 N·
1529 2054 1553 2095 a
1595 2054 1649 2094 N·
1689 2054 1777 2103 N.,
1810 2053 1979 2096 Ordinis
2016 2056 2351 2108 Capucinorum,
2390 2053 2479 2107 qui,

1437 2124 1530 2152 cum
1542 2109 1713 2152 deberet
1730 2121 1901 2167 tangere
1919 2114 2147 2163 mater-iam,
2177 2111 2406 2167 requiiitam
2421 2110 2474 2151 ad

1437 2168 1593 2211 dietum
1621 2168 1818 2211 Ordinem
1846 2170 2124 2224 recipiendum
2152 2199 2167 2220 ,
2212 2170 2394 2211 advertit
2436 2171 2478 2210 in

1437 2231 1595 2271 Patena
1625 2241 1706 2269 non
1735 2226 1869 2270 adeffe
1899 2229 2094 2280 hostiam3
2125 2231 2163 2270 ls
2194 2229 2292 2271 verb
2315 2228 2479 2279 tacuit,

1435 2286 1613 2330 credens
1660 2299 1712 2327 ex
1749 2285 2044 2343 simplicitate,
2076 2288 2132 2329 ita
2178 2287 2391 2343 prafiicari
2433 2287 2471 2327 in

1434 2345 1539 2387 dieta
1597 2342 1780 2387 Ecclefia
1818 2373 1833 2397 ‚
1897 2344 2059 2389 fortaffe
2113 2346 2253 2401 vigore
2301 2345 2474 2399 alicujus

1434 2403 1673 2458 Privilegii,
1703 2401 1955 2461 subindeque
1982 2404 2083 2446 nihil
2112 2403 2303 2447 dubitans
2330 2404 2382 2446 de
2410 2417 2474 2445 va.

1435 2461 1600 2503 liditate
1623 2461 1793 2504 Ordinis
1809 2491 1822 2514 ,
1846 2476 1923 2519 per
1952 2473 2038 2506 tres
2061 2463 2227 2506 circiter
2252 2478 2375 2506 annos
2402 2477 2474 2504 ce·

1434 2520 1640 2562 lebravit.
1674 2522 1866 2578 Cumque
1895 2522 2149 2575 postmodum
2181 2525 2220 2565 iu
2247 2527 2471 2566 Conventu

1434 2579 1633 2630 existens,
1652 2579 1855 2636 perpenso
1883 2581 1972 2623 casu
1988 2585 2266 2636 ,agnoverit,
2298 2581 2467 2623 hostiam

1434 2636 1547 2681 fuisse
1573 2636 1839 2682 neceffariam
1867 2638 1980 2695 supra
2010 2650 2230 2693 patenam,
2262 2650 2467 2694 tamquam

1433 2697 1651 2739 materiam
1675 2697 1929 2751 proximam,
1959 2710 2081 2752 quam
2097 2698 2202 2740 bene
2222 2696 2466 2738 recordatur

1431 2751 1625 2796 defecisse
1643 2780 1657 2803 ,
1688 2765 1811 2807 prout
1840 2754 1949 2795 idem
1977 2753 2150 2797 affirmat
2183 2754 2284 2797 alius
2308 2757 2465 2796 Corre-

1429 2810 1595 2868 ligiosus
1627 2812 1665 2853 in
1697 2813 1843 2855 eadem
1872 2813 2175 2864 Ordinatione,
2206 2827 2298 2854 cum
2327 2826 2379 2854 eo
2403 2812 2454 2854 ad

1426 2870 1764 2925 Presbyter-atum
1783 2882 1995 2927 promotus
2009 2900 2024 2922 ,
2038 2886 2114 2927 pro
2128 2871 2349 2915 serenitate
2366 2886 2464 2913 con-

1426 2929 1602 2971 scientiae
1641 2928 1880 2985 supplicavit
1924 2930 2162 2983 declarari,
2186 2928 2395 2987 quomodo
2423 2930 2462 2971 in

1425 2986 1625 3044 praemissis
1642 2985 1741 3030 effer
1767 2987 2084 3040 consulendum,
2100 2991 2139 3031 &
2164 2999 2363 3045 quatenus
2383 2990 2465 3029 Or-

1425 3046 1636 3089 dinatione
1675 3045 1917 3102 indigeret,
1954 3048 2137 3099 absolvi,
2168 3050 2207 3091 &
2243 3044 2459 3102 dispensari

1425 3103 1543 3162 super
1567 3105 1866 3161 irregularitate
1894 3104 2022 3149 forsan
2042 3106 2200 3149 incursa
2213 3136 2227 3159 ,
2244 3105 2298 3149 ob
2314 3100 2455 3159 praefa-

1425 3176 1510 3207 tam
1531 3163 1773 3207 triennalem
1799 3164 2119 3209 celebrationem
2134 3196 2145 3207 .

1488 3226 1737 3266 Procurator
1771 3223 1990 3266 Generalis
2021 3224 2189 3267 Ordinis
2221 3237 2295 3279 pro
2333 3221 2459 3263 infor-

1430 3283 1611 3324 matione
1643 3281 1884 3337 requisitus,
1914 3283 2061 3327 retulit
2092 3285 2255 3325 Patrem
2284 3282 2453 3334 probum

1429 3339 1509 3383 esse
1549 3340 1833 3395 Religiosum,
1866 3343 2046 3398 rectique
2086 3340 2251 3397 judicii,
2282 3339 2320 3379 Sc
2352 3352 2452 3379 con-

1428 3398 1606 3442 scientiae
1634 3413 1713 3442 non
1737 3398 1973 3456 scrupulosa:
1989 3430 2003 3451 ‚
2037 3397 2290 3455 proindeque
2314 3396 2453 3439 censet

1427 3458 1475 3501 ab
1497 3458 1643 3501 eodem
1662 3457 1840 3514 exposita
1863 3457 2043 3501 habenda
2065 3455 2143 3500 effe
2167 3470 2262 3498 vcra
2280 3485 2293 3507 ,
2323 3456 2452 3510 potis-

1426 3514 1567 3559 fimum
1590 3516 1816 3559 accedente
1840 3517 2068 3559 testimonio
2108 3512 2257 3570 praefati
2284 3515 2448 3557 alterius

1427 3574 1695 3630 Correligiofi
1711 3576 1885 3618 ordinati
1906 3606 1918 3626 ,
1932 3576 1997 3630 qui
2017 3573 2162 3616 eadem
2186 3571 2420 3617 testificatur
2434 3602 2447 3624 ,

1425 3645 1473 3675 ac
1498 3633 1617 3691 ipfius
1635 3634 1828 3677 Oratoris
1846 3632 2097 3677 exhibitione
2113 3662 2128 3684 ,
2153 3633 2285 3675 omnia
2315 3632 2447 3685 supra-

1422 3704 1583 3735 narrata
1615 3692 1875 3750 jurejurando
1912 3691 2206 3745 cnmprobandi
2233 3722 2244 3734 .
2291 3690 2441 3733 Relatci

1421 3750 1540 3793 causa
1570 3766 1642 3807 per
1671 3752 1938 3795 Summarium
1968 3749 2038 3793 sub
2066 3752 2135 3793 die
2166 3764 2229 3807 ¹9·
2260 3754 2441 3793 Novem2

1423 3809 1505 3851 bris
1542 3823 1661 3862 ¹707·
1691 3810 1936 3911 rescriptug‘}
1961 3807 2035 3853 fuit
2062 3824 2138 3870 pro
2177 3824 2281 3852 nova
2317 3807 2442 3848 Ordi-

2254 3868 2385 3911 natio-
