2762 4030
1087 146 1696 242 Communia.

522 280 564 321 D
623 276 657 318 E
720 274 757 315 C
818 269 859 311 R
921 269 957 310 E
1017 269 1054 311 T
1115 271 1155 312 O

408 391 457 440 S.
472 381 803 455 Congreg.fiaeper
820 376 944 427 Statu
964 378 1241 448 Regularium
1258 419 1270 432 .

320 507 547 563 Nonnulli
565 503 748 554 articuli
783 501 905 552 eirca
925 500 1150 549 Novitios
1181 503 1228 550 in
1241 505 1351 552 Pro-

388 577 552 631 vinciis
584 574 730 625 Italiae
769 570 820 624 ὅ(
851 567 1114 621 Insularum
1148 572 1350 636 adjacen-

385 650 506 701 tium
532 632 818 714 recipiendos
848 639 1203 712 praescri'buntur
1222 680 1237 694 .

442 752 485 794 Ι)
506 744 808 806 propagandam
834 746 875 788 in
891 743 1048 788 Ordine
1067 747 1257 788 fratrum
1275 742 1355 785 Mi-

467 822 615 853 norum
631 814 671 852 S.
695 803 1242 860 Francisci-Capuccinorum
1274 804 1355 844 Re.

313 869 504 927 gularem
533 865 861 916 observantiam,
888 877 974 920 quae
1003 864 1266 907 Novitiorum
1289 864 1358 903 In-

313 928 518 973 stitutioni
534 956 549 980 ‚
573 929 614 969 δι
636 922 872 970 educationi
895 923 1097 979 praecipue
1129 922 1323 965 innititur
1341 948 1355 971 ,

283 1025 284 1028 ,
311 991 442 1034 Sacra
470 985 758 1042 congregatio
785 983 984 1040 deputata
1000 983 1121 1040 super
1148 982 1246 1024 statu
1266 982 1354 1022 Re-

313 1046 523 1104 gularium
548 1045 604 1089 de
633 1042 833 1088 Mandato
851 1041 1083 1085 Sanctissimi
1112 1045 1162 1084 D.
1182 1045 1235 1083 N.
1252 1039 1353 1081 Ale·

309 1106 461 1152 atandri
479 1107 596 1162 Papae
610 1105 708 1147 VII.
740 1103 780 1144 in
810 1100 970 1156 fingulis
985 1102 1142 1154 ltaliae,
1170 1102 1212 1143 &
1239 1096 1353 1141 lnsu-

308 1166 446 1210 larum
472 1163 749 1221 adjacentium
771 1161 995 1204 Provinciis
1023 1160 1202 1218 ejusdem
1224 1157 1352 1201 Ordi-

309 1226 390 1278 nis,
403 1221 604 1282 praesentis
620 1221 793 1265 Decreti
810 1220 1184 1276 vigore,licentiam
1200 1220 1354 1275 imper-

311 1285 415 1330 titur
428 1282 598 1326 cuilibet
625 1295 766 1324 earum
783 1279 1057 1332 Provinciali,
1091 1290 1136 1323 ut
1161 1281 1231 1323 hac
1259 1278 1351 1320 vice

308 1342 472 1388 tantum
499 1341 685 1396 recipere
713 1339 848 1383 valeat
873 1339 1070 1383 Novitios‘
1087 1337 1189 1382 infra
1208 1350 1352 1380 nume-

310 1417 404 1448 rum
437 1401 505 1444 hic
534 1397 740 1457 praefixum
766 1427 781 1450 ,
819 1398 1016 1442 videlicet
1049 1399 1088 1441 in
1116 1396 1347 1441 Provinciis

309 1465 535 1513 Romana,
557 1459 693 1504 saneti
709 1457 939 1511 Francisci,
961 1458 1159 1502 Marchiae
1172 1488 1188 1510 ,
1214 1459 1351 1500 Bono-

309 1522 426 1567 nien.
439 1521 636 1567 Veneta,
664 1517 946 1562 Mediolanen.
969 1518 1150 1561 Brixien.
1179 1519 1348 1578 fanuen.

306 1578 627 1626 Pedemontana
644 1605 658 1630 ,
669 1578 874 1620 Hetruriae
884 1606 899 1629 ‚
909 1579 948 1620 &
961 1577 1237 1632 Neapolitana
1251 1574 1354 1618 duo·

310 1638 449 1684 decim
463 1636 654 1682 Clericos
667 1665 682 1688 ‚
699 1638 738 1678 &
751 1635 816 1679 sex
833 1636 1068 1678 Conversus
1083 1665 1098 1686 ‚
1123 1633 1190 1677 seu
1208 1634 1352 1678 laicos:

308 1700 365 1742 In
391 1696 619 1742 Provinciis
646 1694 933 1738 Panormitana
949 1723 964 1746 ‚
989 1693 1215 1738 Meffanen.
1247 1695 1350 1738 Sira.

309 1755 487 1806 caiana,
515 1752 756 1805 Bafilicata,
788 1753 994 1809 Rheg-ien.
1024 1752 1248 1796 Cosentina
1265 1783 1280 1804 ,
1312 1754 1353 1794 δε

305 1814 546 1873 ’Apruntina
561 1811 711 1856 decem
725 1813 916 1856 clericos
929 1842 944 1864 ,
956 1814 998 1854 &
1009 1823 1184 1870 quatuor
1200 1813 1324 1854 laicos
1338 1825 1350 1854 :

307 1877 368 1921 Et
379 1875 419 1919 in
430 1872 664 1921 Provinciis
675 1876 718 1918 S.
730 1873 880 1930 Angeli
893 1902 908 1926 2
919 1874 1069 1917 Baren.
1082 1870 1351 1928 Hydruntina

307 1933 485 1981 Corficae
501 1958 520 1986 ,
546 1933 588 1975 &
602 1931 793 1976 Sardiniae
808 1945 954 1976 novem
974 1933 1166 1976 Clericos
1185 1961 1199 1984 ‚
1213 1933 1352 1974 &tres

309 1993 443 2038 laicos
466 2006 544 2050 pro
561 1992 750 2050 qualibet·
762 1992 1002 2035 Provincia.
1034 1995 1100 2035 Ita
1124 2002 1260 2036 tamen
1278 1999 1352 2043 ‚ut

306 2053 422 2105 haec,
449 2066 537 2111 quae
549 2049 797 2108 sequuntur,
821 2051 935 2109 juxta
954 2051 1232 2108 praescriptum
1261 2051 1350 2092 Re-

308 2111 444 2170 gula,
480 2113 521 2154 δε
546 2109 731 2168 ejusdem
758 2110 994 2166 Religionis
1022 2110 1347 2155 Constitutiones

306 2171 510 2215 inviolate
526 2169 800 2217 observentur
813 2200 825 2211 .
849 2168 1320 2215 PrimnmProvincialis
1332 2196 1347 2219 ³

308 2232 377 2275 cui
403 2230 513 2282 soli,
550 2230 590 2271 &
617 2229 718 2273 nulli
748 2228 816 2271 alii
846 2244 895 2274 ex
924 2229 1159 2287 praescripto
1171 2227 1345 2284 Regulae

307 2290 448 2335 Sancti
476 2289 678 2333 Francisci
705 2287 937 2332 concessum
954 2291 1040 2340 est,
1063 2299 1109 2331 ut
1124 2289 1339 2331 venientes

308 2361 391 2405 pro
431 2348 590 2391 Habitu
641 2346 894 2400 suscipiendo
925 2345 1148 2388 admittere
1185 2343 1302 2401 poffit
1323 2374 1339 2395 ,

306 2421 408 2459 eos,
434 2406 505 2462 qui
523 2407 649 2463 ipsum
662 2403 872 2462 adierint,
903 2403 957 2448 de
977 2403 1145 2448 illorum
1169 2413 1340 2454 natura,

306 2474 460 2516 atate,
490 2462 725 2520 caeterisque
778 2463 1016 2507 ualitatibus
1038 2493 1052 2516 ,
1091 2463 1245 2506 etiamsi
1277 2462 1341 2504 fo-

302 2531 405 2567 rent
432 2521 633 2580 Religiofi
654 2520 748 2579 cuju
767 2536 942 2581 cumque
958 2523 1129 2566 alterius
1146 2519 1344 2574 Instituti,

299 2582 415 2642 juxta
431 2581 663 2640 Religionis
676 2580 844 2634 statuta,
857 2585 1038 2627 exactam
1053 2581 1180 2626 sumat
1203 2579 1312 2624 infor
1325 2608 1346 2617 -

309 2641 539 2685 mationem
554 2671 568 2694 ,
592 2641 821 2698 seduloque
836 2642 1041 2699 inquirat,
1055 2656 1104 2685 an
1131 2641 1308 2685 levitate
1325 2673 1341 2694 ,

303 2700 548 2746 necestitate
571 2730 586 2752 ‚
621 2701 690 2745 vel
724 2701 862 2756 aliquo
889 2701 970 2744 alio
999 2701 1237 2745 inordinato
1259 2701 1341 2745 fine

300 2762 442 2813 moti;
468 2762 536 2803 An
562 2762 668 2806 vero
683 2774 733 2803 ex
748 2774 854 2815 puro
871 2760 966 2803 zelo
989 2759 1249 2817 perfectioris
1277 2761 1342 2803 vi-

302 2828 382 2871 tae,
410 2821 587 2876 Deoque
609 2819 779 2863 liberius
807 2817 991 2863 insanCta
1018 2820 1241 2874 Religione
1256 2819 1344 2863 ser-

301 2878 440 2922 viendi
469 2878 676 2934 postulent
702 2878 893 2922 admitti?
921 2877 1170 2935 eosdemque
1207 2878 1341 2934 postea

300 2951 380 2993 pro
395 2933 729 2979 suaeconscientiae
741 2937 960 2981 dietamine
975 2966 990 2989 ,
1019 2938 1156 2980 habita
1173 2936 1340 2992 praeser-

301 2997 380 3039 tim
405 2995 566 3038 ratione
591 2994 740 3038 indolis
756 3023 772 3046 ‚
805 3011 994 3047 morum,
1025 2994 1203 3039 fervoris
1222 2995 1340 3052 spiri-

300 3053 368 3099 ttis
383 3055 611 3106 ‚acuminis
625 3054 774 3110 ingenii
789 3085 804 3106 ‚
828 3057 869 3096 δι
882 3054 1126 3098 conditionis
1140 3056 1338 3098 natalium

300 3114 535 3172 approbare
558 3143 574 3167 ‚
603 3113 675 3157 vel
710 3114 932 3170 reprobare
960 3122 1153 3156 teneatur
1177 3138 1190 3152 .
1223 3116 1340 3174 Qos

303 3183 442 3218 autem
461 3173 736 3228 praeelegerit,
749 3171 799 3214 ad
817 3172 1016 3216 Habitum
1032 3170 1283 3226 probationis
1298 3174 1340 3214 in

299 3236 526 3277 Conventu
564 3229 1143 3286 Novitiatt'issuscipiendum,
1165 3229 1245 3273 suis
1272 3233 1342 3274 lit-

300 3293 405 3334 teris
419 3289 768 3335 obedientialibus
783 3289 1060 3341 transmittat,
1077 3290 1146 3332 ubi
1170 3304 1245 3346 per
1263 3291 1340 3333 ali-

303 3361 409 3408 quot
425 3351 538 3402 dies,
561 3349 1030 3406 antequamjnduantur
1045 3349 1203 3392 Habitu
1220 3350 1338 3392 Reli-

301 3410 435 3468 gionis
448 3439 462 3462 ,
483 3418 755 3454 exerceantur
771 3409 809 3451 in
824 3409 871 3449 iis
887 3407 1092 3459 omnibus,
1104 3422 1189 3464 quae
1201 3409 1222 3450 ἐι
1240 3411 1339 3452 Fra·

298 3471 432 3513 tribus
445 3470 783 3520 observantur,ut
801 3469 892 3509 hinc
906 3468 1056 3508 bonurn
1074 3465 1241 3510 illorum
1257 3468 1334 3511 de—

300 3528 491 3573 siderium
508 3530 708 3585 probetur
722 3558 737 3579 ,
753 3530 789 3569 δι
807 3525 872 3582 ipfi
891 3524 1034 3581 majori
1049 3524 1332 3578 illustratione,

300 3588 544 3631 maturitate
561 3618 576 3642 ‚
597 3602 644 3631 ac
661 3587 963 3631 deliberatione
980 3594 1138 3627 tantum
1147 3599 1245 3641 opus
1263 3598 1336 3639 ag-

301 3645 545 3701 grediantur
564 3677 575 3689 .
606 3651 724 3692 Anno
736 3645 869 3702 postea
892 3644 1146 3700 probationis
1168 3643 1330 3699 elapso,

2299 199 2386 250 II

1418 273 1467 317 ad
1484 273 1767 329 proseffionem
1792 269 2066 320 admittantur
2084 308 2098 331 ‚
2125 281 2195 322 sub
2219 287 2358 324 exacta
2394 295 2455 325 ta-

1418 347 1511 376 men
1541 333 1623 375 vita
1645 331 1853 375 communi
1870 333 1946 381 ,ad
1963 338 2230 393 praescriptum
2252 342 2451 397 Regum,

1416 392 1561 450 quavis
1575 391 1719 433 laxiori
1737 389 2036 435 consuetudine
2053 396 2091 436 in
2109 404 2358 443 contrarium
2373 416 2451 442 non

1419 450 1633 501 obstante,
1661 464 1708 492 ac
1732 450 1888 492 servata
1918 451 2041 493 etiam
2070 454 2196 498 forma
2228 464 2449 503 Sacrorum

1394 513 1625 563 ‚Canonum
1641 537 1656 560 ‚
1677 507 1860 551 Concilii
1891 508 2154 563 Tridentini,
2177 518 2215 557 &
2240 519 2451 561 Constitu-

1412 567 1569 611 tionum
1597 566 1926 621 Apostolicarum
1943 597 1953 608 .
1973 571 2098 627 Qod
2116 601 2131 620 ,
2149 571 2172 612 fi
2189 575 2364 630 aliquem
2397 593 2447 620 cx

1418 625 1614 682 praedietis
1628 626 1807 668 Novitiis
1822 655 1837 679 ‚
1858 625 2067 683 postquam
2093 643 2276 684 receptus
2291 634 2416 678 fuerit
2433 666 2448 688 ‚

1419 695 1516 727 ante
1552 682 1842 740 profeffionem
1881 685 1902 726 ὲ
1947 686 2171 741 Religione
2207 690 2447 745 discedere,

1416 752 1484 786 aut
1505 742 1659 799 expelli
1676 743 1899 800 contigerit
1911 771 1924 795 ,
1938 744 2039 787 alius
2052 747 2094 788 in
2107 746 2191 803 ejus
2209 749 2345 792 locum
2360 752 2452 793 sub-

1415 803 1550 858 rogari
1581 801 1727 859 poffit,
1773 802 1997 846 dummodo
2025 815 2163 848 tamen
2189 808 2229 851 in
2257 810 2446 851 omnibus

1419 864 1606 906 servetur
1619 860 1747 907 forma
1762 860 1939 918 superias
1956 864 2185 921 praescripta·
2202 897 2215 907 .
2242 870 2450 911 Caeterum

1419 933 1461 963 ut
1481 920 1656 977 praediCti
1673 922 1833 963 Novitii
1868 922 2011 964 melius
2027 922 2067 964 in
2078 924 2185 966 bono
2201 926 2339 980 spiritu
2354 956 2367 978 ,
2384 941 2451 968 re-

1414 979 1644 1037 gularisque
1658 979 1883 1035 disciplinae
1900 980 2155 1025 observantia
2171 984 2422 1028 stabiliantur
2435 1014 2451 1038 ,

1412 1042 1452 1082 &
1465 1038 1792 1090 confirmentur,
1818 1039 2023 1096 postquam
2037 1042 2077 1083 in
2091 1042 2360 1088 professorum
2380 1058 2455 1086 nu—

1413 1113 1573 1142 merum
1601 1128 1616 1152 ‚
1642 1109 1688 1142 ut
1718 1096 1963 1155 praefertur‚
1991 1102 2149 1157 recepti
2179 1100 2364 1155 fuerint,
2411 1104 2454 1146 in

1413 1160 1538 1203 alium
1550 1163 1819 1203 Conventum
1834 1159 2151 1212 transferantur,
2167 1163 2205 1203 δι
2224 1176 2298 1218 per
2322 1164 2456 1205 trien-

1412 1220 1525 1263 nium
1551 1218 1662 1275 juxta
1676 1218 2006 1262 constitutiones
2035 1220 2206 1262 Ordinis
2235 1221 2304 1263 sub
2322 1222 2453 1276 Magi-

1412 1279 1480 1322 stri
1496 1278 1706 1335 disciplina
1727 1277 1963 1333 persistant,
1989 1281 2026 1320 &
2042 1280 2112 1336 qui
2130 1280 2290 1323 stitutus
2308 1281 2366 1323 est
2381 1294 2454 1322 eo-

1412 1353 1501 1382 rum
1512 1336 1909 1389 G'uardianu52idem
1923 1339 2081 1394 pariter
2099 1338 2147 1381 iit
2162 1340 2339 1397 ipsorum
2360 1343 2450 1383 Ma-

1410 1399 1563 1456 gister,
1589 1396 1735 1453 easque
1753 1396 1973 1452 qualitates
1989 1398 2147 1441 habeat
2162 1399 2345 1455 ‚·quibus
2363 1401 2455 1442 Ma-

1410 1457 1579 1515 gistrum
1609 1455 1872 1500 Novitiorum
1899 1457 2114 1512 praeditum
2151 1456 2231 1500 effe
2259 1468 2451 1514 oportet.

1413 1518 1603 1562 Porroin
1620 1516 1908 1560 Conventibus
1929 1531 2001 1573 pro
2019 1517 2237 1559 Novitiatu
2253 1517 2458 1572 affignatis

1411 1590 1495 1623 non
1515 1577 1776 1620 collocentur
1793 1577 1860 1617 nisi
1886 1576 2086 1632 Religiosi
2102 1590 2244 1632 graves
2263 1605 2277 1628 ‚
2293 1577 2455 1630 devoti,

1412 1637 1670 1694 exemplares
1683 1662 1697 1684 a
1730 1637 1771 1676 &
1787 1635 1987 1693 regularis
2005 1635 2271 1678 observantiae
2284 1667 2299 1688 ‚
2317 1651 2362 1678 ac
2382 1651 2458 1692 pu·

1413 1698 1547 1741 ritati‘s
1569 1695 1718 1752 regulae
1735 1693 1924 1748 studiosi,
1938 1709 2013 1738 nec
2033 1695 2070 1736 in
2088 1695 2369 1739 Guardianum
2382 1694 2460 1738 ad-

1413 1758 1605 1800 mittatur
1620 1784 1634 1806 ,
1666 1754 1738 1811 qui
1764 1755 1889 1796 vitam
1920 1769 2179 1798 communem
2198 1753 2361 1798 servare
2378 1769 2458 1798 non

1413 1816 1554 1874 poffit.
1587 1813 1824 1866 Postrema,
1858 1814 2069 1872 postquam
2107 1815 2266 1858 Novitii
2293 1816 2331 1858 in
2350 1817 2455 1859 Pro-

1426 1875 1616 1920 sefforam
1644 1887 1861 1917 numerum
1894 1875 2078 1930 cooptati
2108 1873 2291 1926 fuerint,
2330 1878 2457 1931 Supe-

1414 1937 1544 1979 riores
1560 1933 1791 1989 Regulares
1806 1934 1880 1987 ‚ad
1898 1949 1998 1992 quos
2016 1935 2212 1992 pertinet
2227 1963 2241 1986 2
2258 1932 2372 1979 illico
2385 1939 2458 1979 Sa-

1415 2010 1528 2038 cram
1561 1994 1940 2050 Congregationem
1972 1995 2154 2038 edoceat
2178 2022 2193 2046 ,
2232 1992 2451 2050 suprascri-

1410 2066 1478 2112 pta
1507 2053 1641 2097 onmia
1660 2083 1673 2105 ‚
1698 2055 1739 2094 &
1755 2054 1902 2110 lingula
1923 2052 2035 2096 fuisse
2065 2053 2113 2097 ad
2131 2067 2307 2108 unguem
2323 2052 2455 2097 adim-

1408 2115 1548 2170 pleta,
1576 2115 1615 2156 &
1639 2114 1878 2156 executioni
1912 2113 2128 2164 mandat33
2154 2113 2333 2168 alioquin
2362 2127 2453 2166 poe·

1409 2189 1480 2217 nas
1512 2176 1554 2216 in
1584 2172 1821 2216 memoratis
1851 2171 2218 2215 Constitutionibus
2242 2172 2452 2228 Apofloli-

1408 2235 1464 2277 cis
1482 2263 1496 2285 ,
1521 2235 1559 2276 δε
1585 2233 1760 2277 statutis
1795 2231 1964 2275 Ordinis
1986 2229 2239 2285 praescriptas
2259 2260 2274 2282 ‚
2301 2231 2450 2274 &alias

1401 2294 1526 2335 etiam
1554 2292 1763 2346 graviores
1780 2319 1792 2342 ,
1819 2304 1894 2346 pro
1910 2289 2034 2331 modo
2061 2287 2270 2333 commiffae
2295 2291 2448 2346 culpae,

1403 2350 1442 2393 se
1480 2350 1683 2392 subituros
1709 2380 1725 2401 ‚
1766 2363 1811 2391 ac
1842 2363 1967 2392 novas
2007 2348 2196 2390 licentias
2221 2349 2450 2405 recipiendi

1402 2410 1597 2452 Novitios
1612 2438 1626 2460 ‚
1645 2422 1901 2464 nequaquam
1920 2406 2009 2449 fore
2037 2407 2330 2463 impetraturos
2355 2423 2451 2451 cer-

1402 2469 1449 2510 to
1473 2467 1603 2511 sciant
1622 2496 1634 2508 .
1675 2472 1770 2511 Non
1810 2466 2058 2510 obstantibus
2099 2467 2231 2522 quoad
2258 2466 2447 2524 praemiffit

1386 2524 1388 2526 ’
1408 2527 1545 2571 omnia
1563 2558 1578 2578 ‚
1593 2529 1633 2569 ὃ(
1649 2526 1802 2583 singula
1831 2526 2207 2570 constitutionibus
2224 2555 2236 2578 ‚
2261 2530 2302 2568 ὅτ.
2321 2528 2448 2570 Ordi-

1407 2587 1645 2631 nationibus
1664 2586 1911 2642 Apostolicis
1925 2614 1941 2635 ,
1963 2599 2041 2627 nec
2062 2599 2142 2626 non
2162 2585 2339 2641 praedic'ti
2363 2589 2444 2628 Or-

1401 2648 1508 2689 dinis
1543 2645 1932 2694 consuetudinibus,
1973 2645 2013 2684 &
2036 2643 2290 2698 privilegiis,
2321 2655 2443 2686 caete-

1401 2707 1534 2761 risque
1564 2703 1782 2747 contrariis
1799 2700 2117 2757 quibuscumque
2133 2730 2144 2742 .
2173 2705 2331 2746 Datum
2347 2705 2436 2746 Ro-

1401 2778 1474 2806 mae
1488 2763 1555 2806 die
1568 2776 1606 2805 2.
1625 2761 1726 2804 Maii
1746 2761 1871 2809 1655.

1523 2873 1567 2915 B.
1580 2869 1708 2915 Card.
1725 2869 1880 2927 Spada».

1816 2966 1855 3005 1⁶.
1875 2968 2088 3021 Fagnanus
2102 2968 2141 3006 5.
2162 2969 2304 3020 Congr.
2325 2968 2419 3007 secr·

1519 3042 1729 3096 Exemplar
1750 3043 1933 3084 authent.
1962 3047 2005 3086 in
2035 3042 2156 3086 Arch.
2173 3046 2317 3085 Gener.
2339 3043 2433 3085 0νᾶ.

1577 3104 1727 3143 tom.H.
1746 3115 1853 3143 num.
1867 3116 1876 3144 ι
1889 3116 1927 3143 2.

1644 3319 2203 3382 NOTA.

1488 3430 1524 3467 T
1539 3454 1548 3469 ‚
1572 3430 1653 3465 dum
1665 3441 1783 3466 omncs
1809 3429 1916 3466 lraliae
1932 3429 1998 3465 Sec.
2018 3425 2223 3462 Provincias
2245 3424 2280 3461 8t
2298 3424 2428 3462 Custo-

1499 3479 1572 3516 dias
1590 3479 1622 3514 in
1640 3480 1794 3515 Decreto
1809 3477 2012 3514 nominatim
2038 3486 2105 3510 non
2119 3474 2291 3520 expressas
2315 3474 2428 3509 obscr-

1395 3535 1457 3559 vas
1469 3550 1483 3570 ,
1495 3527 1529 3562 id
1544 3540 1589 3563 ex
1605 3539 1648 3563 co
1661 3528 1803 3563 evenire
1817 3525 1951 3563 reflecte
1966 3550 1975 3565 ‚
2000 3523 2094 3572 quod
2109 3533 2263 3569 tempore
2274 3523 2423 3558 emanni

1395 3574 1535 3611 Deereii
1562 3575 1750 3613 Provinciae
1766 3602 1778 3620 ,
1799 3577 1834 3611 8(
1849 3574 2023 3612 Custodiae
2046 3570 2243 3619 huj-asmodi
2261 3582 2320 3620 per
2333 3572 2424 3607 divi·

1394 3619 1517 3659 sionem
1533 3626 1682 3661 nondum
1697 3625 1825 3661 fuerint
1836 3623 1953 3661 ercetae
1969 3650 1978 3658 .

1492 3674 1572 3709 Alia
1599 3674 1804 3720 Apostolica
1828 3676 2071 3716 Documenta,
2093 3682 2170 3719 qut
2194 3669 2367 3707 Novitios
2382 3670 2419 3704 in

2226 3230 2434 3247 ,p—

298 3705 369 3760 qui
387 3705 543 3749 habu&
571 3707 725 3751 inventi
753 3703 933 3756 fuerint,
958 3702 1067 3758 luna
1100 3702 1328 3769 Rellgfqffis
1391 3724 1568 3758 communi
1594 3733 1833 3767 concernunt,
1849 3721 1943 3758 dabit
1965 3730 2082 3760 tomus
2110 3721 2227 3757 Bullas
2243 3721 2309 3755 ἃς.
2332 3730 2425 3760 com}

299 3763 476 3813 statuta,
501 3767 543 3807 δι
566 3766 846 3810 ordinationes
880 3766 904 3808 ὲ
933 3762 1140 3806 Fratribus
1169 3760 1327 3804 familiar
1389 3779 1511 3809 munes
1527 3773 1734 3809 continens.

425 3823 530 3865 Tam.
547 3828 601 3868 11.

1946 3823 1976 3863 B
2007 3833 2027 3862 2
2270 3820 2362 3858 fra-
