2762 4030
449 214 548 298 52

1156 180 1697 268 Provincia

371 297 557 354 vilegio,
585 302 633 341 ut
651 294 883 354 accepimus
905 327 919 349 ,
947 294 1112 339 minime
1126 296 1323 341 decorata
1339 324 1354 346 a
1381 300 1421 340 ὅτ.
1483 298 1606 340 certis
1623 310 1719 340 tune
1737 297 1924 354 expreffis
1940 328 1956 350 ,
1980 296 2149 354 aliisque
2175 295 2283 353 justis
2298 325 2313 349 ,
2338 300 2376 340 &
2392 298 2520 343 ratio.

370 359 413 400 in
428 372 476 400 ea
493 359 610 401 situm
627 356 775 400 Altare
791 357 1030 402 Nativitatis
1053 359 1106 398 D.
1124 360 1175 399 N.
1190 357 1283 415 Jesu
1297 358 1421 401 Chri-

372 418 446 465 sti,
464 417 540 460 hoc
571 416 736 474 speciali
758 417 869 460 dono
898 415 1126 468 illustrare,
1151 414 1415 474 supplicatio-

372 478 487 519 nibus
507 490 670 534 quoque
693 475 832 520 dilecti
854 475 925 519 filii
942 475 1260 520 NostriAntonii
1283 475 1414 521 Tituli

369 540 412 579 S·
437 536 669 594 Honuphrii
697 537 941 590 Presbyteri
954 535 1214 588 Cardinalis,
1245 538 1313 592 qui
1330 538 1410 577 Ec-

368 594 532 638 clesiam
561 625 579 652 ,
619 597 660 638 ἃ,
686 598 865 637 Domum
889 596 1092 650 praedictas
1113 592 1190 640 suis
1223 593 1407 650 expensis

369 654 601 712 sumptuoso
629 669 757 711 opere
781 654 956 697 construi
986 653 1114 707 fecit,
1142 656 1274 699 Nobis
1291 653 1411 711 super

370 715 449 757 hoc
479 714 692 758 humiliter
716 714 915 770 porrestis
943 714 1151 757 inclinati.
1178 716 1413 759 Auctorita-

369 785 413 816 te
439 775 566 816 Nobis
598 775 622 817 a
649 774 828 816 Domino
855 773 1008 817 tradita
1025 804 1040 825 ,
1070 775 1110 816 &
1134 774 1188 819 de
1215 774 1414 829 Omnipo-

373 834 499 875 tentis
526 834 607 876 Dei
630 832 909 876 misericordia
926 861 940 884 ,
969 848 1013 877 ac
1033 836 1253 877 Beatorum
1269 833 1410 880 Petri,

369 893 537 935 &Pauli
555 890 849 947 Apostolorum
868 891 956 948 ejus
983 894 1226 936 auetoritate
1251 889 1413 943 confisi,

373 961 420 994 ut
435 980 449 1002 ,
464 952 791 1009 quandocunque
809 951 1012 995 Sacerdos
1027 951 1172 1008 aliquis
1198 950 1413 1004 saecularis,

370 1012 456 1052 five
493 1010 771 1069 cujuscunque
784 1010 952 1054 Ordinis
977 1011 1226 1066 Regulam,
1255 1007 1414 1052 Missam

373 1068 677 1113 Defuneaeorum
698 1083 773 1124 pro
785 1070 931 1113 Anima
947 1068 1217 1127 cujuscunque
1231 1068 1411 1121 Fidelis,

370 1142 455 1185 quae
474 1132 566 1172 Deo
593 1130 635 1170 in
656 1129 864 1170 charitate
881 1128 1118 1186 conjunt‘ta,
1135 1131 1183 1172 ab
1215 1129 1291 1169 hac
1317 1128 1412 1171 luce

369 1188 615 1243 migraverit
630 1216 644 1239 ,
674 1187 727 1229 ad
742 1187 974 1243 praedictum
993 1189 1139 1231 Altare
1165 1187 1411 1239 celebrabit,

369 1249 515 1292 Anima
546 1248 627 1303 ipsa
658 1260 733 1302 per
762 1245 948 1303 ejusdem
974 1247 1295 1291 celebrationem
1324 1245 1411 1288 eas-

366 1308 462 1349 dem
482 1306 764 1362 1ndulgentias
792 1307 1092 1360 consequatur,
1120 1308 1158 1347 &
1188 1306 1237 1348 ad
1258 1306 1342 1363 ejus
1361 1306 1413 1348 li-

370 1365 623 1407 berationem
663 1362 768 1404 dieta
797 1361 910 1405 Miffa
924 1374 1155 1420 operetur,
1185 1378 1285 1420 quas
1314 1379 1413 1407 con-

366 1423 606 1478 sequeretur
629 1449 644 1471 ,
675 1423 702 1462 si
731 1419 914 1477 praeFatus
946 1424 1144 1466 Sacerdos
1178 1423 1334 1467 Missam
1361 1423 1410 1467 ad

363 1483 513 1526 Altare
526 1511 542 1532 ,
560 1483 676 1523 situm
703 1480 742 1522 in
759 1480 942 1524 Ecclesia
962 1484 1006 1524 Β.
1023 1483 1242 1540 Gregorii,
1256 1485 1412 1527 etiam„

365 1541 420 1584 de
447 1541 563 1585 Urbe
578 1567 592 1589 ·,
607 1538 657 1582 ad
684 1538 724 1580 id
741 1539 986 1595 deputatum
1003 1570 1015 1594 ,
1046 1541 1287 1585 celebraiset
1308 1556 1323 1595 3
1357 1543 1412 1585 ita

371 1609 417 1644 ut
446 1599 633 1656 ejusdem
657 1599 711 1640 D.
725 1597 884 1656 N0Jesu
899 1601 1082 1652 Christi,
1112 1615 1157 1643 ac
1175 1601 1409 1645 Beatissiniae

362 1658 550 1716 Virginis
569 1657 707 1701 Mariae
723 1686 737 1708 ,
764 1659 1087 1716 SanGtorumque
1111 1662 1293 1704 omnium
1323 1676 1407 1704 nie-

362 1719 457 1763 ritis
490 1717 563 1760 sibi
597 1715 939 1771 suffragantibus,
970 1719 990 1759 a
1010 1721 1242 1775 Purgatorii
1273 1722 1407 1777 poenis

368 1778 525 1820 liberet
538 1789 583 1818 ur
600 1775 891 1828 ,concedimus
906 1803 920 1824 o
938 1778 1251 1834 &indulgemus
1266 1809 1277 1820 .
1311 1785 1406 1823 Non

369 1836 621 1880 obstantibus
638 1835 1011 1879 Constitutionibus
1026 1864 1040 1884 a
1065 1839 1103 1879 &
1127 1838 1409 1883 Ordinationi-

373 1897 449 1939 bus
466 1894 708 1950 apostolicis
722 1921 736 1945 ,
768 1909 814 1937 ac
830 1895 976 1938 Nostra
999 1895 1053 1938 de
1078 1911 1156 1939 non
1173 1899 1409 1942 conceden-

375 1955 438 1997 dis
456 1954 728 2009 indulgentiis
748 1955 798 1996 ad
819 1954 943 1997 instar
957 1983 970 2006 ,
993 1957 1227 2014 caeterisque
1242 1969 1408 2000 contra-

370 2016 442 2057 riis
470 2011 775 2069 quibuscunque
791 2042 801 2053 .
834 2013 1100 2058 Praesentibus
1121 2018 1326 2072 perpetuis
1343 2016 1408 2059 fu-

371 2074 473 2117 turis
492 2072 745 2126 temporibus
759 2071 941 2114 valituris
953 2103 963 2114 .
981 2077 1133 2116 Datum
1148 2077 1285 2117 Roniae
1299 2077 1403 2131 apud

361 2133 547 2176 Sanftam
566 2130 738 2173 Mariam
766 2130 966 2187 Majorem
993 2131 1062 2173 sub
1084 2135 1254 2176 Annulo
1278 2133 1405 2178 Pisca-

363 2193 465 2234 toris
498 2189 577 2232 Die
592 2203 643 2231 it.
664 2188 852 2231 octobris
876 2205 1102 2235 iuncxxx.
1137 2193 1403 2243 Pontificatus

365 2249 505 2296 Nostri
532 2250 651 2292 Anno
665 2248 811 2291 ostavo
829 2279 841 2292 .

900 2310 958 2350 M.
974 2310 1026 2351 A.
1044 2310 1256 2355 Maraldus
1273 2344 1284 2355 .

423 2396 575 2452 'Autog-
602 2397 645 2436 In
660 2395 782 2438 Arch.
797 2398 943 2438 secret.
969 2400 1083 2441 Brev.
1100 2401 1231 2459 Apost.
1255 2411 1349 2445 tom.
1365 2415 1402 2454 7.

481 2453 647 2512 Diversi
674 2453 825 2496 Urbani
848 2456 951 2496 VIII.
972 2455 1055 2514 fol.
1071 2461 1171 2514 483.

360 2554 786 2570 ———-—-

359 2650 457 2705 Sub
473 2652 633 2703 Titulo
645 2651 765 2702 8131ae
776 2654 1103 2720 Conceptionis
1118 2656 1405 2705 B.V.Mariae

427 2722 625 2774 eandem
640 2720 851 2772 Domfim
868 2723 1068 2773 erestam
1103 2724 1159 2774 ab
1175 2728 1302 2775 omni
1321 2725 1406 2775 set-

426 2795 580 2845 vitute
594 2795 851 2843 immunem
867 2792 1206 2845 declaratzEum
1224 2799 1403 2865 propri-

430 2883 512 2915 um
531 2901 548 2923 ,
585 2863 634 2915 ὅ(
660 2865 864 2932 primum
892 2868 1143 2915 Provinciae
1179 2871 1398 2917 Romanae

429 2940 735 2986 Conventum
753 2934 948 2985 adinstar
966 2935 1238 2988 Conventiis
1250 2943 1298 2989 S.
1314 2943 1400 2988 Bo-

424 3021 688 3056 naventurae
701 3007 872 3055 teneri:
890 3005 938 3058 ὃ(
951 3023 1047 3059 tam
1067 3008 1124 3058 ad
1139 3007 1270 3058 usum
1291 3013 1398 3060 Pro-

421 3080 606 3136 vinciae,
624 3077 761 3145 quam
775 3079 1075 3129 commodum
1090 3080 1233 3129 totius
1248 3081 1392 3131 Ordi-

422 3150 510 3208 nis,
526 3148 573 3199 ὅς
592 3145 838 3216 praesertim
851 3153 1178 3218 Capitulorum
1195 3155 1392 3203 Genera-

423 3222 542 3271 lium
556 3218 724 3268 servire
736 3219 898 3270 debere
914 3221 1115 3272 decernit
1131 3242 1146 3282 3
1165 3222 1391 3291 acJuspa-

421 3289 631 3342 tronatiis
645 3290 951 3341 honorificum
967 3297 1268 3345 DuciCarolo
1285 3299 1389 3345 Bar-

420 3363 580 3413 berino
598 3399 613 3421 ,
647 3359 830 3430 ejusque
850 3364 1097 3416 haeredibus
1123 3362 1322 3416 reservat
1340 3401 1353 3415 .

350 3482 825 3537 URBANUS
917 3486 1165 3536 PAPA
1238 3490 1389 3538 VIII.

530 3568 600 3612 Ad
609 3577 848 3625 perpetuam
873 3570 933 3612 rei
963 3571 1215 3614 memoriam:

491 3662 580 3728 Lias
607 3668 727 3708 Motu
753 3666 926 3722 Proprio
943 3696 956 3718 ,
987 3669 1027 3710 &
1053 3682 1102 3711 ex
1128 3675 1243 3711 certa
1266 3669 1393 3712 scien-

509 3729 562 3761 tia
581 3750 594 3771 ,
619 3737 664 3763 ac
698 3736 856 3768 matura
886 3725 1190 3770 deliberatione
1211 3728 1353 3771 nostris
1375 3757 1388 3779 ,

352 3776 487 3834 deque
508 3779 745 3834 Apostolicae
784 3785 994 3840 potestatis
1022 3785 1306 3842 plenitudine,
1338 3802 1388 3831 ex

1483 357 1683 401 nabilibus
1700 358 2024 409 caufis,animum
2039 357 2216 399 nostrum
2229 358 2485 400 moventibus
2498 389 2516 413 ,

1478 419 1856 475 Congregationem
1875 420 2068 460 Fratrum
2094 417 2300 460 Minorum
2320 419 2519 462 Conven-

1478 476 1650 520 tualium
1675 477 2011 520 Reformatorum
2027 506 2040 528 ,
2067 477 2311 533 omniaque,
2345 477 2386 516 &
2411 490 2517 531 quae·

1470 549 1633 592 cunque
1649 536 1756 580 illius
1772 536 1924 588 officia,
1941 538 1980 578 ὃς
1995 537 2214 579 Ministeria
2229 566 2243 586 ,
2261 549 2306 576 ac
2329 537 2484 578 Domos
2498 565 2513 589 ,

1469 609 1514 637 ac
1545 595 1633 637 loca
1651 596 1873 652 Regularia
1906 610 2183 651 quaecunque,
2216 598 2256 636 ὃς
2281 595 2321 636 in
2352 594 2516 650 quibus-

1474 654 1532 694 vis
1548 655 1774 698 Provinciis
1791 654 2002 698 existentia
2017 684 2031 705 ,
2049 669 2206 698 necnon
2226 657 2371 698 statuta
2389 688 2404 710 ‚
2422 670 2519 698 con-

1473 714 1737 765 suetudines,
1765 716 1805 755 δε
1835 714 2032 764 decreta,
2057 727 2101 755 ac
2127 715 2344 770 privilegia
2362 743 2374 767 ‚
2404 716 2521 759 &in—

1475 772 1590 814 dulta
1617 773 1817 828 gereralia
1833 801 1847 824 ,
1873 774 1912 813 &
1933 772 2119 828 specialia
2151 771 2426 829 suppreffimus
2442 803 2456 825 ,
2477 777 2517 817 &

1475 832 1719 875 extinximus
1745 861 1759 882 ,
1787 832 2051 888 Domosque,
2084 833 2355 885 conventus,
2393 835 2482 878 loca
2502 862 2518 886 ‚

1476 888 1772 945 supellectilem
1788 920 1800 943 ,
1832 892 1937 933 bona
1952 920 1966 943 ,
1997 903 2062 931 res
2075 917 2087 939 ,
2103 889 2278 935 actiones
2294 924 2308 944 ,
2338 893 2487 951 &jura
2501 922 2516 946 ‚

1475 963 1704 1006 eorumque
1729 950 2030 1004 proprietatem
2055 948 2261 1004 suppreisae
2278 956 2518 1008 Congrega-

1475 1008 1596 1050 tionis
1634 1007 1862 1065 hujusinodi
1900 1007 2065 1051 Ordinis
2094 1010 2282 1051 Fratrum
2309 1013 2517 1054 Minorum

1475 1068 1734 1110 §.Francisci
1766 1066 2114 1111 Conventualium
2153 1081 2475 1125 nuncupatorum
2503 1101 2519 1123 ‚

1475 1127 1734 1170 Auctoritate
1747 1127 1982 1182 Apostolica
1997 1125 2259 1171 conceffimus
2270 1156 2284 1179 ,
2301 1130 2341 1170 &
2355 1128 2521 1185 affigna-

1474 1185 1607 1227 vimus
1624 1216 1640 1237 ,
1670 1200 1717 1229 ac
1745 1186 1852 1228 inter
1868 1186 1946 1230 alia
1961 1188 2140 1229 Domum
2170 1189 2210 1229 S.
2227 1188 2398 1231 Antonii
2426 1189 2517 1234 de)

1472 1243 1613 1288 Padua
1632 1256 1902 1301 nuncupatam
1917 1245 1968 1287 de
1988 1246 2127 1297 Urbe,
2149 1245 2190 1286 in
2208 1248 2359 1302 Capite
2374 1247 2518 1290 domo-

1471 1317 1562 1345 rum
1590 1305 1860 1357 existentem‚
1890 1319 1934 1348 ac
1963 1302 2048 1360 ejus
2075 1305 2330 1358 Ecclesiam,
2359 1306 2517 1360 cellas,

1474 1364 1619 1405 hortos
1645 1393 1659 1416 ,
1697 1363 1889 1408 viridaria
1922 1392 1936 1416 ,
1974 1375 2168 1419 aquarum
2195 1364 2474 1409 derivationes
2501 1395 2517 1420 ,

1473 1422 1653 1478 aliasque
1683 1422 1863 1466 officinas
1880 1452 1894 1473 ,
1928 1435 2002 1464 nec
2030 1436 2109 1464 non
2133 1423 2291 1480 reliqua
2317 1426 2421 1467 bona
2439 1425 2518 1468 im-

1476 1482 1666 1534 mobilia,
1682 1482 1841 1526 tantum
1860 1481 1920 1526 illi
1942 1480 2190 1537 adjacentia,
2209 1497 2282 1537 per
2302 1484 2403 1539 ipsos
2419 1487 2518 1527 Fra—

1474 1551 1556 1583 tres
1574 1556 1678 1585 nunc
1695 1540 1856 1598 possessa
1871 1568 1884 1589 a
1903 1543 2088 1584 Camerae
2108 1542 2259 1583 Nostrae
2276 1543 2516 1598 Apostolicae

1470 1601 1763 1656 applicavimus
1793 1628 1807 1650 ,
1838 1602 1878 1641 δε
1908 1599 2259 1653 incorporavimus
2286 1629 2297 1641 .
2332 1603 2516 1646 Subinde

1470 1661 1574 1702 vero
1601 1658 1651 1702 ad
1669 1659 1913 1701 dilet'ftorum
1942 1657 2119 1700 filiorum
2145 1659 2331 1701 Fratrum
2348 1661 2514 1704 Ordinis

1470 1719 1678 1762 Minorum
1705 1723 1746 1761 S.
1763 1715 1964 1760 francisci
1983 1716 2288 1771 Capucinorum
2307 1733 2515 1776 nuncupa-

1470 1788 1607 1820 torum
1624 1775 1790 1820 affiduas
1806 1775 1933 1817 Verbi
1951 1776 2034 1817 Dei
2052 1773 2357 1829 praedicationes
2372 1806 2387 1828 a
2412 1781 2512 1835 piae,

1469 1846 1590 1891 atque
1606 1836 1713 1878 adeo
1726 1834 1972 1889 exemplaris
2002 1835 2094 1876 vitae
2118 1833 2316 1887 studium,
2349 1837 2512 1895 aliaque

1469 1894 1686 1950 spiritualia
1709 1894 1905 1937 exercitia
1935 1902 2112 1949 paternae
2141 1893 2366 1952 dirigentes
2382 1896 2513 1940 confi·

1467 1954 1693 1996 derationis
1724 1953 1916 1996 intuitum
1932 1981 1946 2004 ,
1978 1953 2226 2010 eosdemque
2248 1955 2412 1997 Fratres
2428 1958 2512 1999 Ca-

1468 2014 1636 2070 pucinos
1663 2013 1705 2057 in
1719 2014 1868 2056 diftam
1887 2014 2092 2063 Domum,
2118 2022 2162 2056 ut
2180 2012 2277 2055 inibi
2305 2012 2416 2070 juxta
2444 2028 2514 2056 re-

1468 2072 1620 2126 gularia
1647 2085 1788 2114 eorum
1805 2069 1984 2114 instituta
2009 2072 2169 2114 Divinis
2190 2072 2396 2116 Laudibus
2421 2073 2512 2116 infi-

1467 2131 1651 2182 sterent‚
1679 2130 1729 2174 ad
1763 2130 1959 2186 majorem
1972 2129 2311 2174 Christifidelium
2334 2131 2514 2175 aedifica-

1466 2191 1618 2233 tionem
1645 2189 1968 2233 introducendos
1993 2190 2307 2234 existimavimus
2321 2221 2336 2243 ,
2359 2193 2400 2233 &
2414 2205 2511 2248 pro·

1447 2262 1609 2307 pterea
1642 2250 1736 2291 bon.
1758 2263 1882 2291 mem.
1911 2246 2118 2303 vulpiano
2147 2249 2466 2308 Archiepiscopo
2492 2279 2510 2303 ,

1465 2310 1565 2353 olim
1582 2307 2200 2361 Theatinen1i2commifimus,&
2213 2309 2511 2363 mandavimus,

1466 2379 1512 2411 ut
1541 2365 1682 2418 usum,
1710 2369 1750 2408 &
1774 2367 2072 2410 habitationem
2090 2366 2246 2411 Domus
2276 2370 2408 2412 Sancti
2424 2371 2513 2411 An-

1469 2427 1573 2470 tonii
1608 2425 1662 2467 de
1681 2426 1816 2468 Padua
1841 2425 2065 2481 praedietae,
2091 2427 2258 2484 ejusque
2288 2427 2511 2479 Ecclesia,

1466 2486 1667 2529 cellarum
1682 2513 1695 2534 ‚
1714 2485 1926 2526 hortorum
1943 2513 1957 2535 ,
1980 2486 2293 2537 viridariorum,
2315 2487 2511 2530 aliorum-

1465 2558 1542 2598 que
1558 2542 1892 2592 membrorum,&
1907 2544 2246 2598 pertinentiarum
2260 2543 2508 2600 hujusmodi,

1465 2603 1676 2646 Fratribus
1693 2601 1913 2657 Capucinis
1927 2601 2403 2656 praedic'tis,AuCtoritate
2418 2606 2509 2646 No·

1464 2663 1541 2705 stra
1569 2660 1821 2704 concederet
1836 2689 1850 2711 ,
1880 2661 1920 2701 &
1935 2658 2173 2715 assignaret,
2202 2660 2398 2705 inducens
2413 2660 2502 2704 eos-

1464 2722 1561 2763 dem
1588 2722 1754 2762 Fratres
1768 2718 1999 2774 Capucinos
2026 2733 2100 2775 per
2124 2722 2164 2763 se
2181 2748 2194 2770 ,
2221 2720 2287 2763 vel
2316 2721 2437 2763 alium
2463 2721 2503 2762 in

1465 2779 1722 2834 corporalem
1737 2808 1751 2830 ,
1772 2779 1927 2822 realem
1942 2805 1955 2828 ,
1970 2779 2011 2818 &
2024 2779 2214 2823 actualem
2231 2777 2504 2835 poffeffionem

1466 2836 1621 2881 Domus
1635 2867 1649 2890 ,
1663 2840 1876 2880 hortorum
1893 2864 1907 2887 ,
1925 2837 2181 2895 aliorumque
2193 2839 2472 2883 membrorum
2487 2866 2501 2887 ,

1459 2899 1500 2940 &
1518 2897 1853 2952 pertinentiarum
1871 2895 2127 2952 hujusmodi,
2141 2897 2319 2954 cujusvis
2332 2896 2502 2940 licentia

1462 2956 1625 2999 minime
1641 2954 1827 3012 requisita
1844 2985 1858 3007 ,
1885 2957 1925 2997 &
1953 2956 2081 3008 alias,
2108 2968 2230 3010 prout
2261 2957 2302 2999 in
2331 2954 2500 2999 divertis

1458 3016 1595 3059 nostris
1609 3016 1678 3064 ,in
1695 3015 1809 3059 simili
1824 3015 1953 3059 forma
1971 3016 2110 3058 Brevis
2138 3017 2309 3070 desuper
2331 3015 2504 3071 expedi-

1457 3075 1509 3118 tis
1540 3075 1719 3126 Literis,
1749 3088 1922 3131 quarum
1949 3085 2115 3118 tenores
2147 3075 2407 3131 praesentibus
2424 3087 2499 3130 pro

1453 3133 1641 3190 expressis
1669 3134 1811 3178 haberi
1827 3134 2014 3177 volumus
2028 3162 2042 3185 ,
2065 3135 2224 3191 plenius
2235 3135 2497 3176 continetur.

1452 3197 1560 3236 Cum
1587 3205 1751 3247 autem,
1783 3195 1880 3237 sicut
1911 3194 2041 3237 Nobis
2067 3195 2243 3236 innotuit
2261 3221 2274 3244 ,
2307 3190 2496 3235 concesso

1450 3267 1526 3311 per
1551 3253 1731 3296 eundem
1749 3253 2001 3309 Vulpianum
2032 3253 2146 3296 distis
2181 3252 2384 3297 Fratribus
2414 3253 2498 3294 Ca·

1452 3312 1608 3369 pucinis
1638 3312 1737 3365 usu,
1771 3313 2028 3356 habitatione
2062 3311 2244 3362 Domus,
2274 3313 2314 3352 δε
2346 3309 2496 3353 Eccle-

1451 3371 1511 3413 fiae
1529 3401 1544 3422 ,
1583 3372 1838 3428 aliorumque
1872 3371 2153 3415 membrorum
2174 3401 2188 3425 ,
2218 3372 2258 3412 &
2280 3369 2493 3426 pertinen-

1451 3431 1600 3474 tiarum
1617 3430 1872 3487 hujusmodi,
1896 3430 2053 3473 eisdem
2072 3430 2278 3475 Fratribus
2312 3427 2494 3482 Capuci-

1448 3491 1510 3534 nis
1523 3491 1561 3533 in
1580 3491 1746 3534 illorum
1761 3487 2037 3547 possessionem
2054 3520 2067 3542 ,
2082 3489 2146 3532 seu
2163 3490 2274 3531 usum
2291 3487 2463 3529 indueris
2478 3515 2494 3540 ,

1448 3549 1616 3593 dilectus
1630 3550 1753 3593 Filius
1768 3548 1923 3593 Noster
1935 3550 2138 3591 Antonius
2158 3547 2288 3590 Tituli
2305 3548 2494 3590 S-Honu-

1449 3609 1559 3662 phrii
1575 3610 1798 3665 Presbyter
1811 3607 2044 3652 Cardinali's
2059 3635 2072 3659 ,
2090 3606 2239 3651 Noster
2269 3602 2492 3648 secundum

1450 3682 1614 3712 carnem
1644 3672 1792 3713 Frater
1819 3669 2045 3710 Germanus
2069 3695 2083 3717 ,
2111 3680 2185 3721 pro
2213 3664 2398 3720 fingulari
2424 3663 2491 3707 sua

1450 3741 1546 3784 erga
1564 3731 1698 3771 Deum
1723 3728 1904 3784 pietate,
1935 3726 1976 3766 &
1999 3725 2155 3769 dietum
2168 3724 2368 3767 Ordinem
2392 3726 2491 3766 F'ra—

1449 3797 1558 3831 trum
1585 3787 1915 3844 Capucinorum,
1947 3797 2069 3841 quern
2097 3784 2181 3842 ipse
2210 3784 2248 3827 in
2268 3784 2489 3828 minoribus

2332 3857 2433 3885 con-
