2710 4108
1048 157 1610 273 Brixienfis.

270 272 554 333 plicationibus
585 267 771 316 inclinati
781 265 808 320 ,‘
826 265 1065 312 Discretioni
1090 282 1193 327 tuae,
1225 287 1298 328 per

271 333 504 388 Apostolica
521 327 665 386 scripta
684 323 920 368 mandamus
935 351 951 374 ‚
980 340 1180 382 quatenus
1197 334 1296 377 Te..

270 392 325 434 de
338 388 534 447 przmiffis
546 387 769 441 diligenter
783 379 977 426 informes
991 412 1006 435 ‚
1034 389 1090 437 ει,
1103 385 1127 427 fi
1147 402 1223 442 per
1238 391 1299 431 jn-
1319 424 1324 431 ,

264 450 551 497 formationem
565 439 786 501 hujusmodi
800 455 846 485 re
903 442 1005 485 reris
1020 444 1207 499 praemiffa
1226 459 1298 488 ve-

265 512 388 556 ritate
418 506 519 556 niti,
549 512 646 545 tunc
673 499 822 547 Abbati
852 513 884 545 ε
907 529 923 552 ,
951 502 993 543 δι
1022 505 1287 552 Conventui,

270 580 316 613 ut
329 566 444 610 litum
459 562 595 606 locum
606 587 623 612 ‚
650 560 691 601 δε
703 557 814 607 usum
827 557 920 602 dieti
940 559 1171 606 Monasterii
1187 563 1286 604 San-

268 628 320 671 cti
340 620 490 670 Urbani
504 646 520 671 ,
533 632 581 661 ac
598 617 703 662 illius
718 616 907 662 Ecclefiae
919 647 934 672 ,
948 621 1119 663 Sacrarii
1136 647 1150 670 ‚
1165 621 1290 661 totius

266 679 471 731 sediminis
494 703 510 727 ,
542 690 587 719 ac
613 675 874 719 edificiorum
895 703 911 726 ,
941 677 1045 722 intra
1078 675 1290 734 ejusdem

263 737 493 791 nonasterii
521 738 561 779 S·
591 736 743 780 Urbani
768 735 939 782 claustra
982 746 1142 780 tantum
1175 748 1287 779 cnm·

268 796 593 863 prehensurum,
624 809 716 838 cum
739 795 827 837 aliis
841 794 1026 847 fabricis,
1059 792 1288 837 &aedificiis

269 865 377 908 intra
391 856 559 900 claustra
577 853 761 910 praedic'ta
774 852 1179 910 comprehensis,ipfis
1196 855 1293 896 Fra-

267 920 397 965 tribus
422 912 670 968 Capucinis,
700 925 774 966 pro
796 926 929 955 annuo
951 910 1074 956 censu
1100 940 1116 963 ,
1147 910 1212 954 stu
1238 911 1289 953 li-

263 979 379 1024 vello
392 970 904 1022 sexcentarumlibrarum,
934 985 1009 1028 pro
1021 969 1158 1027 pretio
1186 969 1291 1014 duo·

266 1036 401 1083 decim
426 1030 596 1074 millium
613 1029 832 1079 librarum,
862 1028 1158 1085 utpraefertur,
1182 1029 1293 1072 redi·

272 1094 426 1141 mendo
443 1119 459 1142 ,
488 1101 566 1131 nec
582 1101 658 1131 non
672 1088 801 1129 tribus
818 1088 929 1131 mille
943 1087 1056 1131 libris
1074 1089 1292 1141 solvendis,

265 1157 396 1201 statim
423 1146 560 1192 habiti
585 1146 680 1189 dieti
696 1146 925 1190 Monasterii
952 1149 1085 1190 Sansti
1105 1148 1293 1198 Urbani,

267 1230 343 1273 per
366 1207 468 1267 ipsos
498 1208 661 1249 Fratres
677 1206 905 1261 Capucinos
922 1203 1183 1260 poiseffione,
1213 1219 1289 1248 nec

266 1288 348 1317 non
384 1264 594 1311 Fratribus
617 1265 837 1319 Capucinis
876 1278 950 1320 pro
974 1279 1108 1308 annuo
1137 1263 1255 1308 censu
1275 1292 1290 1314 ,

267 1331 336 1375 seu
355 1328 382 1371 li
391 1324 501 1369 vello
522 1323 799 1366 sexcentarum
813 1323 1008 1367 librarum
1023 1351 1038 1375 ,
1097 1337 1146 1366 ro
1158 1322 1295 1379 pretio

263 1385 483 1434 duodecim
498 1382 668 1426 millium
683 1380 878 1425 librarum
892 1392 960 1435 ,ut
975 1397 1052 1439 prae
1071 1393 1203 1432 ertur,
1220 1395 1290 1424 re-

269 1443 468 1492 dimendo
484 1471 500 1493 ,
529 1455 605 1483 nec
624 1454 703 1483 non
721 1439 900 1497 personis
911 1442 1127 1485 meliorem
1147 1441 1293 1483 condi-

270 1509 426 1550 tionem
455 1500 719 1544 offerentibus
745 1528 761 1552 ,
803 1499 855 1542 ad
887 1499 1075 1544 effectum
1110 1498 1294 1543 solvendi

267 1563 434 1610 censum
459 1562 742 1604 sexcentarum
765 1587 780 1611 ,
803 1560 842 1601 &
872 1559 1047 1616 pretium
1072 1557 1293 1602 duodecim

266 1625 382 1667 mille
415 1621 606 1662 librarum
634 1616 888 1674 hujusmodi,
916 1632 992 1661 nec
1022 1631 1102 1662 non
1119 1617 1294 1661 Duranti

266 1681 462 1742 praediffls
478 1678 590 1721 situm
609 1705 625 1729 ,
654 1675 845 1720 &locum
877 1677 990 1720 dissae
1004 1678 1294 1732 Praepossturae,

271 1757 317 1784 ac
334 1741 446 1783 usum
463 1738 571 1780 illius
587 1732 776 1779 Ecclefiae
794 1763 810 1786 ,
834 1748 927 1779 cum
938 1734 1158 1786 sedimine,
1172 1736 1296 1778 horto

267 1801 403 1843 fronte
422 1824 440 1848 ,
466 1795 665 1844 claustro,
692 1793 912 1846 domibus,
945 1793 1134 1845 fabricis,
1164 1806 1294 1836 mem-

266 1860 350 1902 bris
365 1858 394 1907 ‘,
422 1857 463 1897 δι
488 1853 742 1912 pertinentiis
765 1850 1036 1904 suis,eisdem
1051 1849 1265 1895 Abbatiffae
1279 1881 1295 1903 ,

266 1915 556 1961 &conventui
571 1942 586 1965 ‚
618 1926 693 1968 pro
716 1925 849 1955 annuo
874 1911 993 1955 censu
1010 1911 1293 1955 sexcentarum

263 1978 460 2021 librarum
473 2002 488 2025 ,
519 1983 565 2016 ut
580 1969 790 2027 praefertur
803 2000 819 2022 ,
845 1967 1041 2013 solvendo
1055 1999 1072 2022 ,
1097 1984 1144 2012 ac
1160 1970 1296 2025 pretio

265 2032 484 2078 duodecim
518 2031 693 2073 millium
723 2029 917 2073 librarum
944 2056 960 2080 ,
988 2039 1033 2072 ut
1063 2025 1296 2085 μναῖαι-ων,

264 2089 550 2137 convertendo
574 2117 591 2141 ,
629 2091 668 2132 in
700 2089 952 2145 emptionem
978 2089 1094 2131 unius
1127 2090 1297 2134 Domus,

273 2167 350 2208 pro
368 2152 467 2201 usu,
497 2151 539 2193 Gt
563 2148 845 2199 habitatione,
883 2161 929 2189 ac
954 2145 1190 2189 neceffitate
1202 2146 1296 2188 dicti

267 2208 502 2264 Praepofiti,
540 2218 612 2251 aut
641 2205 816 2247 aliorum
843 2205 1043 2246 bonorum
1064 2202 1261 2246 stabilium
1280 2232 1297 2255 ,

272 2280 340 2312 aut
355 2267 503 2325 jurium
516 2277 711 2323 aquarum
726 2292 741 2312 ‚
774 2275 850 2316 pro
870 2262 1084 2319 irrigandis
1097 2262 1214 2304 bonis
1228 2263 1281 2305 sla
1292 2286 1302 2295 ·

272 2327 421 2370 bilibus
447 2325 559 2367 dieu:
577 2319 844 2377 Praepofiturae
858 2348 874 2370 ,
904 2331 1025 2378 prout
1048 2322 1117 2379 ipss
1140 2324 1301 2377 Praepo-

263 2385 342 2428 fito
358 2382 505 2426 melius
528 2380 761 2429 videbitur,
775 2380 815 2422 in
830 2390 1072 2436 perpetuum
1091 2379 1292 2432 vendere,

267 2446 309 2486 &
332 2443 510 2487 alienare
541 2439 707 2483 valeant
720 2467 736 2489 ,
765 2438 850 2491 ita,
866 2447 911 2481 ut
937 2439 1145 2482 Fratribus
1163 2437 1292 2483 olim..

267 2502 437 2546 Ordinis
474 2497 796 2543 Humiliatorum
844 2496 1071 2554 hujusmodi
1099 2497 1139 2540 in
1184 2495 1292 2539 dista

262 2559 520 2619 prepositura
538 2556 796 2601 existentibus
812 2584 827 2607 ,
854 2557 996 2613 quibus
1009 2555 1117 2600 idem
1132 2557 1292 2598 Duran-

267 2631 332 2663 tes
358 2627 556 2666 tenetur,
581 2617 621 2657 δε
648 2629 728 2658 non
756 2615 842 2658 aliis
876 2628 951 2671 per
965 2614 1090 2657 dictas
1105 2612 1293 2657 Abbatis·

263 2677 375 2729 sam,
408 2678 450 2718 δι
470 2678 734 2719 Conventum
760 2673 1055 2730 provideatur,
1088 2681 1296 2727 excepto,

262 2737 413 2779 dilecto
439 2734 524 2777 filio
543 2734 800 2789 Hieronymo
822 2730 972 2782 Valle,
1016 2733 1160 2775 Fratre
1193 2729 1294 2771 olim

262 2795 358 2837 dieti
383 2792 549 2836 Ordinis
577 2793 896 2837 Humiliatorum
921 2818 936 2840 ,
974 2789 1040 2831 cui
1074 2786 1296 2845 providen-

264 2853 364 2896 dum
387 2852 467 2894 erit
491 2861 562 2907 per
585 2851 733 2892 dicium
757 2849 1012 2904 Praepofitum
1025 2877 1041 2899 ,
1073 2845 1206 2904 quoad
1233 2846 1294 2887 vi-

266 2913 372 2955 xerit
387 2939 403 2963 ,
436 2911 478 2951 &
491 2922 544 2951 eo
558 2907 751 2950 defuneto
765 2917 962 2950 teneatur
975 2907 1014 2948 in
1032 2913 1292 2961 perpetuum,

267 2971 396 3014 alium
435 2965 617 3024 ejusdem
645 2964 833 3022 suppreffi
858 2964 1022 3007 Ordinis
1055 2963 1295 3006 Humiliato.

262 3043 351 3073 rum
366 3058 382 3081 ,
417 3027 442 3068 si
459 3025 643 3069 extiterit
661 3052 676 3077 ,
713 3024 783 3067 vel
809 3022 935 3065 alium
949 3022 1217 3067 Sacerdotem
1253 3022 1292 3063 in

261 3090 346 3143 ejus
371 3087 508 3130 locum
537 3081 778 3138 surrogare,
810 3081 878 3138 qui
906 3079 956 3123 ad
986 3079 1133 3122 Altare
1162 3078 1294 3136 Maius

263 3147 380 3189 dietae
406 3142 675 3199 Praeposirurae
690 3139 822 3184 Miss‘as
836 3169 851 3190 ,
875 3151 949 3195 pro
971 3138 1115 3182 eodem
1133 3139 1295 3192 Praepo-

261 3205 338 3248 lito
361 3203 573 3247 celebrare
594 3200 773 3251 debeat,
802 3201 841 3240 δι
868 3195 1125 3240 dic'toAltari
1147 3197 1293 3254 Maiori

262 3272 497 3308 remaneant
525 3268 758 3317 paramenta
773 3285 787 3308 ,
803 3255 968 3299 Calices
981 3284 998 3307 ,
1031 3258 1187 3299 Cruces
1200 3284 1217 3307 ‚
1253 3257 1296 3297 &

264 3322 343 3366 alia
367 3319 553 3364 utensilia
570 3345 584 3367 ‚
623 3331 667 3361 ac
684 3311 884 3359 Abbatiffa
910 3315 1202 3358 &Conventus
1218 3315 1295 3358 hu·

262 3378 434 3440 jusmodi
448 3409 465 3431 ,
487 3379 622 3421 omnia
638 3375 715 3418 alia
738 3386 863 3415 onera
878 3371 992 3414 dicte
1008 3372 1295 3429 prepositure,

263 3452 343 3496 pro
355 3437 488 3480 cultus
509 3436 635 3480 divini
656 3432 988 3481 manutentione,
1016 3432 1290 3474 incumbentia

264 3494 456 3555 perferre
469 3497 639 3539 omnino
664 3500 879 3537 teneantur
897 3517 912 3541 ,
926 3489 1160 3541 licentiam,
1182 3486 1294 3532 &fa-

264 3555 495 3606 cultatem,
521 3553 765 3597 auctoritate
800 3548 930 3593 nostra
945 3547 1174 3599 concedas,
1215 3560 1293 3591 nec

262 3631 343 3660 non
370 3610 643 3663 Abbatilsam,
667 3614 706 3655 8:
723 3614 983 3654 conventum
1009 3605 1241 3661 hujusmodi
1271 3602 1296 3649 d

267 3671 539 3731 jurisdictione
562 3696 578 3720 2
616 3670 659 3714 δι
692 3669 979 3725 superioritate
1022 3664 1118 3707 dieti
1145 3664 1292 3731 Archi·

267 3730 497 3789 presbyteri
513 3727 646 3780 ,dieta
665 3729 903 3774 auetoritate
932 3725 1084 3768 liberes
1099 3754 1113 3778 ,
1138 3737 1184 3767 ac
1200 3722 1291 3765 illas

2160 189 2327 273 349

1359 275 1439 316 loci
1467 273 1687 317 ordinario
1705 270 1887 329 subjicias
1905 300 1921 324 ,
1966 286 2206 316 remanente
2225 287 2389 321 tamen.»

1357 331 1473 376 firma
1504 330 1706 376 solutione
1749 332 1864 374 unius
1893 330 2030 374 ducati
2059 332 2230 387 praedisti
2257 362 2274 384 ,
2318 348 2389 391 per

1359 392 1525 433 Fratres
1543 388 1774 444 Capucinos
1788 414 1803 437 ‚
1834 387 1903 430 seu
1918 389 2161 432 Abbatiss'am
2175 418 2190 442 ,
2223 393 2261 434 8(
2277 394 2392 435 Con-

1359 458 1532 491 ventum
1550 446 1807 503 hujusmodi,
1822 446 1957 489 eidem
1985 448 2390 505 Archipresbytero,

1349 509 1408 547 uti
1434 515 1584 552 antea,
1611 502 1798 548 facienda
1819 529 1835 552 2
1861 504 1996 560 sicque
2027 518 2099 560 per
2114 507 2390 566 quoscumque

1345 564 1514 618 Judices
1544 564 1583 605 δι
1612 560 1942 611 Commiffarios,
1976 563 2121 619 quavis
2150 568 2392 609 auctoritate

1351 622 1568 674 fungentes
1585 648 1599 670 ,
1635 621 1755 663 etiam
1787 618 2007 664 Causarum
2026 620 2172 663 Palatii
2189 624 2395 678 Apostoli-

1350 680 1387 720 εἰ
1419 678 1647 722 Auditores
1675 706 1689 729 ‚
1730 691 1775 721 ac
1804 680 1955 722 Sanc'tae
1987 680 2179 722 Romane
2204 681 2394 724 Ecclefiae

1346 735 1595 782 Cardinales
1609 763 1624 787 ,
1660 735 1817 779 sublata
1832 738 1890 778 eis
1905 765 1920 789 ,
1954 738 1995 779 δι
2023 751 2168 781 eorum
2193 739 2362 782 cuilibet
2380 768 2394 791 ,

1348 793 1489 852 quavis
1516 794 1641 836 aliter
1668 793 1874 846 judicandi
1901 821 1918 845 ,
1943 796 1985 838 δι
2008 795 2309 853 interpetrandi
2339 797 2396 840 sa-

1349 851 1511 897 cultate
1537 854 1577 896 δι
1595 853 1868 903 auctoritate,
1909 854 2057 910 ubique
2077 853 2249 910 judicari
2267 855 2393 898 &de-

1352 910 1462 956 finiri
1491 910 1676 962 debere,
1713 910 1875 953 irritum
1890 925 2079 968 quoque,
2116 914 2289 956 &inane
2316 913 2392 957 de-

1352 982 1529 1019 cernas,
1558 968 1714 1013 fisecus
1733 968 1849 1025 super
1875 970 1962 1021 liis,
1994 970 2015 1013 ἃ
2043 984 2268 1028 quoquam,
2294 986 2393 1027 qua-

1353 1029 1413 1071 vis
1428 1029 1672 1072 auctoritate
1689 1027 1867 1073 scienter
1883 1054 1897 1078 ,
1915 1028 1982 1071 vel
1999 1028 2236 1084 ignoranter
2257 1031 2395 1072 conti-

1354 1087 1461 1143 gerit
1477 1087 1783 1131 attentari.Non
1801 1086 2049 1131 obstantibus
2062 1086 2309 1131 concemone
2322 1089 2390 1130 di·

1355 1150 1423 1189 ἂι
1440 1146 1627 1191 Ecclesiae
1652 1145 1785 1189 Sansii
1804 1146 1957 1190 Urbani
1979 1160 2053 1202 per
2076 1145 2227 1189 dietum
2243 1147 2397 1189 Archi-

1355 1207 1659 1261 presbyterum,
1674 1214 1718 1248 ut
1734 1202 2079 1261 praetetianum,
2093 1219 2139 1249 ac
2156 1204 2286 1250 literis
2297 1205 2395 1249 dicti

1354 1262 1661 1308 Praedecefforis
1680 1292 1694 1315 ,
1731 1264 1904 1320 desuper
1930 1261 2125 1308 confectis
2146 1290 2162 1314 ‚
2200 1278 2277 1308 nec
2307 1278 2391 1308 non

1354 1322 1627 1374 Elisabetbae,
1672 1324 1714 1365 δι
1735 1322 1868 1366 Clara:
1895 1323 2171 1379 praedictarum
2202 1323 2395 1368 volunta-

1355 1382 1462 1426 tibus
1484 1412 1498 1433 ,
1527 1395 1625 1440 quas
1641 1406 1656 1432 ,
1682 1382 1815 1438 quoad
1853 1383 1928 1426 hoc
1958 1381 2188 1437 specialiter
2207 1410 2221 1435 ,
2249 1384 2291 1426 δι
2316 1395 2393 1426 ex-

1354 1438 1490 1499 presse
1505 1450 1803 1485 commutamus
1822 1442 1862 1484 δι
1884 1440 1975 1485 aliis
1992 1440 2188 1496 praemiffis
2205 1469 2220 1493 ‚
2255 1456 2301 1486 ac
2316 1455 2394 1484 no-

1354 1500 1433 1544 stra
1459 1500 1513 1542 de
1539 1513 1618 1542 non
1649 1499 1840 1543 tollendo
1868 1498 1957 1555 jure
1980 1501 2165 1555 quesite,
2207 1513 2281 1544 nec
2309 1514 2391 1543 non

1355 1560 1432 1617 piae
1458 1559 1663 1601 memoriae
1678 1558 1874 1602 Bonifacii
1891 1559 2006 1612 Papae
2023 1560 2141 1602 vm.
2157 1557 2211 1602 de
2229 1571 2308 1601 non
2325 1573 2391 1603 re-

1355 1617 1556 1674 cipiendis
1573 1618 1689 1660 novis
1705 1617 1805 1660 locis
1820 1646 1836 1668 ‚
1859 1616 1912 1660 ad
1926 1615 2191 1662 habitandum
2205 1631 2279 1673 per
2294 1620 2395 1661 Fra-

1355 1687 1445 1721 tres
1472 1676 1757 1719 Mendicantes
1771 1706 1787 1728 ,
1817 1691 1862 1719 ac
1890 1675 2017 1720 recol.
2032 1690 2156 1719 mem.
2178 1675 2294 1720 Pauli
2317 1676 2397 1719 Pa-

1357 1748 1414 1788 pae
1438 1737 1493 1777 11.
1510 1762 1525 1783 ‚
1562 1737 1603 1776 δι
1630 1735 1807 1779 aliorum
1828 1737 2106 1778 Romanorum
2133 1735 2394 1786 Pontificum,

1355 1793 1694 1837 Praedecefforum
1711 1794 1936 1837 nostrorum
1954 1793 2035 1844 ,de
2061 1795 2184 1839 rebus
2202 1792 2397 1838 Ecclefiae

1354 1867 1435 1896 non
1466 1852 1720 1904 alienandis,
1764 1867 1809 1896 ac
1835 1854 1924 1895 aliis
1947 1852 2315 1897 Constitutionibus
2351 1854 2393 1894 δε

1354 1910 1696 1954 Ordinationibus
1724 1911 1967 1968 Apostolicis
1995 1941 2011 1963 ,
2047 1924 2123 1956 nec
2149 1925 2225 1954 non
2256 1914 2397 1954 Mona.

1355 1970 1466 2012 sterii
1485 1996 1499 2018 ,
1534 1971 1576 2011 δε
1601 1969 1803 2013 Ordinum
1841 1970 2116 2027 praedistorum
2146 1969 2392 2026 juramento,

1356 2025 1674 2071 confirmatione
1706 2028 1971 2083 apostolica,
2011 2029 2079 2074 vel
2105 2030 2244 2085 quavis
2269 2027 2397 2071 firmi-

1358 2098 1447 2130 tate
1477 2086 1555 2130 alia
1585 2086 1784 2128 roboratis
1816 2086 2001 2139 statutis,
2032 2087 2397 2131 &consuetudini-‘

1361 2148 1434 2190 bus
1451 2144 1702 2201 ,privilegiis
1731 2159 1896 2202 quoque
1909 2174 1924 2198 ,
1945 2146 2112 2189 indultis
2128 2174 2143 2197 ,
2167 2147 2208 2189 ἀ
2224 2147 2395 2190 Litteris
2414 2172 2419 2179 ·

1360 2204 1611 2260 Apostolicis
1635 2204 1672 2245 in
1689 2205 1941 2246 contrarium
1966 2204 2281 2263 quomodolibet
2295 2219 2395 2247 con-

1360 2262 1471 2307 ceffis
1486 2291 1502 2313 ,
1520 2261 1752 2318 approbatis
1766 2263 2021 2307 &innovatis
2038 2293 2049 2305 .
2087 2264 2244 2322 Qibus
2260 2264 2398 2308 omni-

1356 2319 1718 2368 bus‚i11isaliasin
1743 2320 1811 2363 suo
1829 2322 1980 2366 robore
1992 2322 2261 2379 permansuris
2276 2351 2290 2374 ,
2318 2323 2395 2366 hae

1356 2381 1449 2424 vice
1473 2377 1686 2422 dumtaxat
1702 2379 1968 2436 specialiter,
1996 2383 2035 2424 &
2063 2381 2252 2438 expresse
2269 2380 2395 2424 dero-

1356 2451 1524 2495 gamus,
1554 2438 1794 2494 caeterisque
1822 2440 2041 2485 contrariis
2058 2438 2395 2498 quibuscumque.

1354 2502 1505 2542 Datum
1523 2498 1664 2541 Romae
1677 2497 1784 2553 apud
1801 2502 1993 2542 Sanctum
2013 2502 2197 2543 Marcum
2211 2512 2319 2542 anno
2332 2501 2397 2542 in-

1352 2556 1599 2598 carnationis
1628 2556 1854 2599 Dominicae
1880 2557 2095 2601 millelimo
2118 2556 2396 2612 quingentefi·

1353 2629 1422 2656 mo
1450 2615 1722 2668 octuagesimo
1750 2613 1921 2667 septimo
1947 2614 2191 2671 idibusJunit'
2207 2644 2218 2655 .
2245 2614 2392 2658 Ponti-

1356 2671 1501 2718 ficatus
1525 2671 1662 2714 Nostri
1690 2673 1817 2713 Anno
1832 2672 2004 2715 Tertio.

1415 2848 1474 2892 Ex
1491 2843 1661 2889 Arcbt'w
1674 2846 1888 2888 Baliarum
1901 2874 1916 2897 ,
1931 2849 2075 2889 secret.
2088 2844 2273 2888 Brevium
2289 2848 2389 2900 Apo.

1459 2903 1690 2962 stammam
1718 2905 1959 2960 Annipraed.
1977 2904 2062 2964 fol.
2079 2915 2176 2960 30¹·

1352 3256 1638 3309 Monialibua
1665 3258 1830 3308 Brixiae
1873 3254 1931 3306 ad
1965 3253 2126 3306 sonum
2170 3252 2384 3305 Meridiei

1425 3330 1704 3379 Orationem
1721 3328 2043 3384 Dominicam,
2074 3323 2123 3376 ὅ(
2147 3324 2388 3375 Salutatio-

1424 3415 1532 3449 nem
1574 3399 1847 3467 Angelicam
1884 3394 2019 3447 semel
2059 3393 2385 3452 recitantibus,

1423 3466 1738 3537 Apostolicam
1755 3465 1967 3519 Benedifl
1975 3466 2129 3518 ionem
2150 3466 2199 3516 in
2228 3482 2386 3537 perpe·

1424 3551 1559 3590 tuum
1589 3538 1812 3608 largitur.

2256 3782 2341 3824 81⁴
