2774 4068
374 214 485 295 88

1099 199 1661 292 Provincia

312 330 478 374 qnoniam
490 325 583 364 cirea
605 318 1167 364 administrationem·sacramenti
1182 319 1400 357 Poenitontiae
1413 320 1448 355 in
1462 318 1542 367 ipsis
1558 317 1776 361 Triremibus
1793 344 1805 366 ,
1820 320 1924 359 esiam
1949 333 2014 372 pro
2027 320 2212 372 tempore,
2235 323 2272 360 in
2285 335 2358 372 quo
2371 326 2445 365 suut

307 375 347 412 in
361 378 515 413 Darsena
528 401 537 416 ‚
565 376 600 413 ἃ
612 383 715 426 portu
726 397 740 421 ‚
767 377 816 416 ob
835 374 1036 411 diuturnam
1052 369 1312 425 observantiam
1326 393 1336 409 ,
1362 369 1406 404 ab
1417 368 1566 424 ipsomet
1585 371 1758 420 Episcopo
1772 371 1981 410 Viterbiensi
2002 386 2072 410 non
2099 374 2348 411 contradicim
2360 398 2374 419 ,
2397 380 2448 414 in-

306 426 455 462 novatio
470 437 495 473 p
506 425 674 464 reducere
691 424 800 475 posset
811 425 926 471 aliqua
942 420 1228 459 inconvenientia
1242 443 1254 462 ,
1280 419 1412 454 idcirco
1425 421 1537 454 visum
1550 443 1563 460 ‚
1589 420 1624 456 8<
1641 419 1855 458 referendum
1870 445 1882 466 ‚
1907 422 1964 458 seu
1978 424 2225 460 consulendum
2239 423 2349 462 eidem
2364 424 2449 461 San·

302 473 448 510 aiffimo
461 498 474 518 ‚
487 485 526 512 ut
538 501 552 521 ,
564 475 713 524 quando
735 477 810 526 ejus
827 476 963 511 summae
979 469 1171 519 prudentiae
1182 468 1341 506 videatur
1352 491 1368 511 ,
1380 479 1460 505 curn
1474 466 1608 516 speciali
1622 469 1759 507 indulto
1775 471 1811 506 id
1826 472 1993 508 concedat
2004 472 2203 520 capellanis
2215 497 2227 515 ,
2254 474 2445 510 dummodo

302 535 383 560 eum
400 525 559 563 Personis
574 553 582 568 ,
608 537 684 575 quae
699 524 869 565 continuo
900 521 1028 560 vivunt
1054 520 1090 557 in
1103 519 1182 568 ipsis
1196 516 1437 558 Tritemtbus,
1461 528 1529 554 non
1540 529 1653 556 autem
1669 518 1818 557 in'l'erra
1834 545 1844 563 ,
1870 521 2070 568 praedistum
2088 523 2347 560 Sacramentum
2367 521 2447 558 Ρω-

301 573 452 611 nitentiae
463 574 700 612 administrent
717 601 726 610 .

404 624 615 662 Secundum
639 624 832 664 Decretum
852 623 930 674 fuir
956 618 1047 658 illud
1070 615 1643 668 AuditorisSanfiffmi‚editum
1661 616 1718 654 die
1746 628 1798 664 ¹3·
1825 616 2010 655 Februarii
2040 620 2142 666 1692,
2170 622 2209 656 in
2234 632 2299 668 quo
2323 646 2335 665 ‚
2357 618 2450 669 fizffie

302 671 410 710 verbo
435 685 512 710 cum
552 673 748 713 Sanfilitate
763 676 833 724 sua
845 699 858 718 ,
885 671 928 714 ὠ·
950 682 1018 706 non
1033 667 1180 719 obstante
1188 668 1405 718 superventa
1417 667 1558 704 interim
1566 666 1815 716 subrogatione
1838 667 1916 705 PP.
1933 668 2191 716 Capacinorum
2215 679 2279 718 pro
2293 669 2455 718 Capella-

297 724 365 760 υἷε
400 723 440 759 ἰνι
469 721 689 761 ‘triremibus
704 723 902 772 Pontificiis
917 745 925 761 ,
949 719 1016 757 loco
1040 718 1326 767 Presbyterorum
1349 714 1602 761 secularium,
1632 716 1758 753 disium
1773 715 1851 766 fuir
1877 716 1972 752 circa
1994 716 2364 766 jurajurisdifflonalia
2379 745 2390 761 ‚
2415 719 2451 755 8<

301 771 520 813 Perochialia
548 771 627 808 nibil
647 771 743 810 fuisse
774 771 981 809 innovatum
1006 768 1051 805 ad
1067 778 1218 804 tenorem
1241 767 1382 803 Decreti
1397 765 1543 803 emanati
1568 768 1608 801 in
1623 764 1908 811 Congrcgatione
1924 765 2127 812 particulari
2137 778 2233 804 anno
2256 769 2356 815 1678.

305 815 308 817 ⁵
407 820 566 860 Tertium
585 821 663 869 fuir
686 822 733 859 S.
768 818 1057 869 Congregationis
1079 817 1317 867 Episcoporum
1343 838 1354 856 2
1374 814 1417 857 ὁ
1436 813 1667 863 Regularr‘um
1694 827 1704 850 t
1731 822 1959 862 conquerente
1971 813 2139 863 fiquidem
2163 816 2207 854 P.
2227 816 2456 856 Provincialo

304 872 568 923 'Capucr'norum
607 896 618 914 ‚
675 871 805 921 uodsm‘
822 869 985 920 Religiofi
996 893 1008 913 ,
1021 865 1114 904 elerii
1139 867 1177 902 in
1194 863 1395 914 capellanos
1413 863 1627 919 Triremiung
1643 888 1655 906 ,
1667 863 1879 902 tenebantur
1893 862 2062 911 duplicem
2083 865 2236 902 obtinere
2253 874 2316 914 pro
2334 868 2462 917 confes.

297 955 300 958 .
305 922 456 974 sionibus
489 921 643 968 excipien
671 921 702 956 t‘s
726 921 1029 970 approbationem,
1056 927 1161 954 unam
1175 914 1218 950 ab
1232 914 1497 965 Eminentiffimo
1512 914 1620 951 vrbis
1638 910 1676 952 V
1674 913 1783 950 icario
1798 934 1811 954 ‚
1838 910 1983 950 alteram
2004 914 2047 948 ab
2069 912 2225 962 Episcopo
2237 913 2276 952 V
2273 917 2459 967 iterbiensi‚

309 974 355 1013 S.
371 970 603 1020 Congregan‘o
658 969 716 1006 die
745 982 796 1017 ¹9·
812 970 947 1006 Decem.
967 975 1068 1016 1704.
1094 963 1212 1003 audito
1233 963 1392 1013 Episcopo
1419 962 1628 1012 Viterbr'enfi
1662 959 1836 1012 respondit
1861 974 1870 997 ε
1905 962 2192 1010 approbationem
2220 967 2390 1012 pertinere
2412 966 2458 1003 ad

308 1019 629 1058 Eminentissimum
661 1019 770 1056 Urbis
792 1019 970 1055 Vicariurn
986 1043 995 1053 .

411 1066 581 1105 ‘Ultimum
595 1067 782 1105 Decretum
797 1066 839 1118 est
853 1067 944 1105 illud
957 1065 1147 1104 Auditoris
1159 1060 1371 1112 Sanfliffimr',
1386 1060 1515 1099 editum
1527 1061 1585 1099 die
1603 1073 1616 1098 1
1626 1061 1660 1097 8.
1674 1061 1846 1111 Septemb.
1864 1069 1967 1107 1711.
1991 1062 2030 1097 in
2055 1072 2120 1110 quo
2128 1060 2221 1110 fasso
2237 1060 2350 1100 Verbo
2382 1075 2459 1101 eum

308 1117 586 1165 Sanfiir'tatesua
599 1141 612 1161 ,
638 1118 681 1160 ὠ·
694 1119 858 1166 partibus
882 1116 1040 1159 auditis,
1066 1111 1262 1150 inhaerendo
1284 1110 1481 1160 refhlutiom'
1497 1111 1786 1160 Congregatiom'r
1795 1109 2027 1160 particularis
2068 1112 2154 1147 anm·
2187 1111 2285 1158 1678.
2309 1110 2464 1149 declara-

314 1169 402 1205 ὐἷες
431 1166 499 1203 ΡΡ.
522 1166 726 1213 Capucinos
754 1166 846 1214 posse
861 1165 1088 1202 administrare
1106 1162 1296 1206 personis,
1320 1173 1396 1209 quae
1421 1160 1595 1197 continuo
1623 1163 1746 1198 vivunt
1774 1160 1808 1196 in
1819 1160 2044 1198 ‘triremibus
2072 1159 2274 1198 Pontificiis
2299 1184 2309 1202 ‚
2336 1162 2461 1199 Sacra-

313 1226 473 1254 mentum
491 1214 714 1252 Poenitentiae
727 1217 860 1252 tanrhm
887 1216 922 1252 in
937 1214 1015 1262 ipsis
1029 1211 1240 1248 Triremibus
1254 1235 1263 1251 ‚
1286 1211 1320 1247 in
1336 1210 1489 1248 Darsena
1502 1234 1515 1255 ,
1541 1218 1650 1257 portu
1662 1234 1671 1250 ,
1698 1209 1734 1245 &
1747 1209 1915 1255 Hospitio
1925 1211 1961 1246 in
1986 1208 2138 1245 Darsena
2157 1209 2336 1246 'existente
2352 1233 2364 1254 ,
2389 1222 2463 1247 cum

311 1263 574 1313 approbatione
598 1266 737 1300 tantum
753 1263 1018 1301 EminentissImi
1046 1260 1308 1299 D.Catdinalis
1322 1259 1482 1301 vicariis
1512 1261 1615 1296 Extra
1630 1270 1746 1295 tamen
1773 1258 1864 1295 dieta
1883 1260 1956 1295 loca
1987 1258 2204 1304 declaravit,
2230 1269 2300 1296 uon
2334 1259 2460 1308 posse-.-

317 1312 449 1351 dierum
461 1313 730 1350 Sacramentum
743 1312 982 1364 administrare
997 1311 1069 1362 fine
1091 1309 1334 1359 approbatione
1354 1308 1623 1350 Eminemissirni
1635 1310 1684 1346 D.
1698 1307 1863 1356 Episcopi
1879 1306 2121 1345 Viterbiensts.

316 1359 327 1364 ’
425 1359 537 1410 ΗΞΙεε
556 1363 668 1409 proin
680 1362 855 1412 stantibus
869 1362 1115 1409 dignabuntur
1133 1358 1206 1395 ΕΕ.
1227 1355 1313 1396 W.
1334 1357 1540 1396 decernere.

621 1408 687 1448 An
697 1411 778 1450 PP-
803 1411 978 1460 Capuct'm‘
991 1410 1066 1452 &c-
1082 1409 1137 1446 uti
1144 1407 1256 1458 supro
1271 1432 1281 1442 .

412 1520 507 1559 Cum
521 1527 638 1557 autem
653 1518 688 1554 8c
711 1519 747 1555 in
761 1519 824 1557 hac
839 1518 963 1556 Martii
986 1517 1279 1562 congregatione
1291 1514 1407 1554 Causa
1435 1515 1597 1552 manserit
1610 1515 1763 1553 indecisa
1778 1539 1792 1561 ,
1810 1516 1866 1554 die
1886 1515 1938 1553 18.
1950 1517 1982 1552 A
1988 1515 2067 1564 prii·
2089 1524 2191 1564 1722.
2209 1516 2252 1553 ad
2277 1516 2381 1553 illam
2393 1515 2458 1553 fuit

315 1569 535 1616 rescriptum,
551 1577 589 1605 ut
604 1567 756 1614 sequitur
771 1594 781 1604 .

420 1618 527 1655 Posse
541 1618 664 1654 Patres
682 1617 891 1664 Capucinos
902 1617 972 1653 sine
995 1614 1250 1665 approbatione
1262 1612 1443 1651 ordinarii
1458 1612 1692 1650 viterbiensis
1704 1637 1713 1653 .
1738 1616 1772 1649 δι
1786 1626 1866 1652 cum
1893 1613 1964 1651 sola
1985 1613 2238 1663 approbatione
2268 1615 2377 1652 Urbis
2392 1613 2461 1650 vi·-

317 1669 401 1708 ea'rii
416 1666 578 1715 excipere
597 1665 821 1703 confeffiones
837 1665 1025 1710 Remigum
1043 1691 1050 1704 .
1073 1665 1108 1700 &
1121 1662 1268 1699 aliorum
1286 1664 1320 1699 in
1333 1663 1523 1699 triremibus
1533 1661 1708 1699 continuo
1722 1663 1926 1708 degentium
1939 1687 1952 1707 ,
1969 1673 2038 1700 tam
2071 1664 2106 1699 in
2119 1663 2198 1711 ipsis
2224 1665 2461 1705 Triremibus,'

313 1719 423 1766 quam
439 1717 474 1753 in
485 1726 591 1763 portu
606 1715 641 1750 8c
660 1717 897 1762 receptaculo,
908 1716 1020 1759 vulgo
1036 1713 1194 1752 Darsena
1209 1737 1224 1757 ,
1246 1713 1282 1749 8<
1299 1713 1334 1750 in
1346 1711 1510 1759 Hospitio
1533 1711 1567 1747 in
1581 1712 1736 1748 Darsena
1761 1712 1929 1748 existente
1941 1735 1955 1756 ,
1979 1713 2037 1749 sed
2063 1725 2135 1748 non
2150 1713 2242 1760 posse
2289 1714 2460 1750 eosdem..-

312 1767 441 1803 Patres
454 1764 656 1812 Capucinos
678 1765 841 1812 excipere
866 1764 1069 1801 eorumdem
1094 1761 1323 1800 confessiones
1348 1761 1384 1799 in
1412 1760 1574 1799 Civitate
1599 1760 1754 1799 Centum
1779 1761 1960 1800 Collatum
1983 1760 2050 1798 sine
2062 1763 2318 1808 approbatione
2350 1759 2464 1798 Ordi-

314 1815 406 1861 narii
421 1812 650 1851 viterbiensis
664 1837 675 1847 .

511 1919 567 1959 Ex
577 1930 665 1959 tomo
679 1933 714 1961 2.
728 1921 899 1971 Thesauri
911 1923 1008 1972 resol.
1024 1922 1054 1962 S
1056 1946 1066 1958 .
1085 1922 1195 1974 ΟΜΖ.
1215 1923 1279 1974 fol.
1300 1934 1376 1971 ¹03·
1395 1931 1473 1972 147.
1484 1922 1528 1966 (ς’
1544 1924 1623 1971 158.

310 2182 566 2230 Decretum
586 2183 634 2232 S.
667 2183 906 2250 Congreg.
932 2178 1145 2250 Episcop.
1183 2201 1237 2232 ac
1273 2187 1364 2233 Re-

377 2254 530 2321 gular.
571 2268 664 2319 quo
694 2251 982 2302 Monialibus
1026 2255 1184 2303 Mont.
1219 2257 1359 2321 Qir.

382 2325 443 2389 de
458 2322 590 2377 Urbe
607 2321 707 2372 esus
723 2322 1062 2375 lasticiniorum
1079 2330 1242 2385 (extra
1260 2343 1370 2393 qua-

387 2391 716 2462 dragesimam,
732 2392 866 2442 ferias
879 2393 1042 2454 sextas,
1060 2395 1109 2447 &
1123 2398 1322 2466 vigilias.
1340 2402 1362 2456 )

381 2464 538 2513 licitus
561 2464 820 2513 declaratur
838 2498 854 2522 ,
883 2464 1127 2516 confirmat
1145 2503 1157 2514 .

312 2586 842 2636 CLEMENS
930 2588 1178 2638 PAPA
1260 2589 1358 2636 XI.

516 2702 587 2745 Ad
597 2700 795 2761 futuram
820 2705 881 2746 rei
912 2707 1163 2747 memoriam.

351 2814 356 2818 ’
458 2823 575 2876 Uper
608 2834 684 2876 pro
710 2830 826 2877 parte
853 2819 1006 2864 Dilecti
1035 2822 1360 2869 Filii2moderni

477 2879 651 2922 Ministri
667 2880 936 2923 Provincialis
962 2882 1186 2924 Provinciae
1210 2885 1360 2926 Roma-

308 2938 557 2990 nae20rdinis
574 2941 767 2982 Fratrum
786 2940 995 2984 Minorum
1015 2942 1149 2986 Sancti
1162 2942 1363 2985 Francisci

310 2999 620 3054 Capucinorum
645 3010 1003 3056 nuncupatorum,
1032 3002 1358 3058 Congregationi

309 3058 629 3101 venerabilium
654 3061 734 3103 FF.
756 3059 999 3103 Nostrorum
1029 3063 1069 3103 S.
1084 3062 1198 3104 R.E.
1215 3062 1358 3104 Cardi-

308 3115 468 3160 nalium
485 3118 661 3171 negotiis
675 3146 687 3167 ,
708 3121 748 3160 &
761 3119 1128 3164 consultationibus
1139 3121 1357 3177 Episcopo—

267 3187 273 3191 ·
308 3189 401 3218 rum
429 3178 469 3218 δε
487 3177 760 3231 Regularium
778 3179 991 3235 praepofitae
1004 3177 1215 3235 exposito,
1247 3181 1357 3236 quod

310 3235 607 3280 Monasterium
623 3238 864 3280 Monialium
879 3240 1077 3296 Corporis
1104 3238 1256 3283 Christi
1273 3242 1357 3285 Ca-

308 3295 550 3353 pucinarum
578 3307 905 3352 nuncupatarum
921 3299 974 3342 de
990 3299 1107 3343 Urbe
1121 3327 1134 3351 ,
1171 3297 1359 3355 §primae-

309 3369 362 3397 va
378 3355 464 3414 ejus
487 3353 748 3402 fundatione.
764 3371 838 3412 per
851 3357 1044 3415 quasdam
1062 3357 1133 3410 fel.
1148 3372 1234 3402 rec.
1250 3362 1358 3404 Gre-

312 3417 417 3469 gorii
436 3418 554 3472 Papae
573 3419 697 3460 XIII.
713 3417 1020 3462 Praedecefforis
1035 3417 1159 3462 nostri
1182 3417 1357 3477 desuper

312 3473 381 3514 sub
426 3477 601 3531 plumbo
643 3490 752 3520 anno
793 3479 1089 3522 Incarnationis
1132 3480 1357 3524 Dominicae

313 3546 528 3597 Mtntxxvt.
545 3537 818 3581 Pontificatus
840 3537 915 3592 sui,
931 3553 1036 3582 anno
1056 3540 1218 3596 quinto,
1234 3554 1360 3598 expe-

311 3589 419 3632 ditas
440 3594 580 3638 literas
602 3627 615 3649 ,
641 3599 884 3649 direltioni,
915 3600 954 3641 &
982 3599 1200 3642 visitationi
1231 3611 1327 3644 tunc
1344 3632 1358 3656 ,

310 3651 351 3716 &t
379 3665 458 3706 pro
473 3665 661 3709 ternpore
690 3659 895 3703 existentis
923 3659 1100 3702 Ministri
1117 3661 1358 3705 Provincia-

312 3711 362 3753 lis
389 3709 484 3777 dicii
508 3714 672 3758 Ordinis
702 3719 1035 3763 commendatum
1059 3750 1075 3773 ,
1106 3718 1356 3778 diesisque-2

312 3771 799 3829 Monialrbusinjunfium
824 3779 989 3828 suerat,
1021 3790 1067 3824 ut
1094 3781 1266 3838 primam
1283 3798 1349 3828 re-

1967 1968 1992 2005 9

905 2084 1259 2100 —w—n*
1263 2078 2460 2099 ——n—u——n——nm———-

1423 2180 1496 2222 bus
1515 2179 1753 2222 Monasterii
1771 2179 2012 2223 Monialium
2028 2179 2331 2237 Capucinarum
2358 2182 2461 2221 San-

1421 2242 1491 2282 &ae
1507 2238 1644 2281 Mariae
1659 2240 1698 2281 in
1714 2237 1970 2282 Hierusalem
1983 2239 2203 2287 ,Civitatis
2220 2237 2465 2294 Neapolita-

1428 2297 1739 2349 nae20bservare
1757 2308 2033 2351 tenerentur,
2062 2300 2104 2341 in
2130 2299 2327 2355 praeditstis
2360 2296 2462 2339 vero

1427 2357 1803 2401 Constitutionibus
1831 2386 1845 2409 ‚
1867 2358 1935 2400 ubi
1958 2357 2013 2400 de
2056 2367 2261 2414 perpetuo
2306 2355 2465 2414 jejunio

1422 2431 1510 2472 cap.
1531 2431 1592 2459 tv.
1622 2417 1780 2460 mentio
1797 2414 1842 2459 fit
1861 2447 1874 2469 ,
1904 2417 2177 2474 praescriptum
2205 2416 2435 2472 reperiatur
2451 2440 2467 2464 ‚

1421 2483 1467 2516 ut
1492 2483 1637 2528 praeter
1669 2476 1852 2516 omnium
1874 2479 2114 2518 Sanctorum
2141 2503 2154 2525 a
2198 2477 2238 2516 &
2264 2475 2465 2530 majorem

1418 2532 1806 2587 Quadragesimam‚
1823 2530 1943 2574 ferias
1960 2533 2089 2584 sextas
2106 2560 2120 2580 2
2153 2548 2198 2574 ac
2220 2533 2379 2587 vigilias
2407 2533 2465 2573 de

1417 2602 1640 2648 praecepto,
1656 2591 1864 2633 lacticiniis
1880 2606 1931 2633 ex
1955 2591 2210 2635 conceffione
2235 2605 2318 2633 rec.
2336 2596 2461 2631 mem.

1420 2651 1601 2706 Eugenii
1628 2653 1743 2706 Papae
1760 2651 1975 2693 IV-etiam
2002 2647 2306 2695 Praedecefforis
2336 2647 2460 2690 nostri

1421 2710 1529 2753 vesci
1566 2708 1721 2766 possent
1744 2740 1759 2761 ‚
1789 2709 1902 2767 juxta
1928 2724 2048 2766 quam
2065 2719 2290 2764 utrumque
2317 2711 2464 2750 Mona-

1422 2769 1584 2812 sterium
1614 2770 1851 2812 continuata
1877 2799 1891 2822 ‚
1921 2771 1959 2812 &
1991 2784 2194 2826 nunquam
2226 2769 2459 2821 interrupta

1423 2830 1622 2885 temporis
1645 2829 1752 2872 serie
1778 2825 1938 2886 semper
1962 2829 2123 2872 vixerat
2148 2842 2163 2882 3
2194 2830 2233 2868 &
2263 2829 2302 2869 in
2319 2826 2463 2869 eadem

1424 2889 1675 2944 expositione
1690 2886 1902 2943 subjuncto
1917 2918 1930 2942 ,
1955 2890 2065 2944 quod
2083 2889 2218 2943 paucis
2234 2887 2378 2929 abhinc
2399 2898 2466 2927 an-

1424 2948 1486 2990 nis
1514 2948 1693 3004 quaedam
1722 2949 1915 2992 Monialis
1944 2947 2173 3004 primodisti
2198 2943 2464 2995 Monasterii,

1418 3016 1490 3049 aut
1518 3007 1679 3063 majoris
1707 3005 1968 3063 perfeetionis
1996 3008 2088 3051 zelo
2118 3035 2132 3058 ,
2164 3016 2229 3049 aut
2259 3006 2462 3062 ignoran-

1418 3066 1474 3109 tia
1500 3066 1828 3124 duc'ta,ejusdem
1845 3067 2081 3111 Monasterii
2097 3067 2280 3123 quietem
2298 3073 2462 3120 pertur-

1418 3127 1522 3169 bare
1546 3137 1733 3183 coeperat
1761 3155 1776 3180 ,
1805 3125 2019 3171 afferendo
2035 3157 2049 3180 ,
2071 3125 2272 3170 Moniales
2295 3138 2343 3166 ea
2372 3136 2465 3164 conv

1417 3185 1726 3238 cessione,tut3
1755 3184 2002 3231 conscientias
2040 3187 2101 3229 uti
2131 3182 2296 3227 minime
2327 3178 2460 3238 posses

1418 3247 1481 3289 cui
1503 3244 1669 3302 quidem
1684 3245 1893 3302 opinioni,
1908 3259 2002 3290 curn
2027 3244 2168 3288 frustra
2200 3243 2278 3287 suis
2303 3243 2342 3285 se
2361 3253 2459 3296 per-

1420 3304 1659 3349 suasionibus
1672 3305 1912 3364 objecissent
1925 3336 1940 3359 ‚
1956 3317 2056 3350 tunc
2071 3305 2224 3363 pariter
2243 3299 2461 3366 exissentes

1423 3365 1613 3409 Minister
1641 3365 1910 3409 Provincialis
1936 3365 2122 3424 ejusdem
2136 3362 2390 3406 Provinc1ae‚
2422 3359 2462 3398 &

1421 3427 1678 3470 Procurator
1703 3425 1918 3469 Generalis
1945 3425 2041 3469 dieti
2067 3421 2233 3466 Ordinis
2257 3446 2271 3469 2
2302 3414 2462 3462 necesse

1419 3483 1555 3530 fuerat
1582 3486 1791 3530 recursum
1814 3485 1969 3528 habere
1998 3483 2047 3527 ad
2077 3481 2357 3524 auetoritatem
2377 3478 2464 3518 Ve-

1423 3544 1614 3591 nerabilis
1632 3545 1785 3589 Fratris
1803 3543 1984 3595 Nicolai,
2004 3539 2190 3597 Episcopi
2206 3542 2401 3583 Portuen.
2418 3538 2460 3578 S.

1419 3608 1475 3650 R.
1493 3608 1541 3648 E.
1562 3605 1793 3650 cardinalis
1810 3601 2008 3660 Acciajoli
2035 3612 2213 3654 nuncup.
2235 3596 2455 3656 ejusdem:

1420 3665 1589 3710 Ordinis
1613 3664 1721 3723 apud
1737 3668 1823 3708 Nos
1851 3664 1890 3704 δι
1903 3659 2055 3705 Sedent
2070 3662 2103 3703 A
2111 3659 2344 3715 postoiicam
2362 3658 2457 3697 Pro·-

1421 3726 1584 3771 oeesoris
1600 3755 1614 3780 ,
1646 3726 1760 3783 cujus
1788 3736 1866 3779 ope
1884 3719 2010 3763 exciti
2036 3729 2169 3764 motus
2185 3721 2460 3783 quieverunt.

1417 3785 1574 3828 Verum
1596 3783 1784 3830 excitatis
1801 3783 1951 3826 iterum
1977 3795 2052 3837 per
2086 3780 2273 3823 eamdem
2299 3779 2463 3821 Moma-

312 3830 447 3884 gulam
474 3832 627 3875 Sanftae
654 3836 786 3881 Clara:
811 3842 889 3886 una
907 3855 1001 3885 cum
1029 3841 1349 3888 Constitutioni-
1412 3844 1496 3889 lem
1520 3846 1559 3890 in
1586 3846 1730 3905 animis
1746 3842 2041 3894 Novitiarum,
2074 3840 2331 3896 aliarumque
2359 3833 2460 3876 ado·—

2239 3899 2401 3943 lescen-
