<?xml version="1.0" encoding="UTF-8"?>
<!DOCTYPE html PUBLIC "-//W3C//DTD XHTML 1.0 Transitional//EN"
    "http://www.w3.org/TR/xhtml1/DTD/xhtml1-transitional.dtd">
<html xmlns="http://www.w3.org/1999/xhtml" xml:lang="en" lang="en">
 <head>
  <title>
</title>
<meta http-equiv="Content-Type" content="text/html;charset=utf-8" />
  <meta name='ocr-system' content='tesseract 3.04.00' />
  <meta name='ocr-capabilities' content='ocr_page ocr_carea ocr_par ocr_line ocrx_word'/>
</head>
<body>
  <div class='ocr_page' id='page_1' title='image "./bullariumordinis02cath_0468.png"; bbox 0 0 2710 4108; ppageno 0'>
   <div class='ocr_carea' id='block_1_1' title="bbox 303 185 1348 2497">
    <p class='ocr_par' dir='ltr' id='par_1_1' title="bbox 303 185 1348 2497">
     <span class='ocr_line' id='line_1_1' title="bbox 318 185 1348 329; baseline -0.008 -7"><span class='ocrx_word' id='word_1_1' title='bbox 318 296 399 326; x_wconf 75' lang='lat' dir='ltr'>non</span> <span class='ocrx_word' id='word_1_2' title='bbox 425 185 609 319; x_wconf 54' lang='lat' dir='ltr'>ssstante</span> <span class='ocrx_word' id='word_1_3' title='bbox 627 300 642 323; x_wconf 80' lang='lat'>,</span> <span class='ocrx_word' id='word_1_4' title='bbox 674 271 782 329; x_wconf 84' lang='lat' dir='ltr'>quod</span> <span class='ocrx_word' id='word_1_5' title='bbox 798 273 842 315; x_wconf 85' lang='lat' dir='ltr'>S.</span> <span class='ocrx_word' id='word_1_6' title='bbox 863 271 922 313; x_wconf 89' lang='lat' dir='ltr'>M.</span> <span class='ocrx_word' id='word_1_7' title='bbox 937 269 1030 312; x_wconf 87' lang='lat' dir='ltr'>Pius</span> <span class='ocrx_word' id='word_1_8' title='bbox 1045 272 1097 312; x_wconf 79' lang='lat' dir='ltr'>V.</span> <span class='ocrx_word' id='word_1_9' title='bbox 1113 273 1151 312; x_wconf 85' lang='lat' dir='ltr'>in</span> <span class='ocrx_word' id='word_1_10' title='bbox 1168 271 1229 313; x_wconf 83' lang='lat' dir='ltr'>sua</span> <span class='ocrx_word' id='word_1_11' title='bbox 1250 273 1348 314; x_wconf 88' lang='lat' dir='ltr'>Bul-</span> 
     </span>
     <span class='ocr_line' id='line_1_2' title="bbox 317 330 1348 393; baseline -0.005 -15"><span class='ocrx_word' id='word_1_12' title='bbox 317 343 356 386; x_wconf 78' lang='lat' dir='ltr'>la</span> <span class='ocrx_word' id='word_1_13' title='bbox 373 370 388 393; x_wconf 79' lang='lat'>‚</span> <span class='ocrx_word' id='word_1_14' title='bbox 418 337 540 390; x_wconf 82' lang='lat' dir='ltr'>incip.</span> <span class='ocrx_word' id='word_1_15' title='bbox 560 330 646 389; x_wconf 73' lang='lat' dir='ltr'>Etsi</span> <span class='ocrx_word' id='word_1_16' title='bbox 660 332 967 375; x_wconf 77' lang='lat' dir='ltr'>mendicantium</span> <span class='ocrx_word' id='word_1_17' title='bbox 997 331 1157 372; x_wconf 83' lang='lat' dir='ltr'>Ordmes</span> <span class='ocrx_word' id='word_1_18' title='bbox 1175 332 1256 386; x_wconf 61' lang='lat' dir='ltr'>&amp;a</span> <span class='ocrx_word' id='word_1_19' title='bbox 1282 346 1348 373; x_wconf 84' lang='lat' dir='ltr'>re-</span> 
     </span>
     <span class='ocr_line' id='line_1_3' title="bbox 315 389 1345 448; baseline -0.012 -5"><span class='ocrx_word' id='word_1_20' title='bbox 315 401 398 443; x_wconf 87' lang='lat' dir='ltr'>lata</span> <span class='ocrx_word' id='word_1_21' title='bbox 420 396 442 439; x_wconf 67' lang='grc' dir='ltr'>ἃ</span> <span class='ocrx_word' id='word_1_22' title='bbox 457 397 667 448; x_wconf 80' lang='lat' dir='ltr'>Quaranta</span> <span class='ocrx_word' id='word_1_23' title='bbox 691 392 734 433; x_wconf 86' lang='lat' dir='ltr'>in</span> <span class='ocrx_word' id='word_1_24' title='bbox 748 389 896 432; x_wconf 87' lang='lat' dir='ltr'>summa</span> <span class='ocrx_word' id='word_1_25' title='bbox 921 389 1083 432; x_wconf 84' lang='lat' dir='ltr'>Bullarii</span> <span class='ocrx_word' id='word_1_26' title='bbox 1099 391 1345 443; x_wconf 73' lang='lat' dir='ltr'>tit-‘privile-</span> 
     </span>
     <span class='ocr_line' id='line_1_4' title="bbox 308 447 1342 516; baseline -0.011 -16"><span class='ocrx_word' id='word_1_27' title='bbox 308 460 381 516; x_wconf 83' lang='lat' dir='ltr'>gia</span> <span class='ocrx_word' id='word_1_28' title='bbox 409 454 694 507; x_wconf 79' lang='lat' dir='ltr'>Regularium,</span> <span class='ocrx_word' id='word_1_29' title='bbox 727 453 946 492; x_wconf 85' lang='lat' dir='ltr'>Decretum</span> <span class='ocrx_word' id='word_1_30' title='bbox 975 449 1209 492; x_wconf 70' lang='lat' dir='ltr'>§.Concilii</span> <span class='ocrx_word' id='word_1_31' title='bbox 1227 447 1342 490; x_wconf 82' lang='lat' dir='ltr'>Trid.</span> 
     </span>
     <span class='ocr_line' id='line_1_5' title="bbox 314 507 1346 571; baseline -0.003 -18"><span class='ocrx_word' id='word_1_32' title='bbox 314 518 367 562; x_wconf 71' lang='lat' dir='ltr'>de</span> <span class='ocrx_word' id='word_1_33' title='bbox 378 507 1024 571; x_wconf 77' lang='lat' dir='ltr'>quaestuatione&#39;eleemosynarum</span> <span class='ocrx_word' id='word_1_34' title='bbox 1050 520 1128 549; x_wconf 91' lang='lat' dir='ltr'>non</span> <span class='ocrx_word' id='word_1_35' title='bbox 1149 507 1346 550; x_wconf 85' lang='lat' dir='ltr'>aufferen-</span> 
     </span>
     <span class='ocr_line' id='line_1_6' title="bbox 314 565 1345 626; baseline -0.005 -13"><span class='ocrx_word' id='word_1_36' title='bbox 314 577 364 620; x_wconf 81' lang='lat' dir='ltr'>da</span> <span class='ocrx_word' id='word_1_37' title='bbox 380 604 396 626; x_wconf 87' lang='lat'>,</span> <span class='ocrx_word' id='word_1_38' title='bbox 425 585 503 616; x_wconf 87' lang='lat' dir='ltr'>nec</span> <span class='ocrx_word' id='word_1_39' title='bbox 525 566 631 623; x_wconf 79' lang='lat' dir='ltr'>posse</span> <span class='ocrx_word' id='word_1_40' title='bbox 647 596 662 618; x_wconf 81' lang='lat'>‚</span> <span class='ocrx_word' id='word_1_41' title='bbox 694 582 769 624; x_wconf 22' lang='lat' dir='ltr'>nnec</span> <span class='ocrx_word' id='word_1_42' title='bbox 796 568 937 610; x_wconf 71' lang='lat' dir='ltr'>deberi</span> <span class='ocrx_word' id='word_1_43' title='bbox 954 566 1043 610; x_wconf 86' lang='lat' dir='ltr'>ullo</span> <span class='ocrx_word' id='word_1_44' title='bbox 1057 565 1178 609; x_wconf 86' lang='lat' dir='ltr'>modo</span> <span class='ocrx_word' id='word_1_45' title='bbox 1192 566 1240 610; x_wconf 90' lang='lat' dir='ltr'>ad</span> <span class='ocrx_word' id='word_1_46' title='bbox 1261 569 1345 608; x_wconf 87' lang='lat' dir='ltr'>Or-</span> 
     </span>
     <span class='ocr_line' id='line_1_7' title="bbox 311 623 1348 678; baseline -0.008 -2"><span class='ocrx_word' id='word_1_47' title='bbox 311 634 429 678; x_wconf 86' lang='lat' dir='ltr'>dines</span> <span class='ocrx_word' id='word_1_48' title='bbox 454 626 739 672; x_wconf 87' lang='lat' dir='ltr'>Mendicantes</span> <span class='ocrx_word' id='word_1_49' title='bbox 768 623 908 669; x_wconf 85' lang='lat' dir='ltr'>referri</span> <span class='ocrx_word' id='word_1_50' title='bbox 933 623 1235 676; x_wconf 82' lang='lat' dir='ltr'>declaraverit,</span> <span class='ocrx_word' id='word_1_51' title='bbox 1261 625 1348 668; x_wconf 76' lang='lat' dir='ltr'>imo</span> 
     </span>
     <span class='ocr_line' id='line_1_8' title="bbox 312 682 1345 747; baseline -0.008 -15"><span class='ocrx_word' id='word_1_52' title='bbox 312 686 588 747; x_wconf 83' lang='lat' dir='ltr'>Regularibus</span> <span class='ocrx_word' id='word_1_53' title='bbox 615 684 941 728; x_wconf 81' lang='lat' dir='ltr'>Mendicautibus</span> <span class='ocrx_word' id='word_1_54' title='bbox 960 713 975 736; x_wconf 83' lang='lat'><strong>,</strong></span> <span class='ocrx_word' id='word_1_55' title='bbox 1009 696 1062 726; x_wconf 84' lang='lat' dir='ltr'>ex</span> <span class='ocrx_word' id='word_1_56' title='bbox 1090 682 1345 739; x_wconf 78' lang='lat' dir='ltr'>eleemosyna</span> 
     </span>
     <span class='ocr_line' id='line_1_9' title="bbox 315 742 1341 800; baseline -0.012 -6"><span class='ocrx_word' id='word_1_57' title='bbox 315 754 460 794; x_wconf 84' lang='lat' dir='ltr'>vivere</span> <span class='ocrx_word' id='word_1_58' title='bbox 473 744 662 800; x_wconf 84' lang='lat' dir='ltr'>obligatis</span> <span class='ocrx_word' id='word_1_59' title='bbox 676 774 691 794; x_wconf 91' lang='lat'>,</span> <span class='ocrx_word' id='word_1_60' title='bbox 720 743 963 799; x_wconf 59' lang='lat' dir='ltr'>quaesturae,</span> <span class='ocrx_word' id='word_1_61' title='bbox 985 743 1151 786; x_wconf 86' lang='lat' dir='ltr'>omnino</span> <span class='ocrx_word' id='word_1_62' title='bbox 1169 742 1341 785; x_wconf 83' lang='lat' dir='ltr'>liberum</span> 
     </span>
     <span class='ocr_line' id='line_1_10' title="bbox 315 802 1339 857; baseline -0.009 -3"><span class='ocrx_word' id='word_1_63' title='bbox 315 808 392 854; x_wconf 82' lang='lat' dir='ltr'>effe</span> <span class='ocrx_word' id='word_1_64' title='bbox 425 803 660 849; x_wconf 87' lang='lat' dir='ltr'>decreverit</span> <span class='ocrx_word' id='word_1_65' title='bbox 677 829 692 852; x_wconf 81' lang='lat'><strong>,</strong></span> <span class='ocrx_word' id='word_1_66' title='bbox 719 809 842 857; x_wconf 90' lang='lat' dir='ltr'>prout</span> <span class='ocrx_word' id='word_1_67' title='bbox 867 802 991 844; x_wconf 87' lang='lat' dir='ltr'>etiam</span> <span class='ocrx_word' id='word_1_68' title='bbox 1015 802 1063 844; x_wconf 89' lang='lat' dir='ltr'>ab</span> <span class='ocrx_word' id='word_1_69' title='bbox 1090 802 1164 842; x_wconf 77' lang='lat' dir='ltr'>hac</span> <span class='ocrx_word' id='word_1_70' title='bbox 1184 805 1339 845; x_wconf 62' lang='lat' dir='ltr'>Sacra-0</span> 
     </span>
     <span class='ocr_line' id='line_1_11' title="bbox 318 859 1341 924; baseline -0.008 -16"><span class='ocrx_word' id='word_1_71' title='bbox 318 862 654 924; x_wconf 83' lang='lat' dir='ltr'>Congregatione</span> <span class='ocrx_word' id='word_1_72' title='bbox 683 860 815 914; x_wconf 72' lang='lat' dir='ltr'>saepius</span> <span class='ocrx_word' id='word_1_73' title='bbox 842 859 918 903; x_wconf 86' lang='lat' dir='ltr'>fuit</span> <span class='ocrx_word' id='word_1_74' title='bbox 947 860 1203 903; x_wconf 83' lang='lat' dir='ltr'>declaratum</span> <span class='ocrx_word' id='word_1_75' title='bbox 1226 888 1241 910; x_wconf 94' lang='lat'>,</span> <span class='ocrx_word' id='word_1_76' title='bbox 1279 861 1341 901; x_wconf 93' lang='lat' dir='ltr'>ni-</span> 
     </span>
     <span class='ocr_line' id='line_1_12' title="bbox 314 919 1343 976; baseline -0.012 -5"><span class='ocrx_word' id='word_1_77' title='bbox 314 925 530 971; x_wconf 83' lang='lat' dir='ltr'>hilominus</span> <span class='ocrx_word' id='word_1_78' title='bbox 545 921 778 976; x_wconf 82' lang='lat' dir='ltr'>Praepofitus</span> <span class='ocrx_word' id='word_1_79' title='bbox 801 919 938 970; x_wconf 82' lang='lat' dir='ltr'>Savini</span> <span class='ocrx_word' id='word_1_80' title='bbox 967 920 1104 963; x_wconf 87' lang='lat' dir='ltr'>Dioec.</span> <span class='ocrx_word' id='word_1_81' title='bbox 1122 919 1343 960; x_wconf 83' lang='lat' dir='ltr'>Taurinen.</span> 
     </span>
     <span class='ocr_line' id='line_1_13' title="bbox 315 975 1342 1041; baseline -0.007 -16"><span class='ocrx_word' id='word_1_82' title='bbox 315 982 545 1041; x_wconf 80' lang='lat' dir='ltr'>Capucinos</span> <span class='ocrx_word' id='word_1_83' title='bbox 572 983 811 1022; x_wconf 82' lang='lat' dir='ltr'>Conventus</span> <span class='ocrx_word' id='word_1_84' title='bbox 837 975 1026 1020; x_wconf 80' lang='lat' dir='ltr'>Clavass&#39;ii</span> <span class='ocrx_word' id='word_1_85' title='bbox 1060 979 1101 1019; x_wconf 90' lang='lat' dir='ltr'>in</span> <span class='ocrx_word' id='word_1_86' title='bbox 1115 975 1342 1032; x_wconf 75' lang='lat' dir='ltr'>quaei-en‘dis</span> 
     </span>
     <span class='ocr_line' id='line_1_14' title="bbox 315 1036 1344 1092; baseline -0.009 -5"><span class='ocrx_word' id='word_1_87' title='bbox 315 1044 447 1088; x_wconf 88' lang='lat' dir='ltr'>etiam</span> <span class='ocrx_word' id='word_1_88' title='bbox 462 1039 606 1088; x_wconf 73' lang='lat' dir='ltr'>rebm,</span> <span class='ocrx_word' id='word_1_89' title='bbox 637 1051 709 1092; x_wconf 90' lang='lat' dir='ltr'>pro</span> <span class='ocrx_word' id='word_1_90' title='bbox 737 1050 879 1080; x_wconf 87' lang='lat' dir='ltr'>eorum</span> <span class='ocrx_word' id='word_1_91' title='bbox 894 1036 1027 1087; x_wconf 71' lang='lat' dir='ltr'>victu,</span> <span class='ocrx_word' id='word_1_92' title='bbox 1059 1036 1243 1092; x_wconf 86' lang='lat' dir='ltr'>quotidie</span> <span class='ocrx_word' id='word_1_93' title='bbox 1272 1049 1344 1078; x_wconf 81' lang='lat' dir='ltr'>ne-</span> 
     </span>
     <span class='ocr_line' id='line_1_15' title="bbox 320 1092 1337 1149; baseline -0.009 -4"><span class='ocrx_word' id='word_1_94' title='bbox 320 1098 497 1146; x_wconf 79' lang='lat' dir='ltr'>cessariis</span> <span class='ocrx_word' id='word_1_95' title='bbox 516 1127 529 1149; x_wconf 92' lang='lat'>‚</span> <span class='ocrx_word' id='word_1_96' title='bbox 557 1096 618 1140; x_wconf 91' lang='lat' dir='ltr'>uti</span> <span class='ocrx_word' id='word_1_97' title='bbox 642 1095 728 1138; x_wconf 86' lang='lat' dir='ltr'>sunt</span> <span class='ocrx_word' id='word_1_98' title='bbox 753 1096 864 1149; x_wconf 86' lang='lat' dir='ltr'>panis</span> <span class='ocrx_word' id='word_1_99' title='bbox 881 1121 896 1146; x_wconf 88' lang='lat'><strong>‚</strong></span> <span class='ocrx_word' id='word_1_100' title='bbox 924 1095 1084 1145; x_wconf 88' lang='lat' dir='ltr'>vinum,</span> <span class='ocrx_word' id='word_1_101' title='bbox 1108 1095 1147 1136; x_wconf 73' lang='grc' dir='ltr'>δι</span> <span class='ocrx_word' id='word_1_102' title='bbox 1172 1092 1337 1144; x_wconf 84' lang='lat' dir='ltr'>fimilia,</span> 
     </span>
     <span class='ocr_line' id='line_1_16' title="bbox 317 1151 1336 1210; baseline -0.011 -6"><span class='ocrx_word' id='word_1_103' title='bbox 317 1161 391 1206; x_wconf 85' lang='lat' dir='ltr'>sub</span> <span class='ocrx_word' id='word_1_104' title='bbox 420 1157 537 1203; x_wconf 84' lang='lat' dir='ltr'>variis</span> <span class='ocrx_word' id='word_1_105' title='bbox 563 1154 820 1210; x_wconf 78' lang='lat' dir='ltr'>praetextibus</span> <span class='ocrx_word' id='word_1_106' title='bbox 848 1151 1045 1208; x_wconf 83' lang='lat' dir='ltr'>impedire</span> <span class='ocrx_word' id='word_1_107' title='bbox 1065 1182 1079 1204; x_wconf 82' lang='lat'>‚</span> <span class='ocrx_word' id='word_1_108' title='bbox 1110 1154 1257 1208; x_wconf 90' lang='lat' dir='ltr'>eosque</span> <span class='ocrx_word' id='word_1_109' title='bbox 1284 1152 1336 1196; x_wconf 89' lang='lat' dir='ltr'>ad</span> 
     </span>
     <span class='ocr_line' id='line_1_17' title="bbox 317 1211 1341 1267; baseline -0.01 -5"><span class='ocrx_word' id='word_1_110' title='bbox 317 1217 525 1262; x_wconf 86' lang='lat' dir='ltr'>licentiam</span> <span class='ocrx_word' id='word_1_111' title='bbox 551 1211 780 1259; x_wconf 72' lang='lat' dir='ltr'>Ordinarii‚</span> <span class='ocrx_word' id='word_1_112' title='bbox 814 1211 879 1253; x_wconf 89' lang='lat' dir='ltr'>vel</span> <span class='ocrx_word' id='word_1_113' title='bbox 908 1211 1211 1267; x_wconf 82' lang='lat' dir='ltr'>Archiepiscopi</span> <span class='ocrx_word' id='word_1_114' title='bbox 1232 1213 1341 1253; x_wconf 87' lang='lat' dir='ltr'>Tau—</span> 
     </span>
     <span class='ocr_line' id='line_1_18' title="bbox 314 1270 1340 1325; baseline -0.009 -5"><span class='ocrx_word' id='word_1_115' title='bbox 314 1275 476 1320; x_wconf 78' lang='lat' dir='ltr'>rinensis</span> <span class='ocrx_word' id='word_1_116' title='bbox 504 1273 625 1315; x_wconf 89' lang='lat' dir='ltr'>toties</span> <span class='ocrx_word' id='word_1_117' title='bbox 669 1270 824 1325; x_wconf 86' lang='lat' dir='ltr'>quoties</span> <span class='ocrx_word' id='word_1_118' title='bbox 852 1270 1122 1313; x_wconf 81' lang='lat' dir='ltr'>exhibendam</span> <span class='ocrx_word' id='word_1_119' title='bbox 1150 1297 1164 1320; x_wconf 80' lang='lat'>,</span> <span class='ocrx_word' id='word_1_120' title='bbox 1194 1280 1340 1312; x_wconf 77' lang='lat' dir='ltr'>contra</span> 
     </span>
     <span class='ocr_line' id='line_1_19' title="bbox 313 1329 1335 1390; baseline -0.008 -12"><span class='ocrx_word' id='word_1_121' title='bbox 313 1335 431 1390; x_wconf 82' lang='lat' dir='ltr'>hujus</span> <span class='ocrx_word' id='word_1_122' title='bbox 460 1335 588 1375; x_wconf 83' lang='lat' dir='ltr'>Sacrae</span> <span class='ocrx_word' id='word_1_123' title='bbox 627 1329 970 1384; x_wconf 85' lang='lat' dir='ltr'>Congregationis</span> <span class='ocrx_word' id='word_1_124' title='bbox 1000 1329 1335 1380; x_wconf 86' lang='lat' dir='ltr'>Declarationes,</span> 
     </span>
     <span class='ocr_line' id='line_1_20' title="bbox 315 1387 1334 1444; baseline -0.005 -9"><span class='ocrx_word' id='word_1_125' title='bbox 315 1397 355 1436; x_wconf 73' lang='grc' dir='ltr'>δι</span> <span class='ocrx_word' id='word_1_126' title='bbox 384 1391 506 1435; x_wconf 85' lang='lat' dir='ltr'>Bullae</span> <span class='ocrx_word' id='word_1_127' title='bbox 533 1390 660 1433; x_wconf 84' lang='lat' dir='ltr'>Pianae</span> <span class='ocrx_word' id='word_1_128' title='bbox 675 1396 862 1429; x_wconf 88' lang='lat' dir='ltr'>tenorem</span> <span class='ocrx_word' id='word_1_129' title='bbox 885 1387 1134 1442; x_wconf 77' lang='lat' dir='ltr'>adstringere</span> <span class='ocrx_word' id='word_1_130' title='bbox 1160 1398 1334 1444; x_wconf 68' lang='lat' dir='ltr'>praeten-</span> 
     </span>
     <span class='ocr_line' id='line_1_21' title="bbox 313 1445 1333 1504; baseline -0.007 -9"><span class='ocrx_word' id='word_1_131' title='bbox 313 1453 385 1495; x_wconf 86' lang='lat' dir='ltr'>dat</span> <span class='ocrx_word' id='word_1_132' title='bbox 403 1480 414 1492; x_wconf 82' lang='grc'>.</span> <span class='ocrx_word' id='word_1_133' title='bbox 444 1454 630 1504; x_wconf 84' lang='lat' dir='ltr'>Cumque</span> <span class='ocrx_word' id='word_1_134' title='bbox 656 1447 733 1488; x_wconf 89' lang='lat' dir='ltr'>hoc</span> <span class='ocrx_word' id='word_1_135' title='bbox 762 1445 994 1503; x_wconf 67' lang='lat' dir='ltr'>praejudicet</span> <span class='ocrx_word' id='word_1_136' title='bbox 1019 1475 1034 1497; x_wconf 85' lang='lat'>,</span> <span class='ocrx_word' id='word_1_137' title='bbox 1064 1445 1268 1502; x_wconf 86' lang='lat' dir='ltr'>cedatque</span> <span class='ocrx_word' id='word_1_138' title='bbox 1294 1446 1333 1488; x_wconf 87' lang='lat' dir='ltr'>in</span> 
     </span>
     <span class='ocr_line' id='line_1_22' title="bbox 303 1504 1334 1569; baseline -0.005 -17"><span class='ocrx_word' id='word_1_139' title='bbox 303 1522 441 1569; x_wconf 54' lang='lat' dir='ltr'>*grave</span> <span class='ocrx_word' id='word_1_140' title='bbox 472 1505 787 1550; x_wconf 81' lang='lat' dir='ltr'>Mendieantium</span> <span class='ocrx_word' id='word_1_141' title='bbox 822 1532 837 1556; x_wconf 83' lang='lat'>,</span> <span class='ocrx_word' id='word_1_142' title='bbox 877 1504 1090 1559; x_wconf 70' lang='lat' dir='ltr'>praesertim</span> <span class='ocrx_word' id='word_1_143' title='bbox 1126 1505 1248 1560; x_wconf 73' lang='lat' dir='ltr'>plene</span> <span class='ocrx_word' id='word_1_144' title='bbox 1283 1518 1334 1547; x_wconf 83' lang='lat' dir='ltr'>ex</span> 
     </span>
     <span class='ocr_line' id='line_1_23' title="bbox 315 1561 1338 1625; baseline -0.005 -15"><span class='ocrx_word' id='word_1_145' title='bbox 315 1567 564 1625; x_wconf 80' lang='lat' dir='ltr'>quotidianis</span> <span class='ocrx_word' id='word_1_146' title='bbox 588 1563 856 1618; x_wconf 80' lang='lat' dir='ltr'>eleemosynis</span> <span class='ocrx_word' id='word_1_147' title='bbox 881 1563 1102 1606; x_wconf 83' lang='lat' dir='ltr'>viventium</span> <span class='ocrx_word' id='word_1_148' title='bbox 1124 1563 1224 1620; x_wconf 86' lang='lat' dir='ltr'>(uti</span> <span class='ocrx_word' id='word_1_149' title='bbox 1250 1561 1338 1605; x_wconf 88' lang='lat' dir='ltr'>sunt</span> 
     </span>
     <span class='ocr_line' id='line_1_24' title="bbox 311 1620 1338 1682; baseline -0.006 -13"><span class='ocrx_word' id='word_1_150' title='bbox 311 1625 547 1682; x_wconf 86' lang='lat' dir='ltr'>Capucini)</span> <span class='ocrx_word' id='word_1_151' title='bbox 575 1623 764 1665; x_wconf 76' lang='lat' dir='ltr'>damnum</span> <span class='ocrx_word' id='word_1_152' title='bbox 779 1649 795 1673; x_wconf 80' lang='lat'>‚</span> <span class='ocrx_word' id='word_1_153' title='bbox 819 1620 1013 1677; x_wconf 80' lang='lat' dir='ltr'>supplicat</span> <span class='ocrx_word' id='word_1_154' title='bbox 1028 1624 1114 1664; x_wconf 83' lang='lat' dir='ltr'>EE.</span> <span class='ocrx_word' id='word_1_155' title='bbox 1130 1625 1224 1664; x_wconf 87' lang='lat' dir='ltr'>VV.</span> <span class='ocrx_word' id='word_1_156' title='bbox 1239 1623 1338 1663; x_wconf 85' lang='lat' dir='ltr'>Pro-</span> 
     </span>
     <span class='ocr_line' id='line_1_25' title="bbox 314 1681 1340 1736; baseline -0.007 -8"><span class='ocrx_word' id='word_1_157' title='bbox 314 1697 480 1728; x_wconf 83' lang='lat' dir='ltr'>curator</span> <span class='ocrx_word' id='word_1_158' title='bbox 512 1681 728 1725; x_wconf 80' lang='lat' dir='ltr'>Generalis</span> <span class='ocrx_word' id='word_1_159' title='bbox 765 1694 839 1736; x_wconf 88' lang='lat' dir='ltr'>pro</span> <span class='ocrx_word' id='word_1_160' title='bbox 867 1690 1102 1736; x_wconf 84' lang='lat' dir='ltr'>opportuno</span> <span class='ocrx_word' id='word_1_161' title='bbox 1124 1681 1340 1732; x_wconf 79' lang='lat' dir='ltr'>remedio,</span> 
     </span>
     <span class='ocr_line' id='line_1_26' title="bbox 313 1738 1338 1797; baseline -0.006 -12"><span class='ocrx_word' id='word_1_162' title='bbox 313 1746 355 1786; x_wconf 69' lang='grc' dir='ltr'>ἃ.</span> <span class='ocrx_word' id='word_1_163' title='bbox 392 1741 649 1797; x_wconf 63' lang='lat' dir='ltr'>dispositione</span> <span class='ocrx_word' id='word_1_164' title='bbox 677 1767 692 1790; x_wconf 77' lang='lat'>‚</span> <span class='ocrx_word' id='word_1_165' title='bbox 733 1749 777 1780; x_wconf 91' lang='lat' dir='ltr'>ut</span> <span class='ocrx_word' id='word_1_166' title='bbox 803 1739 1002 1794; x_wconf 84' lang='lat' dir='ltr'>Religiofi.</span> <span class='ocrx_word' id='word_1_167' title='bbox 1035 1740 1074 1780; x_wconf 89' lang='lat' dir='ltr'>in</span> <span class='ocrx_word' id='word_1_168' title='bbox 1113 1738 1338 1796; x_wconf 83' lang='lat' dir='ltr'>quaerendis</span> 
     </span>
     <span class='ocr_line' id='line_1_27' title="bbox 312 1795 1330 1855; baseline -0.006 -10"><span class='ocrx_word' id='word_1_169' title='bbox 312 1798 580 1855; x_wconf 85' lang='lat' dir='ltr'>eleemosynis</span> <span class='ocrx_word' id='word_1_170' title='bbox 606 1797 817 1839; x_wconf 82' lang='lat' dir='ltr'>ordinariis</span> <span class='ocrx_word' id='word_1_171' title='bbox 833 1811 909 1839; x_wconf 92' lang='lat' dir='ltr'>non</span> <span class='ocrx_word' id='word_1_172' title='bbox 927 1795 1223 1850; x_wconf 78' lang='lat' dir='ltr'>impediantur,</span> <span class='ocrx_word' id='word_1_173' title='bbox 1255 1812 1330 1839; x_wconf 86' lang='lat' dir='ltr'>nec</span> 
     </span>
     <span class='ocr_line' id='line_1_28' title="bbox 311 1855 1332 1915; baseline -0.004 -14"><span class='ocrx_word' id='word_1_174' title='bbox 311 1860 361 1904; x_wconf 76' lang='lat' dir='ltr'>ad</span> <span class='ocrx_word' id='word_1_175' title='bbox 379 1856 673 1915; x_wconf 78' lang='lat' dir='ltr'>procurandam</span> <span class='ocrx_word' id='word_1_176' title='bbox 695 1855 896 1897; x_wconf 86' lang='lat' dir='ltr'>Ordinarii</span> <span class='ocrx_word' id='word_1_177' title='bbox 923 1856 1133 1902; x_wconf 75' lang='lat' dir='ltr'>licentiam</span> <span class='ocrx_word' id='word_1_178' title='bbox 1166 1857 1332 1906; x_wconf 69' lang='lat' dir='ltr'>adstrin-</span> 
     </span>
     <span class='ocr_line' id='line_1_29' title="bbox 311 1913 1327 1974; baseline -0.003 -15"><span class='ocrx_word' id='word_1_179' title='bbox 311 1928 456 1974; x_wconf 84' lang='lat' dir='ltr'>gantur</span> <span class='ocrx_word' id='word_1_180' title='bbox 481 1931 574 1958; x_wconf 90' lang='lat' dir='ltr'>cum</span> <span class='ocrx_word' id='word_1_181' title='bbox 599 1916 675 1956; x_wconf 80' lang='lat' dir='ltr'>hoc</span> <span class='ocrx_word' id='word_1_182' title='bbox 708 1913 946 1956; x_wconf 81' lang='lat' dir='ltr'>adversetur</span> <span class='ocrx_word' id='word_1_183' title='bbox 974 1914 1327 1958; x_wconf 87' lang='lat' dir='ltr'>Declarationibus</span> 
     </span>
     <span class='ocr_line' id='line_1_30' title="bbox 311 1970 1330 2028; baseline -0.004 -9"><span class='ocrx_word' id='word_1_184' title='bbox 311 1976 547 2019; x_wconf 86' lang='lat' dir='ltr'>memoratis</span> <span class='ocrx_word' id='word_1_185' title='bbox 567 2001 582 2025; x_wconf 80' lang='lat'>,</span> <span class='ocrx_word' id='word_1_186' title='bbox 615 1970 826 2027; x_wconf 86' lang='lat' dir='ltr'>&amp;insuper</span> <span class='ocrx_word' id='word_1_187' title='bbox 855 1971 902 2014; x_wconf 85' lang='lat' dir='ltr'>fit</span> <span class='ocrx_word' id='word_1_188' title='bbox 930 1972 1166 2028; x_wconf 69' lang='lat' dir='ltr'>impossibile</span> <span class='ocrx_word' id='word_1_189' title='bbox 1191 2003 1205 2026; x_wconf 78' lang='lat'><strong>,</strong></span> <span class='ocrx_word' id='word_1_190' title='bbox 1235 1988 1330 2016; x_wconf 91' lang='lat' dir='ltr'>cum</span> 
     </span>
     <span class='ocr_line' id='line_1_31' title="bbox 310 2028 1338 2089; baseline -0.005 -10"><span class='ocrx_word' id='word_1_191' title='bbox 310 2033 496 2079; x_wconf 88' lang='lat' dir='ltr'>nonnulli</span> <span class='ocrx_word' id='word_1_192' title='bbox 508 2036 750 2076; x_wconf 81' lang='lat' dir='ltr'>Conventus</span> <span class='ocrx_word' id='word_1_193' title='bbox 765 2028 788 2073; x_wconf 69' lang='grc' dir='ltr'>ἃ</span> <span class='ocrx_word' id='word_1_194' title='bbox 801 2030 1101 2083; x_wconf 78' lang='lat' dir='ltr'>Civitatibus,in</span> <span class='ocrx_word' id='word_1_195' title='bbox 1114 2033 1338 2089; x_wconf 87' lang='lat' dir='ltr'>quibusOr·</span> 
     </span>
     <span class='ocr_line' id='line_1_32' title="bbox 311 2087 1338 2146; baseline -0.003 -10"><span class='ocrx_word' id='word_1_196' title='bbox 311 2094 494 2137; x_wconf 87' lang='lat' dir='ltr'>dinarius</span> <span class='ocrx_word' id='word_1_197' title='bbox 512 2089 691 2140; x_wconf 76' lang='lat' dir='ltr'>refidet,</span> <span class='ocrx_word' id='word_1_198' title='bbox 721 2090 778 2132; x_wconf 80' lang='lat' dir='ltr'>ita</span> <span class='ocrx_word' id='word_1_199' title='bbox 800 2087 975 2141; x_wconf 77' lang='lat' dir='ltr'>distent,</span> <span class='ocrx_word' id='word_1_200' title='bbox 1006 2099 1050 2132; x_wconf 87' lang='lat' dir='ltr'>ut</span> <span class='ocrx_word' id='word_1_201' title='bbox 1073 2106 1147 2146; x_wconf 90' lang='lat' dir='ltr'>pro</span> <span class='ocrx_word' id='word_1_202' title='bbox 1174 2094 1338 2133; x_wconf 58' lang='lat' dir='ltr'>conces:-</span> 
     </span>
     <span class='ocr_line' id='line_1_33' title="bbox 314 2144 1335 2204; baseline -0.002 -9"><span class='ocrx_word' id='word_1_203' title='bbox 314 2154 419 2195; x_wconf 80' lang='lat' dir='ltr'>sione</span> <span class='ocrx_word' id='word_1_204' title='bbox 441 2150 612 2192; x_wconf 84' lang='lat' dir='ltr'>licentiae</span> <span class='ocrx_word' id='word_1_205' title='bbox 639 2144 844 2199; x_wconf 83' lang='lat' dir='ltr'>scribere,</span> <span class='ocrx_word' id='word_1_206' title='bbox 873 2149 914 2190; x_wconf 88' lang='lat'>&amp;</span> <span class='ocrx_word' id='word_1_207' title='bbox 941 2148 1169 2204; x_wconf 87' lang='lat' dir='ltr'>responsum</span> <span class='ocrx_word' id='word_1_208' title='bbox 1196 2152 1335 2204; x_wconf 75' lang='lat' dir='ltr'>exspe-</span> 
     </span>
     <span class='ocr_line' id='line_1_34' title="bbox 310 2206 1336 2263; baseline -0.004 -9"><span class='ocrx_word' id='word_1_209' title='bbox 310 2216 417 2254; x_wconf 65' lang='lat' dir='ltr'>ctare</span> <span class='ocrx_word' id='word_1_210' title='bbox 433 2224 483 2251; x_wconf 92' lang='lat' dir='ltr'>eo</span> <span class='ocrx_word' id='word_1_211' title='bbox 518 2207 600 2263; x_wconf 73' lang='lat' dir='ltr'>ipso</span> <span class='ocrx_word' id='word_1_212' title='bbox 624 2206 667 2248; x_wconf 83' lang='lat' dir='ltr'>fit</span> <span class='ocrx_word' id='word_1_213' title='bbox 689 2206 930 2262; x_wconf 84' lang='lat' dir='ltr'>impoffibile</span> <span class='ocrx_word' id='word_1_214' title='bbox 949 2236 966 2258; x_wconf 86' lang='lat'>‚</span> <span class='ocrx_word' id='word_1_215' title='bbox 996 2207 1105 2262; x_wconf 87' lang='lat' dir='ltr'>quod</span> <span class='ocrx_word' id='word_1_216' title='bbox 1129 2208 1336 2252; x_wconf 76' lang='lat' dir='ltr'>necessitas</span> 
     </span>
     <span class='ocr_line' id='line_1_35' title="bbox 309 2264 1332 2327; baseline -0.003 -15"><span class='ocrx_word' id='word_1_217' title='bbox 309 2267 601 2327; x_wconf 71' lang='lat' dir='ltr'>quaestuatio&#39;nis</span> <span class='ocrx_word' id='word_1_218' title='bbox 619 2266 833 2321; x_wconf 86' lang='lat' dir='ltr'>Capucinis</span> <span class='ocrx_word' id='word_1_219' title='bbox 849 2264 894 2307; x_wconf 83' lang='lat' dir='ltr'>fit</span> <span class='ocrx_word' id='word_1_220' title='bbox 908 2266 1111 2309; x_wconf 86' lang='lat' dir='ltr'>ordinaria</span> <span class='ocrx_word' id='word_1_221' title='bbox 1123 2293 1137 2315; x_wconf 86' lang='lat'>,</span> <span class='ocrx_word' id='word_1_222' title='bbox 1168 2282 1214 2309; x_wconf 89' lang='lat' dir='ltr'>ac</span> <span class='ocrx_word' id='word_1_223' title='bbox 1230 2283 1332 2323; x_wconf 89' lang='lat' dir='ltr'>quo-</span> 
     </span>
     <span class='ocr_line' id='line_1_36' title="bbox 312 2323 1330 2379; baseline -0.004 -9"><span class='ocrx_word' id='word_1_224' title='bbox 312 2329 466 2371; x_wconf 82' lang='lat' dir='ltr'>tidiana</span> <span class='ocrx_word' id='word_1_225' title='bbox 483 2351 497 2373; x_wconf 66' lang='lat' dir='ltr'>a</span> <span class='ocrx_word' id='word_1_226' title='bbox 530 2327 584 2366; x_wconf 85' lang='lat' dir='ltr'>ita</span> <span class='ocrx_word' id='word_1_227' title='bbox 600 2350 615 2372; x_wconf 61' lang='grc' dir='ltr'>ι,</span> <span class='ocrx_word' id='word_1_228' title='bbox 630 2333 674 2366; x_wconf 90' lang='lat' dir='ltr'>ut</span> <span class='ocrx_word' id='word_1_229' title='bbox 692 2339 766 2367; x_wconf 93' lang='lat' dir='ltr'>non</span> <span class='ocrx_word' id='word_1_230' title='bbox 785 2326 864 2366; x_wconf 85' lang='lat' dir='ltr'>fine</span> <span class='ocrx_word' id='word_1_231' title='bbox 880 2325 991 2377; x_wconf 86' lang='lat' dir='ltr'>gravi</span> <span class='ocrx_word' id='word_1_232' title='bbox 1005 2323 1237 2379; x_wconf 76' lang='lat' dir='ltr'>praejudicio</span> <span class='ocrx_word' id='word_1_233' title='bbox 1251 2324 1330 2368; x_wconf 79' lang='lat' dir='ltr'>dis-</span> 
     </span>
     <span class='ocr_line' id='line_1_37' title="bbox 311 2381 1332 2442; baseline -0.001 -13"><span class='ocrx_word' id='word_1_234' title='bbox 311 2387 409 2430; x_wconf 79' lang='lat' dir='ltr'>ferri</span> <span class='ocrx_word' id='word_1_235' title='bbox 423 2382 534 2441; x_wconf 82' lang='lat' dir='ltr'>poffit</span> <span class='ocrx_word' id='word_1_236' title='bbox 548 2412 561 2433; x_wconf 88' lang='lat'>‚</span> <span class='ocrx_word' id='word_1_237' title='bbox 581 2392 700 2438; x_wconf 83' lang='lat' dir='ltr'>prout</span> <span class='ocrx_word' id='word_1_238' title='bbox 719 2384 804 2425; x_wconf 78' lang='lat' dir='ltr'>EF..</span> <span class='ocrx_word' id='word_1_239' title='bbox 822 2384 916 2425; x_wconf 80' lang='lat' dir='ltr'>VV-</span> <span class='ocrx_word' id='word_1_240' title='bbox 932 2381 1053 2424; x_wconf 68' lang='lat' dir='ltr'>facilit</span> <span class='ocrx_word' id='word_1_241' title='bbox 1066 2383 1246 2439; x_wconf 86' lang='lat' dir='ltr'>judicare</span> <span class='ocrx_word' id='word_1_242' title='bbox 1259 2399 1332 2442; x_wconf 91' lang='lat' dir='ltr'>po·</span> 
     </span>
     <span class='ocr_line' id='line_1_38' title="bbox 309 2440 1158 2497; baseline -0.008 -8"><span class='ocrx_word' id='word_1_243' title='bbox 309 2455 445 2489; x_wconf 81' lang='lat' dir='ltr'>terunt</span> <span class='ocrx_word' id='word_1_244' title='bbox 471 2472 485 2495; x_wconf 78' lang='lat'><strong>,</strong></span> <span class='ocrx_word' id='word_1_245' title='bbox 514 2444 552 2483; x_wconf 88' lang='lat'>&amp;</span> <span class='ocrx_word' id='word_1_246' title='bbox 575 2442 683 2497; x_wconf 86' lang='lat' dir='ltr'>quod</span> <span class='ocrx_word' id='word_1_247' title='bbox 716 2451 847 2484; x_wconf 88' lang='lat' dir='ltr'>totum</span> <span class='ocrx_word' id='word_1_248' title='bbox 863 2440 1068 2484; x_wconf 87' lang='lat' dir='ltr'>abiisdem</span> <span class='ocrx_word' id='word_1_249' title='bbox 1080 2442 1158 2484; x_wconf 76' lang='lat' dir='ltr'>&amp;c-</span> 
     </span>
    </p>
   </div>
   <div class='ocr_carea' id='block_1_2' title="bbox 300 2558 1346 3263">
    <p class='ocr_par' dir='ltr' id='par_1_2' title="bbox 305 2558 1339 2792">
     <span class='ocr_line' id='line_1_39' title="bbox 365 2558 1339 2616; baseline -0.001 -13"><span class='ocrx_word' id='word_1_250' title='bbox 365 2564 445 2603; x_wconf 87' lang='lat' dir='ltr'>Die</span> <span class='ocrx_word' id='word_1_251' title='bbox 461 2574 527 2616; x_wconf 81' lang='lat'>29.</span> <span class='ocrx_word' id='word_1_252' title='bbox 548 2563 629 2602; x_wconf 82' lang='lat' dir='ltr'>lan.</span> <span class='ocrx_word' id='word_1_253' title='bbox 659 2558 782 2601; x_wconf 78' lang='lat'>1661.</span> <span class='ocrx_word' id='word_1_254' title='bbox 807 2562 929 2601; x_wconf 84' lang='lat' dir='ltr'>Sacra</span> <span class='ocrx_word' id='word_1_255' title='bbox 952 2563 1207 2614; x_wconf 84' lang='lat' dir='ltr'>Congregatio</span> <span class='ocrx_word' id='word_1_256' title='bbox 1232 2563 1339 2603; x_wconf 78' lang='lat' dir='ltr'>Emi-</span> 
     </span>
     <span class='ocr_line' id='line_1_40' title="bbox 305 2618 1339 2664; baseline -0.004 0"><span class='ocrx_word' id='word_1_257' title='bbox 305 2635 395 2664; x_wconf 86' lang='lat' dir='ltr'>nen.</span> <span class='ocrx_word' id='word_1_258' title='bbox 418 2624 454 2661; x_wconf 75' lang='lat' dir='ltr'>s.</span> <span class='ocrx_word' id='word_1_259' title='bbox 491 2622 537 2660; x_wconf 86' lang='lat' dir='ltr'>R.</span> <span class='ocrx_word' id='word_1_260' title='bbox 558 2623 600 2661; x_wconf 83' lang='lat' dir='ltr'>E.</span> <span class='ocrx_word' id='word_1_261' title='bbox 634 2618 905 2660; x_wconf 70' lang='lat' dir='ltr'>Cardinaltum</span> <span class='ocrx_word' id='word_1_262' title='bbox 934 2618 1098 2660; x_wconf 81' lang='lat' dir='ltr'>Concilii</span> <span class='ocrx_word' id='word_1_263' title='bbox 1117 2619 1339 2661; x_wconf 77' lang='lat' dir='ltr'>Tridentini</span> 
     </span>
     <span class='ocr_line' id='line_1_41' title="bbox 308 2676 1337 2735; baseline -0.002 -13"><span class='ocrx_word' id='word_1_264' title='bbox 308 2682 576 2733; x_wconf 75' lang='lat' dir='ltr'>Interpretum</span> <span class='ocrx_word' id='word_1_265' title='bbox 596 2676 743 2734; x_wconf 72' lang='lat' dir='ltr'>censitit</span> <span class='ocrx_word' id='word_1_266' title='bbox 768 2705 782 2727; x_wconf 64' lang='lat'>2</span> <span class='ocrx_word' id='word_1_267' title='bbox 812 2676 980 2718; x_wconf 84' lang='lat' dir='ltr'>dandam</span> <span class='ocrx_word' id='word_1_268' title='bbox 1007 2677 1076 2735; x_wconf 72' lang='lat' dir='ltr'><em>ff</em></span> <span class='ocrx_word' id='word_1_269' title='bbox 1101 2677 1337 2720; x_wconf 78' lang='lat' dir='ltr'>declaratio-</span> 
     </span>
     <span class='ocr_line' id='line_1_42' title="bbox 306 2732 1147 2792; baseline -0.001 -13"><span class='ocrx_word' id='word_1_270' title='bbox 306 2751 392 2782; x_wconf 87' lang='lat' dir='ltr'>nem</span> <span class='ocrx_word' id='word_1_271' title='bbox 413 2739 620 2789; x_wconf 81' lang='lat' dir='ltr'>antiquam</span> <span class='ocrx_word' id='word_1_272' title='bbox 635 2764 650 2785; x_wconf 89' lang='lat'>‚</span> <span class='ocrx_word' id='word_1_273' title='bbox 681 2732 1051 2792; x_wconf 82' lang='lat' dir='ltr'>tenorisstquentis:</span> <span class='ocrx_word' id='word_1_274' title='bbox 1144 2745 1147 2748; x_wconf 70' lang='grc'><strong>“</strong></span> 
     </span>
    </p>

    <p class='ocr_par' dir='ltr' id='par_1_3' title="bbox 300 2792 1346 3263">
     <span class='ocr_line' id='line_1_43' title="bbox 367 2792 1340 2848; baseline 0 -11"><span class='ocrx_word' id='word_1_275' title='bbox 367 2799 489 2838; x_wconf 75' lang='lat' dir='ltr'>Sacra</span> <span class='ocrx_word' id='word_1_276' title='bbox 505 2798 762 2848; x_wconf 75' lang='lat' dir='ltr'>Congregatt‘o</span> <span class='ocrx_word' id='word_1_277' title='bbox 779 2795 1048 2836; x_wconf 74' lang='lat' dir='ltr'>Cardinalium</span> <span class='ocrx_word' id='word_1_278' title='bbox 1065 2792 1232 2837; x_wconf 79' lang='lat' dir='ltr'>Concilii</span> <span class='ocrx_word' id='word_1_279' title='bbox 1251 2798 1340 2839; x_wconf 70' lang='lat' dir='ltr'>Tre·-</span> 
     </span>
     <span class='ocr_line' id='line_1_44' title="bbox 306 2853 1346 2909; baseline -0.001 -12"><span class='ocrx_word' id='word_1_280' title='bbox 306 2856 458 2897; x_wconf 82' lang='lat' dir='ltr'>dentim&#39;</span> <span class='ocrx_word' id='word_1_281' title='bbox 476 2857 740 2906; x_wconf 82' lang='lat' dir='ltr'>Interpretum</span> <span class='ocrx_word' id='word_1_282' title='bbox 767 2853 913 2909; x_wconf 69' lang='lat' dir='ltr'>censiti!</span> <span class='ocrx_word' id='word_1_283' title='bbox 929 2881 943 2903; x_wconf 85' lang='lat'><strong>‚</strong></span> <span class='ocrx_word' id='word_1_284' title='bbox 975 2855 1140 2896; x_wconf 55' lang='lat' dir='ltr'>&amp;atres</span> <span class='ocrx_word' id='word_1_285' title='bbox 1157 2855 1346 2898; x_wconf 75' lang='lat' dir='ltr'>ordinum</span> 
     </span>
     <span class='ocr_line' id='line_1_45' title="bbox 304 2909 1345 2970; baseline 0.001 -16"><span class='ocrx_word' id='word_1_286' title='bbox 304 2911 618 2959; x_wconf 77' lang='lat' dir='ltr'>Mendicantium</span> <span class='ocrx_word' id='word_1_287' title='bbox 649 2924 893 2967; x_wconf 80' lang='lat' dir='ltr'>nequaquam</span> <span class='ocrx_word' id='word_1_288' title='bbox 921 2910 1027 2969; x_wconf 73' lang='lat' dir='ltr'>pff</span> <span class='ocrx_word' id='word_1_289' title='bbox 1061 2909 1110 2951; x_wconf 83' lang='lat' dir='ltr'>ab</span> <span class='ocrx_word' id='word_1_290' title='bbox 1155 2913 1345 2970; x_wconf 75' lang='lat' dir='ltr'>Epssopis</span> 
     </span>
     <span class='ocr_line' id='line_1_46' title="bbox 300 2968 1345 3029; baseline -0.005 -15"><span class='ocrx_word' id='word_1_291' title='bbox 300 2970 533 3029; x_wconf 83' lang='lat' dir='ltr'>prohiberi,</span> <span class='ocrx_word' id='word_1_292' title='bbox 565 2968 639 3023; x_wconf 69' lang='lat' dir='ltr'>qud</span> <span class='ocrx_word' id='word_1_293' title='bbox 665 2969 791 3011; x_wconf 83' lang='lat' dir='ltr'>minus</span> <span class='ocrx_word' id='word_1_294' title='bbox 819 2979 892 3024; x_wconf 82' lang='lat' dir='ltr'>per</span> <span class='ocrx_word' id='word_1_295' title='bbox 918 2970 1061 3026; x_wconf 76' lang='lat' dir='ltr'>seipsbs</span> <span class='ocrx_word' id='word_1_296' title='bbox 1083 2969 1126 3010; x_wconf 85' lang='lat' dir='ltr'>in</span> <span class='ocrx_word' id='word_1_297' title='bbox 1153 2970 1345 3029; x_wconf 67' lang='lat' dir='ltr'>Dia-cafi-</span> 
     </span>
     <span class='ocr_line' id='line_1_47' title="bbox 305 3027 1341 3085; baseline 0.003 -15"><span class='ocrx_word' id='word_1_298' title='bbox 305 3033 371 3072; x_wconf 76' lang='lat' dir='ltr'>bus</span> <span class='ocrx_word' id='word_1_299' title='bbox 389 3060 404 3081; x_wconf 85' lang='lat'><strong><em>,</em></strong></span> <span class='ocrx_word' id='word_1_300' title='bbox 437 3029 506 3072; x_wconf 85' lang='lat' dir='ltr'>ubt&#39;</span> <span class='ocrx_word' id='word_1_301' title='bbox 526 3027 671 3068; x_wconf 86' lang='lat' dir='ltr'>habent</span> <span class='ocrx_word' id='word_1_302' title='bbox 688 3031 930 3076; x_wconf 73' lang='lat' dir='ltr'>Conventus,</span> <span class='ocrx_word' id='word_1_303' title='bbox 961 3031 1209 3081; x_wconf 77' lang='lat' dir='ltr'>eleemosynas</span> <span class='ocrx_word' id='word_1_304' title='bbox 1233 3044 1341 3085; x_wconf 79' lang='lat' dir='ltr'><em>quae-</em></span> 
     </span>
     <span class='ocr_line' id='line_1_48' title="bbox 305 3087 1339 3146; baseline 0 -15"><span class='ocrx_word' id='word_1_305' title='bbox 305 3099 401 3132; x_wconf 86' lang='lat' dir='ltr'>rant</span> <span class='ocrx_word' id='word_1_306' title='bbox 415 3117 430 3138; x_wconf 88' lang='lat'>‚</span> <span class='ocrx_word' id='word_1_307' title='bbox 442 3087 520 3144; x_wconf 79' lang='lat' dir='ltr'>fid</span> <span class='ocrx_word' id='word_1_308' title='bbox 540 3095 697 3127; x_wconf 85' lang='lat' dir='ltr'>tantum</span> <span class='ocrx_word' id='word_1_309' title='bbox 711 3115 725 3137; x_wconf 81' lang='lat'>,</span> <span class='ocrx_word' id='word_1_310' title='bbox 744 3087 791 3142; x_wconf 83' lang='lat' dir='ltr'><em>fi</em></span> <span class='ocrx_word' id='word_1_311' title='bbox 806 3097 921 3128; x_wconf 80' lang='lat' dir='ltr'>extra</span> <span class='ocrx_word' id='word_1_312' title='bbox 947 3088 1054 3139; x_wconf 84' lang='lat' dir='ltr'>loca,</span> <span class='ocrx_word' id='word_1_313' title='bbox 1067 3088 1136 3130; x_wconf 81' lang='lat' dir='ltr'>ubi</span> <span class='ocrx_word' id='word_1_314' title='bbox 1145 3089 1339 3146; x_wconf 75' lang='lat' dir='ltr'>Monaste-</span> 
     </span>
     <span class='ocr_line' id='line_1_49' title="bbox 305 3146 1336 3200; baseline 0 -11"><span class='ocrx_word' id='word_1_315' title='bbox 305 3152 369 3190; x_wconf 82' lang='lat' dir='ltr'>ria</span> <span class='ocrx_word' id='word_1_316' title='bbox 388 3146 555 3200; x_wconf 76' lang='lat' dir='ltr'>exstant</span> <span class='ocrx_word' id='word_1_317' title='bbox 571 3171 585 3194; x_wconf 82' lang='lat'><strong>,</strong></span> <span class='ocrx_word' id='word_1_318' title='bbox 617 3149 832 3198; x_wconf 65' lang='lat' dir='ltr'>qua-rixare</span> <span class='ocrx_word' id='word_1_319' title='bbox 854 3147 1047 3189; x_wconf 76' lang='lat' dir='ltr'>voluerint</span> <span class='ocrx_word' id='word_1_320' title='bbox 1062 3174 1076 3198; x_wconf 81' lang='lat'>,</span> <span class='ocrx_word' id='word_1_321' title='bbox 1104 3151 1231 3189; x_wconf 85' lang='lat' dir='ltr'>teneri</span> <span class='ocrx_word' id='word_1_322' title='bbox 1244 3148 1336 3198; x_wconf 76' lang='lat' dir='ltr'>sito-</span> 
     </span>
     <span class='ocr_line' id='line_1_50' title="bbox 303 3204 1332 3263; baseline 0.001 -14"><span class='ocrx_word' id='word_1_323' title='bbox 303 3219 394 3249; x_wconf 84' lang='lat' dir='ltr'>rum</span> <span class='ocrx_word' id='word_1_324' title='bbox 407 3207 656 3260; x_wconf 67' lang='lat' dir='ltr'>superiorum</span> <span class='ocrx_word' id='word_1_325' title='bbox 683 3204 881 3246; x_wconf 81' lang='lat' dir='ltr'>licentiam</span> <span class='ocrx_word' id='word_1_326' title='bbox 897 3204 1109 3248; x_wconf 79' lang='lat' dir='ltr'>ordinario</span> <span class='ocrx_word' id='word_1_327' title='bbox 1120 3204 1332 3263; x_wconf 80' lang='lat' dir='ltr'>ostendere.</span> 
     </span>
    </p>
   </div>
   <div class='ocr_carea' id='block_1_3' title="bbox 510 3311 1118 3392">
    <p class='ocr_par' dir='ltr' id='par_1_4' title="bbox 510 3311 1118 3392">
     <span class='ocr_line' id='line_1_51' title="bbox 510 3311 1118 3392; baseline -0.002 -21"><span class='ocrx_word' id='word_1_328' title='bbox 510 3321 564 3371; x_wconf 86' lang='lat' dir='ltr'>F.</span> <span class='ocrx_word' id='word_1_329' title='bbox 585 3311 712 3372; x_wconf 84' lang='lat' dir='ltr'>Card.</span> <span class='ocrx_word' id='word_1_330' title='bbox 741 3321 959 3373; x_wconf 86' lang='lat' dir='ltr'>Paulutius</span> <span class='ocrx_word' id='word_1_331' title='bbox 988 3322 1118 3392; x_wconf 68' lang='lat' dir='ltr'>PraefJ</span> 
     </span>
    </p>
   </div>
   <div class='ocr_carea' id='block_1_4' title="bbox 593 3451 1271 3553">
    <p class='ocr_par' dir='ltr' id='par_1_5' title="bbox 593 3451 1271 3553">
     <span class='ocr_line' id='line_1_52' title="bbox 593 3451 1271 3513; baseline -0.004 -17"><span class='ocrx_word' id='word_1_332' title='bbox 593 3457 636 3496; x_wconf 81' lang='lat' dir='ltr'>C.</span> <span class='ocrx_word' id='word_1_333' title='bbox 663 3452 707 3513; x_wconf 83' lang='lat' dir='ltr'>de</span> <span class='ocrx_word' id='word_1_334' title='bbox 731 3451 888 3496; x_wconf 84' lang='lat' dir='ltr'>Veeebiis</span> <span class='ocrx_word' id='word_1_335' title='bbox 917 3453 1118 3509; x_wconf 75' lang='lat' dir='ltr'>Epifiopus</span> <span class='ocrx_word' id='word_1_336' title='bbox 1148 3451 1271 3509; x_wconf 82' lang='lat' dir='ltr'>Cluss&#39;.</span> 
     </span>
     <span class='ocr_line' id='line_1_53' title="bbox 710 3513 998 3553; baseline 0 -1"><span class='ocrx_word' id='word_1_337' title='bbox 710 3514 750 3552; x_wconf 85' lang='lat' dir='ltr'>S.</span> <span class='ocrx_word' id='word_1_338' title='bbox 782 3515 827 3553; x_wconf 87' lang='lat' dir='ltr'>C.</span> <span class='ocrx_word' id='word_1_339' title='bbox 853 3513 998 3552; x_wconf 79' lang='lat' dir='ltr'>Secret-</span> 
     </span>
    </p>
   </div>
   <div class='ocr_carea' id='block_1_5' title="bbox 360 3616 1330 3736">
    <p class='ocr_par' dir='ltr' id='par_1_6' title="bbox 360 3616 1330 3736">
     <span class='ocr_line' id='line_1_54' title="bbox 360 3616 1330 3674; baseline -0.001 -15"><span class='ocrx_word' id='word_1_340' title='bbox 360 3619 422 3659; x_wconf 70' lang='grc' dir='ltr'>Ἐκ</span> <span class='ocrx_word' id='word_1_341' title='bbox 440 3619 470 3659; x_wconf 87' lang='lat' dir='ltr'><em>R</em></span> <span class='ocrx_word' id='word_1_342' title='bbox 476 3631 535 3672; x_wconf 82' lang='lat' dir='ltr'>eg.</span> <span class='ocrx_word' id='word_1_343' title='bbox 553 3620 696 3660; x_wconf 80' lang='lat' dir='ltr'>Secret.</span> <span class='ocrx_word' id='word_1_344' title='bbox 713 3623 899 3674; x_wconf 83' lang='lat' dir='ltr'>Congreg.</span> <span class='ocrx_word' id='word_1_345' title='bbox 914 3617 1031 3672; x_wconf 68' lang='lat' dir='ltr'>mens-¹</span> <span class='ocrx_word' id='word_1_346' title='bbox 1040 3616 1088 3664; x_wconf 68' lang='grc'>(9·</span> <span class='ocrx_word' id='word_1_347' title='bbox 1102 3619 1330 3672; x_wconf 76' lang='lat' dir='ltr'>annipraed.</span> 
     </span>
     <span class='ocr_line' id='line_1_55' title="bbox 424 3675 1257 3736; baseline 0.005 -22"><span class='ocrx_word' id='word_1_348' title='bbox 424 3677 511 3719; x_wconf 74' lang='lat' dir='ltr'>Vide</span> <span class='ocrx_word' id='word_1_349' title='bbox 531 3677 575 3715; x_wconf 75' lang='lat' dir='ltr'>de</span> <span class='ocrx_word' id='word_1_350' title='bbox 587 3678 657 3718; x_wconf 82' lang='lat' dir='ltr'>hac</span> <span class='ocrx_word' id='word_1_351' title='bbox 675 3680 758 3736; x_wconf 79' lang='lat' dir='ltr'>ipsit</span> <span class='ocrx_word' id='word_1_352' title='bbox 773 3679 942 3719; x_wconf 81' lang='lat' dir='ltr'>materia</span> <span class='ocrx_word' id='word_1_353' title='bbox 971 3675 1158 3733; x_wconf 62' lang='lat' dir='ltr'>&amp;snpra</span> <span class='ocrx_word' id='word_1_354' title='bbox 1170 3675 1257 3735; x_wconf 88' lang='lat' dir='ltr'>fol.</span> 
     </span>
    </p>
   </div>
   <div class='ocr_carea' id='block_1_6' title="bbox 415 3734 692 3793">
    <p class='ocr_par' dir='ltr' id='par_1_7' title="bbox 415 3734 692 3793">
     <span class='ocr_line' id='line_1_56' title="bbox 415 3734 692 3793; baseline 0.007 -2"><span class='ocrx_word' id='word_1_355' title='bbox 415 3748 511 3792; x_wconf 87' lang='lat'><strong>394·</strong></span> <span class='ocrx_word' id='word_1_356' title='bbox 526 3734 574 3783; x_wconf 75' lang='lat' dir='ltr'>o·</span> <span class='ocrx_word' id='word_1_357' title='bbox 591 3747 692 3793; x_wconf 73' lang='grc'><em>395-</em></span> 
     </span>
    </p>
   </div>
   <div class='ocr_carea' id='block_1_7' title="bbox 1080 152 1802 241">
    <p class='ocr_par' dir='ltr' id='par_1_8' title="bbox 1080 148 1802 241">
     <span class='ocr_line' id='line_1_57' title="bbox 1080 152 1802 241; baseline -0.003 -1"><span class='ocrx_word' id='word_1_358' title='bbox 1080 152 1673 241; x_wconf 65' lang='lat' dir='ltr'>Provincia&lt;</span> <span class='ocrx_word' id='word_1_359' title='bbox 1794 153 1802 162; x_wconf 83' lang='lat'><em>&#39;</em></span> 
     </span>
    </p>
   </div>
   <div class='ocr_carea' id='block_1_8' title="bbox 1407 269 2485 614">
    <p class='ocr_par' dir='ltr' id='par_1_9' title="bbox 1407 269 2485 553">
     <span class='ocr_line' id='line_1_58' title="bbox 1407 269 2441 324; baseline -0.001 0"><span class='ocrx_word' id='word_1_360' title='bbox 1407 273 1612 324; x_wconf 85' lang='lat' dir='ltr'>Parocho</span> <span class='ocrx_word' id='word_1_361' title='bbox 1655 270 1768 322; x_wconf 89' lang='lat' dir='ltr'>Loci</span> <span class='ocrx_word' id='word_1_362' title='bbox 1803 271 1999 323; x_wconf 84' lang='lat' dir='ltr'>Carucci</span> <span class='ocrx_word' id='word_1_363' title='bbox 2027 270 2202 321; x_wconf 89' lang='lat' dir='ltr'>ratione</span> <span class='ocrx_word' id='word_1_364' title='bbox 2233 269 2441 323; x_wconf 87' lang='lat' dir='ltr'>Cadave-</span> 
     </span>
     <span class='ocr_line' id='line_1_59' title="bbox 1475 340 2437 394; baseline 0 -1"><span class='ocrx_word' id='word_1_365' title='bbox 1475 361 1579 393; x_wconf 85' lang='lat' dir='ltr'>rum</span> <span class='ocrx_word' id='word_1_366' title='bbox 1602 345 1911 393; x_wconf 86' lang='lat' dir='ltr'>Dominorum</span> <span class='ocrx_word' id='word_1_367' title='bbox 1935 345 2177 394; x_wconf 81' lang='lat' dir='ltr'>Comitum</span> <span class='ocrx_word' id='word_1_368' title='bbox 2210 340 2268 390; x_wconf 89' lang='lat' dir='ltr'>de</span> <span class='ocrx_word' id='word_1_369' title='bbox 2296 343 2437 393; x_wconf 86' lang='lat' dir='ltr'>Costa</span> 
     </span>
     <span class='ocr_line' id='line_1_60' title="bbox 1473 412 2438 464; baseline -0.002 -1"><span class='ocrx_word' id='word_1_370' title='bbox 1473 414 1531 463; x_wconf 87' lang='lat' dir='ltr'>ad</span> <span class='ocrx_word' id='word_1_371' title='bbox 1549 417 1759 464; x_wconf 86' lang='lat' dir='ltr'>Fratrum</span> <span class='ocrx_word' id='word_1_372' title='bbox 1783 412 2028 464; x_wconf 86' lang='lat' dir='ltr'>Ecclefiam</span> <span class='ocrx_word' id='word_1_373' title='bbox 2060 412 2170 463; x_wconf 66' lang='lat' dir='ltr'>disti</span> <span class='ocrx_word' id='word_1_374' title='bbox 2186 412 2279 463; x_wconf 83' lang='lat' dir='ltr'>loci</span> <span class='ocrx_word' id='word_1_375' title='bbox 2296 429 2438 462; x_wconf 87' lang='lat' dir='ltr'>trans-</span> 
     </span>
     <span class='ocr_line' id='line_1_61' title="bbox 1473 482 2485 553; baseline 0 -19"><span class='ocrx_word' id='word_1_376' title='bbox 1473 487 1670 535; x_wconf 87' lang='lat' dir='ltr'>latorum</span> <span class='ocrx_word' id='word_1_377' title='bbox 1689 487 1958 553; x_wconf 60' lang='lat' dir='ltr'>,Qartam</span> <span class='ocrx_word' id='word_1_378' title='bbox 1979 482 2230 535; x_wconf 83' lang='lat' dir='ltr'>funeralem</span> <span class='ocrx_word' id='word_1_379' title='bbox 2253 501 2343 534; x_wconf 89' lang='lat' dir='ltr'>non</span> <span class='ocrx_word' id='word_1_380' title='bbox 2361 483 2438 535; x_wconf 84' lang='lat' dir='ltr'>de·</span> <span class='ocrx_word' id='word_1_381' title='bbox 2482 516 2485 519; x_wconf 59' lang='lat'><strong>&gt;</strong></span> 
     </span>
    </p>

    <p class='ocr_par' dir='ltr' id='par_1_10' title="bbox 1418 554 1931 614">
     <span class='ocr_line' id='line_1_62' title="bbox 1418 554 1931 614; baseline -0.002 -7"><span class='ocrx_word' id='word_1_382' title='bbox 1418 611 1420 614; x_wconf 9' lang='grc' dir='ltr'><em>Α</em></span> <span class='ocrx_word' id='word_1_383' title='bbox 1472 554 1602 614; x_wconf 87' lang='lat' dir='ltr'>beri,</span> <span class='ocrx_word' id='word_1_384' title='bbox 1631 555 1828 607; x_wconf 87' lang='lat' dir='ltr'>sancitur</span> <span class='ocrx_word' id='word_1_385' title='bbox 1852 589 1868 605; x_wconf 87' lang='lat'><strong>.</strong></span> <span class='ocrx_word' id='word_1_386' title='bbox 1929 604 1931 606; x_wconf 84' lang='lat'>.</span> 
     </span>
    </p>
   </div>
   <div class='ocr_carea' id='block_1_9' title="bbox 1464 675 2379 740">
    <p class='ocr_par' dir='ltr' id='par_1_11' title="bbox 1464 675 2379 740">
     <span class='ocr_line' id='line_1_63' title="bbox 1464 675 2379 740; baseline -0.002 -14"><span class='ocrx_word' id='word_1_387' title='bbox 1464 681 1757 740; x_wconf 77' lang='lat' dir='ltr'>Eminente‘fflmi</span> <span class='ocrx_word' id='word_1_388' title='bbox 1767 711 1780 735; x_wconf 90' lang='lat'>,</span> <span class='ocrx_word' id='word_1_389' title='bbox 1797 692 1846 724; x_wconf 65' lang='lat' dir='ltr'>‘ae</span> <span class='ocrx_word' id='word_1_390' title='bbox 1856 675 2167 739; x_wconf 51' lang='lat' dir='ltr'>&#39;Reverendffmi</span> <span class='ocrx_word' id='word_1_391' title='bbox 2192 685 2379 726; x_wconf 80' lang='lat' dir='ltr'>Domini.</span> 
     </span>
    </p>
   </div>
   <div class='ocr_carea' id='block_1_10' title="bbox 1389 797 2486 3736">
    <p class='ocr_par' dir='ltr' id='par_1_12' title="bbox 1506 797 2437 854">
     <span class='ocr_line' id='line_1_64' title="bbox 1506 797 2437 854; baseline 0.003 -14"><span class='ocrx_word' id='word_1_392' title='bbox 1506 800 1721 843; x_wconf 89' lang='lat' dir='ltr'>Onventus</span> <span class='ocrx_word' id='word_1_393' title='bbox 1739 802 1902 844; x_wconf 77' lang='lat' dir='ltr'>Panum</span> <span class='ocrx_word' id='word_1_394' title='bbox 1921 799 2223 854; x_wconf 87' lang='lat' dir='ltr'>Capucinorum</span> <span class='ocrx_word' id='word_1_395' title='bbox 2249 797 2330 842; x_wconf 89' lang='lat' dir='ltr'>loci</span> <span class='ocrx_word' id='word_1_396' title='bbox 2354 803 2437 843; x_wconf 87' lang='lat' dir='ltr'>Ca-</span> 
     </span>
    </p>

    <p class='ocr_par' dir='ltr' id='par_1_13' title="bbox 1389 854 2486 3736">
     <span class='ocr_line' id='line_1_65' title="bbox 1520 854 2435 912; baseline -0.001 -13"><span class='ocrx_word' id='word_1_397' title='bbox 1520 860 1651 910; x_wconf 85' lang='lat' dir='ltr'>rucci,</span> <span class='ocrx_word' id='word_1_398' title='bbox 1678 858 1871 900; x_wconf 86' lang='lat' dir='ltr'>Dioecefis</span> <span class='ocrx_word' id='word_1_399' title='bbox 1887 858 2038 900; x_wconf 90' lang='lat' dir='ltr'>Montis</span> <span class='ocrx_word' id='word_1_400' title='bbox 2057 856 2248 912; x_wconf 83' lang='lat' dir='ltr'>Regalis,</span> <span class='ocrx_word' id='word_1_401' title='bbox 2262 858 2283 898; x_wconf 75' lang='grc' dir='ltr'>εἰ</span> <span class='ocrx_word' id='word_1_402' title='bbox 2301 854 2435 901; x_wconf 81' lang='lat' dir='ltr'>funda.</span> 
     </span>
     <span class='ocr_line' id='line_1_66' title="bbox 1404 915 2427 970; baseline -0.001 -11"><span class='ocrx_word' id='word_1_403' title='bbox 1404 918 1550 970; x_wconf 88' lang='lat' dir='ltr'>tione,</span> <span class='ocrx_word' id='word_1_404' title='bbox 1590 932 1694 961; x_wconf 83' lang='lat' dir='ltr'>anno</span> <span class='ocrx_word' id='word_1_405' title='bbox 1726 917 1844 959; x_wconf 81' lang='lat'>1612.</span> <span class='ocrx_word' id='word_1_406' title='bbox 1872 916 1922 958; x_wconf 89' lang='lat' dir='ltr'>ab</span> <span class='ocrx_word' id='word_1_407' title='bbox 1949 915 2216 957; x_wconf 69' lang='lat' dir='ltr'>illustrissimis</span> <span class='ocrx_word' id='word_1_408' title='bbox 2242 917 2427 958; x_wconf 77' lang='lat' dir='ltr'>Dominis</span> 
     </span>
     <span class='ocr_line' id='line_1_67' title="bbox 1404 972 2447 1026; baseline -0.002 -8"><span class='ocrx_word' id='word_1_409' title='bbox 1404 976 1638 1019; x_wconf 87' lang='lat' dir='ltr'>Comitibus</span> <span class='ocrx_word' id='word_1_410' title='bbox 1652 975 1772 1019; x_wconf 90' lang='lat' dir='ltr'>Costa</span> <span class='ocrx_word' id='word_1_411' title='bbox 1784 974 1951 1019; x_wconf 76' lang='lat' dir='ltr'>vasallis</span> <span class='ocrx_word' id='word_1_412' title='bbox 1962 974 2063 1018; x_wconf 89' lang='lat' dir='ltr'>dicti</span> <span class='ocrx_word' id='word_1_413' title='bbox 2081 974 2204 1017; x_wconf 84' lang='lat' dir='ltr'>Feudi</span> <span class='ocrx_word' id='word_1_414' title='bbox 2221 972 2338 1025; x_wconf 49' lang='lat' dir='ltr'>fasta,</span> <span class='ocrx_word' id='word_1_415' title='bbox 2353 972 2447 1026; x_wconf 78' lang='lat' dir='ltr'>iam¹</span> 
     </span>
     <span class='ocr_line' id='line_1_68' title="bbox 1404 1030 2433 1090; baseline 0 -14"><span class='ocrx_word' id='word_1_416' title='bbox 1404 1048 1478 1090; x_wconf 88' lang='lat' dir='ltr'>per</span> <span class='ocrx_word' id='word_1_417' title='bbox 1492 1035 1557 1089; x_wconf 84' lang='lat' dir='ltr'>p&#39;lu</span> <span class='ocrx_word' id='word_1_418' title='bbox 1566 1048 1628 1077; x_wconf 86' lang='lat' dir='ltr'>res</span> <span class='ocrx_word' id='word_1_419' title='bbox 1643 1047 1766 1077; x_wconf 86' lang='lat' dir='ltr'>annos</span> <span class='ocrx_word' id='word_1_420' title='bbox 1781 1044 1918 1076; x_wconf 85' lang='lat' dir='ltr'>manet</span> <span class='ocrx_word' id='word_1_421' title='bbox 1934 1033 1974 1075; x_wconf 89' lang='lat' dir='ltr'>in</span> <span class='ocrx_word' id='word_1_422' title='bbox 1990 1030 2245 1088; x_wconf 79' lang='lat' dir='ltr'>poffeffione‚</span> <span class='ocrx_word' id='word_1_423' title='bbox 2276 1033 2316 1074; x_wconf 94' lang='lat' dir='ltr'>in</span> <span class='ocrx_word' id='word_1_424' title='bbox 2331 1032 2433 1076; x_wconf 52' lang='lat' dir='ltr'>sua,</span> 
     </span>
     <span class='ocr_line' id='line_1_69' title="bbox 1399 1091 2432 1147; baseline 0 -13"><span class='ocrx_word' id='word_1_425' title='bbox 1399 1093 1794 1145; x_wconf 68' lang='lat' dir='ltr'>Ecciefia‚dietorum</span> <span class='ocrx_word' id='word_1_426' title='bbox 1815 1091 2090 1135; x_wconf 83' lang='lat' dir='ltr'>Fundatorum</span> <span class='ocrx_word' id='word_1_427' title='bbox 2105 1091 2432 1147; x_wconf 78' lang='lat' dir='ltr'>Cadavera,quae</span> 
     </span>
     <span class='ocr_line' id='line_1_70' title="bbox 1397 1149 2427 1208; baseline 0 -14"><span class='ocrx_word' id='word_1_428' title='bbox 1397 1151 1450 1194; x_wconf 88' lang='lat' dir='ltr'>ad</span> <span class='ocrx_word' id='word_1_429' title='bbox 1467 1151 1712 1208; x_wconf 83' lang='lat' dir='ltr'>sepulturam</span> <span class='ocrx_word' id='word_1_430' title='bbox 1730 1151 1766 1193; x_wconf 92' lang='lat' dir='ltr'>in</span> <span class='ocrx_word' id='word_1_431' title='bbox 1780 1149 1889 1192; x_wconf 69' lang='lat' dir='ltr'>dicto</span> <span class='ocrx_word' id='word_1_432' title='bbox 1915 1151 2007 1192; x_wconf 92' lang='lat' dir='ltr'>loco</span> <span class='ocrx_word' id='word_1_433' title='bbox 2023 1160 2265 1204; x_wconf 77' lang='lat' dir='ltr'>portantur,</span> <span class='ocrx_word' id='word_1_434' title='bbox 2296 1164 2427 1194; x_wconf 60' lang='lat' dir='ltr'>cum-</span> 
     </span>
     <span class='ocr_line' id='line_1_71' title="bbox 1399 1208 2486 1267; baseline -0.001 -15"><span class='ocrx_word' id='word_1_435' title='bbox 1399 1209 1514 1253; x_wconf 83' lang='lat' dir='ltr'>solita</span> <span class='ocrx_word' id='word_1_436' title='bbox 1532 1209 1689 1253; x_wconf 87' lang='lat' dir='ltr'>funebri</span> <span class='ocrx_word' id='word_1_437' title='bbox 1715 1223 1889 1267; x_wconf 78' lang='lat' dir='ltr'>pompa,</span> <span class='ocrx_word' id='word_1_438' title='bbox 1919 1210 1958 1250; x_wconf 88' lang='lat'>&amp;</span> <span class='ocrx_word' id='word_1_439' title='bbox 1984 1208 2320 1259; x_wconf 85' lang='lat' dir='ltr'>illuminatione,</span> <span class='ocrx_word' id='word_1_440' title='bbox 2351 1208 2436 1251; x_wconf 78' lang='lat' dir='ltr'>fine</span> <span class='ocrx_word' id='word_1_441' title='bbox 2483 1249 2486 1254; x_wconf 89' lang='grc'><em>,</em></span> 
     </span>
     <span class='ocr_line' id='line_1_72' title="bbox 1398 1266 2428 1323; baseline -0.004 -12"><span class='ocrx_word' id='word_1_442' title='bbox 1398 1268 1650 1312; x_wconf 70' lang='lat' dir='ltr'>detractione</span> <span class='ocrx_word' id='word_1_443' title='bbox 1681 1282 1810 1320; x_wconf 67' lang='lat' dir='ltr'>cerae,</span> <span class='ocrx_word' id='word_1_444' title='bbox 1839 1278 1906 1310; x_wconf 88' lang='lat' dir='ltr'>aut</span> <span class='ocrx_word' id='word_1_445' title='bbox 1928 1266 2098 1323; x_wconf 87' lang='lat' dir='ltr'>alicujus</span> <span class='ocrx_word' id='word_1_446' title='bbox 2130 1267 2428 1319; x_wconf 88' lang='lat' dir='ltr'>emolumenti,</span> 
     </span>
     <span class='ocr_line' id='line_1_73' title="bbox 1392 1324 2433 1386; baseline -0.001 -16"><span class='ocrx_word' id='word_1_447' title='bbox 1392 1329 1434 1371; x_wconf 85' lang='lat' dir='ltr'>in</span> <span class='ocrx_word' id='word_1_448' title='bbox 1453 1326 1676 1386; x_wconf 83' lang='lat' dir='ltr'>hujusmodi</span> <span class='ocrx_word' id='word_1_449' title='bbox 1705 1325 1911 1369; x_wconf 64' lang='lat' dir='ltr'>funetione</span> <span class='ocrx_word' id='word_1_450' title='bbox 1930 1324 2024 1376; x_wconf 78' lang='lat' dir='ltr'>fixi,</span> <span class='ocrx_word' id='word_1_451' title='bbox 2055 1325 2280 1382; x_wconf 86' lang='lat' dir='ltr'>recipiendi</span> <span class='ocrx_word' id='word_1_452' title='bbox 2300 1354 2314 1377; x_wconf 65' lang='lat'>2</span> <span class='ocrx_word' id='word_1_453' title='bbox 2344 1340 2433 1381; x_wconf 90' lang='lat' dir='ltr'>quo</span> 
     </span>
     <span class='ocr_line' id='line_1_74' title="bbox 1394 1384 2434 1439; baseline -0.001 -10"><span class='ocrx_word' id='word_1_454' title='bbox 1394 1401 1474 1430; x_wconf 91' lang='lat' dir='ltr'>non</span> <span class='ocrx_word' id='word_1_455' title='bbox 1487 1387 1669 1430; x_wconf 81' lang='lat' dir='ltr'>obstante</span> <span class='ocrx_word' id='word_1_456' title='bbox 1687 1385 1916 1437; x_wconf 80' lang='lat' dir='ltr'>‚Parochus</span> <span class='ocrx_word' id='word_1_457' title='bbox 1933 1412 1947 1435; x_wconf 85' lang='lat'>‚</span> <span class='ocrx_word' id='word_1_458' title='bbox 1979 1384 2044 1426; x_wconf 88' lang='lat' dir='ltr'>vel</span> <span class='ocrx_word' id='word_1_459' title='bbox 2077 1385 2434 1439; x_wconf 86' lang='lat' dir='ltr'>Archipresbyter</span> 
     </span>
     <span class='ocr_line' id='line_1_75' title="bbox 1393 1443 2431 1504; baseline 0 -17"><span class='ocrx_word' id='word_1_460' title='bbox 1393 1446 1610 1489; x_wconf 87' lang='lat' dir='ltr'>memorati</span> <span class='ocrx_word' id='word_1_461' title='bbox 1624 1443 1705 1486; x_wconf 90' lang='lat' dir='ltr'>loci</span> <span class='ocrx_word' id='word_1_462' title='bbox 1723 1447 1956 1497; x_wconf 80' lang='lat' dir='ltr'>„Oratores</span> <span class='ocrx_word' id='word_1_463' title='bbox 1972 1444 2234 1498; x_wconf 81' lang='lat' dir='ltr'>praetenfione</span> <span class='ocrx_word' id='word_1_464' title='bbox 2260 1446 2431 1504; x_wconf 80' lang='lat' dir='ltr'>Qartae</span> 
     </span>
     <span class='ocr_line' id='line_1_76' title="bbox 1393 1500 2433 1557; baseline -0.005 -9"><span class='ocrx_word' id='word_1_465' title='bbox 1393 1505 1598 1549; x_wconf 90' lang='lat' dir='ltr'>dictorum</span> <span class='ocrx_word' id='word_1_466' title='bbox 1612 1502 1984 1546; x_wconf 86' lang='lat' dir='ltr'>emolumentorum</span> <span class='ocrx_word' id='word_1_467' title='bbox 1997 1530 2013 1552; x_wconf 93' lang='lat'><strong>,</strong></span> <span class='ocrx_word' id='word_1_468' title='bbox 2033 1515 2109 1557; x_wconf 84' lang='lat' dir='ltr'>pro</span> <span class='ocrx_word' id='word_1_469' title='bbox 2127 1500 2327 1556; x_wconf 81' lang='lat' dir='ltr'>sepultura</span> <span class='ocrx_word' id='word_1_470' title='bbox 2346 1505 2433 1544; x_wconf 91' lang='lat' dir='ltr'>Co-</span> 
     </span>
     <span class='ocr_line' id='line_1_77' title="bbox 1399 1560 2433 1616; baseline -0.002 -11"><span class='ocrx_word' id='word_1_471' title='bbox 1399 1562 1548 1607; x_wconf 77' lang='lat' dir='ltr'>mitiffae</span> <span class='ocrx_word' id='word_1_472' title='bbox 1562 1560 1777 1606; x_wconf 83' lang='lat' dir='ltr'>Ludovicae</span> <span class='ocrx_word' id='word_1_473' title='bbox 1789 1562 1908 1605; x_wconf 81' lang='lat' dir='ltr'>Costa</span> <span class='ocrx_word' id='word_1_474' title='bbox 1924 1589 1938 1612; x_wconf 88' lang='lat'>,</span> <span class='ocrx_word' id='word_1_475' title='bbox 1969 1561 2010 1602; x_wconf 75' lang='grc' dir='ltr'>δε</span> <span class='ocrx_word' id='word_1_476' title='bbox 2026 1560 2433 1616; x_wconf 74' lang='lat' dir='ltr'>Comitis‘Hierony-</span> 
     </span>
     <span class='ocr_line' id='line_1_78' title="bbox 1397 1618 2432 1671; baseline -0.002 -7"><span class='ocrx_word' id='word_1_477' title='bbox 1397 1624 1451 1664; x_wconf 90' lang='lat' dir='ltr'>mi</span> <span class='ocrx_word' id='word_1_478' title='bbox 1467 1623 1600 1666; x_wconf 83' lang='lat' dir='ltr'>Mariae</span> <span class='ocrx_word' id='word_1_479' title='bbox 1624 1619 1745 1663; x_wconf 76' lang='lat' dir='ltr'>Costa</span> <span class='ocrx_word' id='word_1_480' title='bbox 1776 1621 1817 1662; x_wconf 92' lang='lat' dir='ltr'>in</span> <span class='ocrx_word' id='word_1_481' title='bbox 1846 1620 2032 1663; x_wconf 86' lang='lat' dir='ltr'>Civitate</span> <span class='ocrx_word' id='word_1_482' title='bbox 2061 1618 2330 1671; x_wconf 58' lang='lat' dir='ltr'>Taurinam,</span> <span class='ocrx_word' id='word_1_483' title='bbox 2362 1619 2432 1662; x_wconf 87' lang='lat' dir='ltr'>ubi</span> 
     </span>
     <span class='ocr_line' id='line_1_79' title="bbox 1397 1676 2434 1730; baseline -0.004 -6"><span class='ocrx_word' id='word_1_484' title='bbox 1397 1682 1657 1725; x_wconf 87' lang='lat' dir='ltr'>morabantur</span> <span class='ocrx_word' id='word_1_485' title='bbox 1671 1706 1688 1729; x_wconf 60' lang='lat'>⁵</span> <span class='ocrx_word' id='word_1_486' title='bbox 1716 1676 1995 1722; x_wconf 69' lang='lat' dir='ltr'>defunetorum</span> <span class='ocrx_word' id='word_1_487' title='bbox 2010 1707 2024 1730; x_wconf 83' lang='lat'>,</span> <span class='ocrx_word' id='word_1_488' title='bbox 2055 1679 2095 1719; x_wconf 76' lang='grc' dir='ltr'>δι</span> <span class='ocrx_word' id='word_1_489' title='bbox 2109 1691 2157 1720; x_wconf 84' lang='lat' dir='ltr'>ex</span> <span class='ocrx_word' id='word_1_490' title='bbox 2175 1677 2434 1721; x_wconf 81' lang='lat' dir='ltr'>testamenta·</span> 
     </span>
     <span class='ocr_line' id='line_1_80' title="bbox 1400 1736 2428 1795; baseline -0.006 -11"><span class='ocrx_word' id='word_1_491' title='bbox 1400 1743 1456 1784; x_wconf 91' lang='lat' dir='ltr'>ria</span> <span class='ocrx_word' id='word_1_492' title='bbox 1484 1739 1740 1795; x_wconf 65' lang='lat' dir='ltr'>dispositione</span> <span class='ocrx_word' id='word_1_493' title='bbox 1772 1737 1820 1780; x_wconf 89' lang='lat' dir='ltr'>ad</span> <span class='ocrx_word' id='word_1_494' title='bbox 1849 1737 2001 1781; x_wconf 64' lang='lat' dir='ltr'>dietum</span> <span class='ocrx_word' id='word_1_495' title='bbox 2030 1736 2168 1778; x_wconf 89' lang='lat' dir='ltr'>locum</span> <span class='ocrx_word' id='word_1_496' title='bbox 2193 1736 2428 1779; x_wconf 83' lang='lat' dir='ltr'>translato-</span> 
     </span>
     <span class='ocr_line' id='line_1_81' title="bbox 1392 1796 2438 1852; baseline -0.004 -10"><span class='ocrx_word' id='word_1_497' title='bbox 1392 1813 1481 1842; x_wconf 89' lang='lat' dir='ltr'>rum</span> <span class='ocrx_word' id='word_1_498' title='bbox 1495 1797 1704 1841; x_wconf 85' lang='lat' dir='ltr'>molestat.</span> <span class='ocrx_word' id='word_1_499' title='bbox 1743 1798 1793 1838; x_wconf 82' lang='lat' dir='ltr'>Et</span> <span class='ocrx_word' id='word_1_500' title='bbox 1808 1796 1986 1850; x_wconf 85' lang='lat' dir='ltr'>quamvis</span> <span class='ocrx_word' id='word_1_501' title='bbox 2012 1796 2222 1838; x_wconf 85' lang='lat' dir='ltr'>Parochus</span> <span class='ocrx_word' id='word_1_502' title='bbox 2252 1805 2438 1852; x_wconf 84' lang='lat' dir='ltr'>praeten-</span> 
     </span>
     <span class='ocr_line' id='line_1_82' title="bbox 1393 1853 2431 1911; baseline -0.002 -11"><span class='ocrx_word' id='word_1_503' title='bbox 1393 1858 1542 1900; x_wconf 82' lang='lat' dir='ltr'>fiunem</span> <span class='ocrx_word' id='word_1_504' title='bbox 1569 1857 1675 1898; x_wconf 87' lang='lat' dir='ltr'>circa</span> <span class='ocrx_word' id='word_1_505' title='bbox 1708 1856 1911 1911; x_wconf 86' lang='lat' dir='ltr'>primum,</span> <span class='ocrx_word' id='word_1_506' title='bbox 1941 1854 2161 1898; x_wconf 89' lang='lat' dir='ltr'>rationibus</span> <span class='ocrx_word' id='word_1_507' title='bbox 2193 1853 2230 1897; x_wconf 87' lang='lat' dir='ltr'>se</span> <span class='ocrx_word' id='word_1_508' title='bbox 2258 1853 2431 1898; x_wconf 76' lang='lat' dir='ltr'>destitu-</span> 
     </span>
     <span class='ocr_line' id='line_1_83' title="bbox 1389 1912 2436 1971; baseline -0.004 -11"><span class='ocrx_word' id='word_1_509' title='bbox 1389 1929 1480 1960; x_wconf 87' lang='lat' dir='ltr'>tum·</span> <span class='ocrx_word' id='word_1_510' title='bbox 1494 1912 1741 1971; x_wconf 76' lang='lat' dir='ltr'>agnoscens,</span> <span class='ocrx_word' id='word_1_511' title='bbox 1770 1915 2011 1970; x_wconf 87' lang='lat' dir='ltr'>reliquerit,</span> <span class='ocrx_word' id='word_1_512' title='bbox 2042 1921 2138 1955; x_wconf 89' lang='lat' dir='ltr'>ante</span> <span class='ocrx_word' id='word_1_513' title='bbox 2165 1913 2264 1955; x_wconf 90' lang='lat' dir='ltr'>duos</span> <span class='ocrx_word' id='word_1_514' title='bbox 2296 1924 2436 1956; x_wconf 66' lang='lat' dir='ltr'>annos</span> 
     </span>
     <span class='ocr_line' id='line_1_84' title="bbox 1393 1970 2435 2026; baseline -0.004 -7"><span class='ocrx_word' id='word_1_515' title='bbox 1393 1987 1533 2019; x_wconf 86' lang='lat' dir='ltr'>tamen</span> <span class='ocrx_word' id='word_1_516' title='bbox 1550 1974 1664 2015; x_wconf 90' lang='lat' dir='ltr'>litem</span> <span class='ocrx_word' id='word_1_517' title='bbox 1690 1975 1797 2015; x_wconf 82' lang='lat' dir='ltr'>circa</span> <span class='ocrx_word' id='word_1_518' title='bbox 1819 1971 2039 2016; x_wconf 87' lang='lat' dir='ltr'>secundum</span> <span class='ocrx_word' id='word_1_519' title='bbox 2067 1970 2344 2026; x_wconf 66' lang='lat' dir='ltr'>reassumpsit,</span> <span class='ocrx_word' id='word_1_520' title='bbox 2376 1973 2435 2015; x_wconf 67' lang='lat' dir='ltr'>itoe&#39;</span> 
     </span>
     <span class='ocr_line' id='line_1_85' title="bbox 1396 2030 2435 2087; baseline -0.004 -10"><span class='ocrx_word' id='word_1_521' title='bbox 1396 2047 1557 2079; x_wconf 66' lang='lat' dir='ltr'>tamen,</span> <span class='ocrx_word' id='word_1_522' title='bbox 1589 2042 1631 2074; x_wconf 88' lang='lat' dir='ltr'>ut</span> <span class='ocrx_word' id='word_1_523' title='bbox 1649 2033 1846 2074; x_wconf 78' lang='lat' dir='ltr'>Oratores</span> <span class='ocrx_word' id='word_1_524' title='bbox 1874 2030 2040 2087; x_wconf 71' lang='lat' dir='ltr'>perfirafi</span> <span class='ocrx_word' id='word_1_525' title='bbox 2074 2041 2259 2074; x_wconf 85' lang='lat' dir='ltr'>maneant</span> <span class='ocrx_word' id='word_1_526' title='bbox 2272 2040 2296 2081; x_wconf 85' lang='lat'>,·</span> <span class='ocrx_word' id='word_1_527' title='bbox 2318 2030 2435 2086; x_wconf 89' lang='lat' dir='ltr'>quod·</span> 
     </span>
     <span class='ocr_line' id='line_1_86' title="bbox 1396 2087 2433 2146; baseline -0.006 -10"><span class='ocrx_word' id='word_1_528' title='bbox 1396 2094 1456 2136; x_wconf 89' lang='lat' dir='ltr'>illi</span> <span class='ocrx_word' id='word_1_529' title='bbox 1487 2093 1594 2134; x_wconf 85' lang='lat' dir='ltr'>nulla</span> <span class='ocrx_word' id='word_1_530' title='bbox 1621 2091 1722 2134; x_wconf 67' lang='lat' dir='ltr'>actio</span> <span class='ocrx_word' id='word_1_531' title='bbox 1748 2090 1921 2146; x_wconf 84' lang='lat' dir='ltr'>desuper</span> <span class='ocrx_word' id='word_1_532' title='bbox 1946 2097 2150 2146; x_wconf 82' lang='lat' dir='ltr'>competat</span> <span class='ocrx_word' id='word_1_533' title='bbox 2167 2118 2183 2143; x_wconf 83' lang='lat'>‚</span> <span class='ocrx_word' id='word_1_534' title='bbox 2216 2099 2297 2131; x_wconf 88' lang='lat' dir='ltr'>tam</span> <span class='ocrx_word' id='word_1_535' title='bbox 2320 2087 2433 2144; x_wconf 85' lang='lat' dir='ltr'>quod</span> 
     </span>
     <span class='ocr_line' id='line_1_87' title="bbox 1397 2148 2434 2207; baseline -0.004 -14"><span class='ocrx_word' id='word_1_536' title='bbox 1397 2151 1508 2207; x_wconf 87' lang='lat' dir='ltr'>ipfius</span> <span class='ocrx_word' id='word_1_537' title='bbox 1526 2150 1761 2193; x_wconf 82' lang='lat' dir='ltr'>Parocbiani</span> <span class='ocrx_word' id='word_1_538' title='bbox 1775 2162 1852 2192; x_wconf 89' lang='lat' dir='ltr'>nec</span> <span class='ocrx_word' id='word_1_539' title='bbox 1870 2163 1921 2191; x_wconf 87' lang='lat' dir='ltr'>ex</span> <span class='ocrx_word' id='word_1_540' title='bbox 1932 2149 2090 2205; x_wconf 83' lang='lat' dir='ltr'>origine</span> <span class='ocrx_word' id='word_1_541' title='bbox 2102 2179 2116 2199; x_wconf 89' lang='lat'><em>‚</em></span> <span class='ocrx_word' id='word_1_542' title='bbox 2138 2163 2215 2192; x_wconf 89' lang='lat' dir='ltr'>nec</span> <span class='ocrx_word' id='word_1_543' title='bbox 2231 2163 2282 2190; x_wconf 83' lang='lat' dir='ltr'>ex</span> <span class='ocrx_word' id='word_1_544' title='bbox 2298 2148 2434 2191; x_wconf 84' lang='lat' dir='ltr'>domi-&#39;</span> 
     </span>
     <span class='ocr_line' id='line_1_88' title="bbox 1396 2207 2436 2263; baseline -0.006 -11"><span class='ocrx_word' id='word_1_545' title='bbox 1396 2211 1492 2253; x_wconf 88' lang='lat' dir='ltr'>cilio</span> <span class='ocrx_word' id='word_1_546' title='bbox 1505 2211 1576 2250; x_wconf 77' lang='lat' dir='ltr'>sint</span> <span class='ocrx_word' id='word_1_547' title='bbox 1590 2237 1604 2259; x_wconf 87' lang='lat'><strong>‚</strong></span> <span class='ocrx_word' id='word_1_548' title='bbox 1637 2221 1719 2248; x_wconf 86' lang='lat' dir='ltr'>tam</span> <span class='ocrx_word' id='word_1_549' title='bbox 1734 2207 1841 2263; x_wconf 89' lang='lat' dir='ltr'>quod</span> <span class='ocrx_word' id='word_1_550' title='bbox 1860 2207 1906 2248; x_wconf 86' lang='lat' dir='ltr'>iis</span> <span class='ocrx_word' id='word_1_551' title='bbox 1923 2207 2077 2250; x_wconf 89' lang='lat' dir='ltr'>nullum</span> <span class='ocrx_word' id='word_1_552' title='bbox 2092 2211 2401 2251; x_wconf 82' lang='lat' dir='ltr'>Sacramentum</span> <span class='ocrx_word' id='word_1_553' title='bbox 2419 2233 2436 2258; x_wconf 81' lang='lat'>,</span> 
     </span>
     <span class='ocr_line' id='line_1_89' title="bbox 1390 2266 2434 2324; baseline -0.005 -13"><span class='ocrx_word' id='word_1_554' title='bbox 1390 2279 1459 2311; x_wconf 87' lang='lat' dir='ltr'>aut</span> <span class='ocrx_word' id='word_1_555' title='bbox 1475 2268 1666 2324; x_wconf 90' lang='lat' dir='ltr'>pabulum</span> <span class='ocrx_word' id='word_1_556' title='bbox 1681 2267 2017 2310; x_wconf 74' lang='lat' dir='ltr'>administraverit</span> <span class='ocrx_word' id='word_1_557' title='bbox 2031 2295 2044 2316; x_wconf 85' lang='lat'>‚</span> <span class='ocrx_word' id='word_1_558' title='bbox 2055 2276 2138 2308; x_wconf 85' lang='lat' dir='ltr'>tam</span> <span class='ocrx_word' id='word_1_559' title='bbox 2148 2266 2257 2323; x_wconf 89' lang='lat' dir='ltr'>quod</span> <span class='ocrx_word' id='word_1_560' title='bbox 2278 2266 2318 2307; x_wconf 88' lang='lat' dir='ltr'>in</span> <span class='ocrx_word' id='word_1_561' title='bbox 2331 2278 2434 2307; x_wconf 84' lang='lat' dir='ltr'>exe.</span> 
     </span>
     <span class='ocr_line' id='line_1_90' title="bbox 1390 2323 2437 2384; baseline -0.004 -15"><span class='ocrx_word' id='word_1_562' title='bbox 1390 2328 1492 2384; x_wconf 83' lang='lat' dir='ltr'>quiis</span> <span class='ocrx_word' id='word_1_563' title='bbox 1508 2326 1666 2369; x_wconf 89' lang='lat' dir='ltr'>nullum</span> <span class='ocrx_word' id='word_1_564' title='bbox 1683 2323 1966 2382; x_wconf 69' lang='lat' dir='ltr'>jurisdictionis</span> <span class='ocrx_word' id='word_1_565' title='bbox 1984 2327 2113 2368; x_wconf 64' lang='lat' dir='ltr'>aestum</span> <span class='ocrx_word' id='word_1_566' title='bbox 2131 2352 2145 2375; x_wconf 63' lang='lat'>2</span> <span class='ocrx_word' id='word_1_567' title='bbox 2177 2325 2240 2378; x_wconf 88' lang='lat' dir='ltr'>cui</span> <span class='ocrx_word' id='word_1_568' title='bbox 2267 2324 2437 2366; x_wconf 69' lang='lat' dir='ltr'>emolu-²</span> 
     </span>
     <span class='ocr_line' id='line_1_91' title="bbox 1390 2382 2430 2439; baseline -0.007 -10"><span class='ocrx_word' id='word_1_569' title='bbox 1390 2396 1576 2429; x_wconf 86' lang='lat' dir='ltr'>mentum</span> <span class='ocrx_word' id='word_1_570' title='bbox 1592 2394 1798 2439; x_wconf 84' lang='lat' dir='ltr'>competat</span> <span class='ocrx_word' id='word_1_571' title='bbox 1815 2385 2066 2437; x_wconf 79' lang='lat' dir='ltr'>,exercuerit</span> <span class='ocrx_word' id='word_1_572' title='bbox 2086 2385 2233 2434; x_wconf 83' lang='lat' dir='ltr'>tam,&amp;</span> <span class='ocrx_word' id='word_1_573' title='bbox 2248 2382 2430 2438; x_wconf 75' lang='lat' dir='ltr'>insuper,</span> 
     </span>
     <span class='ocr_line' id='line_1_92' title="bbox 1390 2437 2432 2502; baseline -0.008 -14"><span class='ocrx_word' id='word_1_574' title='bbox 1390 2445 1500 2502; x_wconf 89' lang='lat' dir='ltr'>quod</span> <span class='ocrx_word' id='word_1_575' title='bbox 1523 2443 1634 2500; x_wconf 80' lang='lat' dir='ltr'>juxta</span> <span class='ocrx_word' id='word_1_576' title='bbox 1662 2443 1771 2488; x_wconf 84' lang='lat' dir='ltr'>Sacri</span> <span class='ocrx_word' id='word_1_577' title='bbox 1797 2443 1973 2487; x_wconf 91' lang='lat' dir='ltr'>Concilii</span> <span class='ocrx_word' id='word_1_578' title='bbox 1995 2442 2226 2485; x_wconf 85' lang='lat' dir='ltr'>Tridentini</span> <span class='ocrx_word' id='word_1_579' title='bbox 2256 2437 2432 2496; x_wconf 52' lang='lat' dir='ltr'>disposta</span> 
     </span>
     <span class='ocr_line' id='line_1_93' title="bbox 1396 2499 2432 2557; baseline -0.006 -9"><span class='ocrx_word' id='word_1_580' title='bbox 1396 2506 1547 2548; x_wconf 87' lang='lat' dir='ltr'>tionem</span> <span class='ocrx_word' id='word_1_581' title='bbox 1562 2501 1734 2552; x_wconf 79' lang='lat' dir='ltr'>Seis-25.</span> <span class='ocrx_word' id='word_1_582' title='bbox 1745 2516 1783 2543; x_wconf 89' lang='lat' dir='ltr'>c.</span> <span class='ocrx_word' id='word_1_583' title='bbox 1806 2516 1848 2557; x_wconf 87' lang='lat'>¹3</span> <span class='ocrx_word' id='word_1_584' title='bbox 1859 2531 1870 2542; x_wconf 89' lang='lat'>.</span> <span class='ocrx_word' id='word_1_585' title='bbox 1885 2501 2111 2557; x_wconf 84' lang='lat' dir='ltr'>Regulares</span> <span class='ocrx_word' id='word_1_586' title='bbox 2125 2528 2140 2553; x_wconf 88' lang='lat'>‚</span> <span class='ocrx_word' id='word_1_587' title='bbox 2160 2499 2334 2543; x_wconf 73' lang='lat' dir='ltr'>maxime</span> <span class='ocrx_word' id='word_1_588' title='bbox 2351 2501 2432 2542; x_wconf 51' lang='lat' dir='ltr'>Do&amp;</span> 
     </span>
     <span class='ocr_line' id='line_1_94' title="bbox 1396 2559 2431 2620; baseline -0.007 -15"><span class='ocrx_word' id='word_1_589' title='bbox 1396 2576 1555 2605; x_wconf 88' lang='lat' dir='ltr'>morum</span> <span class='ocrx_word' id='word_1_590' title='bbox 1573 2560 1657 2620; x_wconf 86' lang='lat' dir='ltr'>post</span> <span class='ocrx_word' id='word_1_591' title='bbox 1672 2561 1784 2606; x_wconf 80' lang='lat' dir='ltr'>Sacri</span> <span class='ocrx_word' id='word_1_592' title='bbox 1803 2560 1979 2603; x_wconf 89' lang='lat' dir='ltr'>Concilii</span> <span class='ocrx_word' id='word_1_593' title='bbox 1996 2559 2308 2615; x_wconf 85' lang='lat' dir='ltr'>publicationem</span> <span class='ocrx_word' id='word_1_594' title='bbox 2329 2571 2431 2599; x_wconf 89' lang='lat' dir='ltr'>con-</span> 
     </span>
     <span class='ocr_line' id='line_1_95' title="bbox 1398 2616 2426 2677; baseline -0.009 -13"><span class='ocrx_word' id='word_1_595' title='bbox 1398 2623 1661 2667; x_wconf 62' lang='lat' dir='ltr'>strufiarum2</span> <span class='ocrx_word' id='word_1_596' title='bbox 1691 2619 1712 2661; x_wconf 65' lang='lat' dir='ltr'>a</span> <span class='ocrx_word' id='word_1_597' title='bbox 1727 2619 1926 2663; x_wconf 88' lang='lat' dir='ltr'>solutione</span> <span class='ocrx_word' id='word_1_598' title='bbox 1942 2621 2111 2677; x_wconf 71' lang='lat' dir='ltr'>Quartae</span> <span class='ocrx_word' id='word_1_599' title='bbox 2127 2616 2200 2661; x_wconf 83' lang='lat' dir='ltr'>fint</span> <span class='ocrx_word' id='word_1_600' title='bbox 2217 2616 2426 2671; x_wconf 73' lang='lat' dir='ltr'>exempti3</span> 
     </span>
     <span class='ocr_line' id='line_1_96' title="bbox 1397 2677 2433 2728; baseline -0.007 -5"><span class='ocrx_word' id='word_1_601' title='bbox 1397 2695 1492 2723; x_wconf 91' lang='lat' dir='ltr'>cum</span> <span class='ocrx_word' id='word_1_602' title='bbox 1515 2690 1647 2723; x_wconf 87' lang='lat' dir='ltr'>tamen</span> <span class='ocrx_word' id='word_1_603' title='bbox 1663 2679 1886 2728; x_wconf 84' lang='lat' dir='ltr'>Habitum,</span> <span class='ocrx_word' id='word_1_604' title='bbox 1915 2679 1956 2719; x_wconf 72' lang='grc' dir='ltr'>δι</span> <span class='ocrx_word' id='word_1_605' title='bbox 1977 2679 2257 2720; x_wconf 84' lang='lat' dir='ltr'>characterem</span> <span class='ocrx_word' id='word_1_606' title='bbox 2279 2677 2433 2717; x_wconf 83' lang='lat' dir='ltr'>Orato-</span> 
     </span>
     <span class='ocr_line' id='line_1_97' title="bbox 1401 2735 2431 2793; baseline -0.008 -11"><span class='ocrx_word' id='word_1_607' title='bbox 1401 2755 1491 2782; x_wconf 87' lang='lat' dir='ltr'>rum</span> <span class='ocrx_word' id='word_1_608' title='bbox 1507 2740 1544 2781; x_wconf 88' lang='lat' dir='ltr'>in</span> <span class='ocrx_word' id='word_1_609' title='bbox 1562 2736 1787 2793; x_wconf 76' lang='lat' dir='ltr'>hujusmodi</span> <span class='ocrx_word' id='word_1_610' title='bbox 1803 2737 1950 2780; x_wconf 79' lang='lat' dir='ltr'>casibus</span> <span class='ocrx_word' id='word_1_611' title='bbox 1970 2735 2019 2778; x_wconf 87' lang='lat' dir='ltr'>ad</span> <span class='ocrx_word' id='word_1_612' title='bbox 2036 2735 2271 2779; x_wconf 87' lang='lat' dir='ltr'>Tribunalia</span> <span class='ocrx_word' id='word_1_613' title='bbox 2292 2745 2431 2776; x_wconf 73' lang='lat' dir='ltr'>recur-</span> 
     </span>
     <span class='ocr_line' id='line_1_98' title="bbox 1402 2791 2430 2848; baseline -0.009 -6"><span class='ocrx_word' id='word_1_614' title='bbox 1402 2813 1495 2842; x_wconf 87' lang='lat' dir='ltr'>rere</span> <span class='ocrx_word' id='word_1_615' title='bbox 1511 2798 1637 2839; x_wconf 81' lang='lat' dir='ltr'>minus</span> <span class='ocrx_word' id='word_1_616' title='bbox 1648 2797 1792 2839; x_wconf 83' lang='lat' dir='ltr'>deceat</span> <span class='ocrx_word' id='word_1_617' title='bbox 1804 2825 1818 2848; x_wconf 87' lang='lat'>‚</span> <span class='ocrx_word' id='word_1_618' title='bbox 1844 2794 1893 2837; x_wconf 92' lang='lat' dir='ltr'>ad</span> <span class='ocrx_word' id='word_1_619' title='bbox 1910 2795 2180 2838; x_wconf 89' lang='lat' dir='ltr'>truncandum</span> <span class='ocrx_word' id='word_1_620' title='bbox 2197 2793 2326 2836; x_wconf 91' lang='lat' dir='ltr'>omnis</span> <span class='ocrx_word' id='word_1_621' title='bbox 2345 2791 2430 2834; x_wconf 84' lang='lat' dir='ltr'>litis</span> 
     </span>
     <span class='ocr_line' id='line_1_99' title="bbox 1405 2851 2430 2909; baseline -0.009 -9"><span class='ocrx_word' id='word_1_622' title='bbox 1405 2857 1516 2900; x_wconf 80' lang='lat' dir='ltr'>filum</span> <span class='ocrx_word' id='word_1_623' title='bbox 1535 2854 1774 2898; x_wconf 87' lang='lat' dir='ltr'>Eminentiis</span> <span class='ocrx_word' id='word_1_624' title='bbox 1792 2853 1942 2897; x_wconf 87' lang='lat' dir='ltr'>Vestris</span> <span class='ocrx_word' id='word_1_625' title='bbox 1957 2851 2211 2909; x_wconf 84' lang='lat' dir='ltr'>supplicant,</span> <span class='ocrx_word' id='word_1_626' title='bbox 2230 2856 2430 2907; x_wconf 78' lang='lat' dir='ltr'>quatenus</span> 
     </span>
     <span class='ocr_line' id='line_1_100' title="bbox 1404 2910 2428 2969; baseline -0.008 -11"><span class='ocrx_word' id='word_1_627' title='bbox 1404 2915 1453 2958; x_wconf 91' lang='lat' dir='ltr'>ad</span> <span class='ocrx_word' id='word_1_628' title='bbox 1465 2914 1615 2959; x_wconf 82' lang='lat' dir='ltr'>factum</span> <span class='ocrx_word' id='word_1_629' title='bbox 1629 2915 1668 2956; x_wconf 91' lang='lat' dir='ltr'>in</span> <span class='ocrx_word' id='word_1_630' title='bbox 1681 2928 1786 2969; x_wconf 84' lang='lat' dir='ltr'>purae</span> <span class='ocrx_word' id='word_1_631' title='bbox 1802 2912 1985 2955; x_wconf 86' lang='lat' dir='ltr'>veritatis</span> <span class='ocrx_word' id='word_1_632' title='bbox 2001 2912 2182 2955; x_wconf 88' lang='lat' dir='ltr'>terminis</span> <span class='ocrx_word' id='word_1_633' title='bbox 2203 2910 2428 2966; x_wconf 69' lang='lat' dir='ltr'>expositum</span> 
     </span>
     <span class='ocr_line' id='line_1_101' title="bbox 1403 2970 2430 3025; baseline -0.008 -8"><span class='ocrx_word' id='word_1_634' title='bbox 1403 2973 1613 3017; x_wconf 74' lang='lat' dir='ltr'>summarie</span> <span class='ocrx_word' id='word_1_635' title='bbox 1630 2973 1869 3021; x_wconf 79' lang='lat' dir='ltr'>declarare,</span> <span class='ocrx_word' id='word_1_636' title='bbox 1898 2985 1947 3014; x_wconf 88' lang='lat' dir='ltr'>an</span> <span class='ocrx_word' id='word_1_637' title='bbox 1975 2972 2177 3014; x_wconf 86' lang='lat' dir='ltr'>Parochus</span> <span class='ocrx_word' id='word_1_638' title='bbox 2201 2970 2430 3025; x_wconf 86' lang='lat' dir='ltr'>praedictam</span> 
     </span>
     <span class='ocr_line' id='line_1_102' title="bbox 1401 3029 2428 3093; baseline -0.008 -18"><span class='ocrx_word' id='word_1_639' title='bbox 1401 3036 1601 3093; x_wconf 83' lang='lat' dir='ltr'>Qartam</span> <span class='ocrx_word' id='word_1_640' title='bbox 1615 3030 1804 3074; x_wconf 82' lang='lat' dir='ltr'>funerum</span> <span class='ocrx_word' id='word_1_641' title='bbox 1815 3029 2024 3073; x_wconf 89' lang='lat' dir='ltr'>Comitum</span> <span class='ocrx_word' id='word_1_642' title='bbox 2039 3029 2242 3080; x_wconf 86' lang='lat' dir='ltr'>Carucci,</span> <span class='ocrx_word' id='word_1_643' title='bbox 2263 3031 2304 3071; x_wconf 75' lang='grc' dir='ltr'>δι</span> <span class='ocrx_word' id='word_1_644' title='bbox 2325 3033 2428 3072; x_wconf 80' lang='lat' dir='ltr'>Suc·</span> 
     </span>
     <span class='ocr_line' id='line_1_103' title="bbox 1398 3082 2428 3141; baseline -0.01 -7"><span class='ocrx_word' id='word_1_645' title='bbox 1398 3090 1593 3135; x_wconf 76' lang='lat' dir='ltr'>celsorum</span> <span class='ocrx_word' id='word_1_646' title='bbox 1611 3118 1625 3141; x_wconf 88' lang='lat'>‚</span> <span class='ocrx_word' id='word_1_647' title='bbox 1654 3104 1732 3134; x_wconf 89' lang='lat' dir='ltr'>ceu</span> <span class='ocrx_word' id='word_1_648' title='bbox 1770 3087 2115 3132; x_wconf 68' lang='lat' dir='ltr'>Descendentium</span> <span class='ocrx_word' id='word_1_649' title='bbox 2140 3091 2162 3133; x_wconf 74' lang='grc' dir='ltr'>ὲ</span> <span class='ocrx_word' id='word_1_650' title='bbox 2191 3082 2428 3130; x_wconf 74' lang='lat' dir='ltr'>Conventus</span> 
     </span>
     <span class='ocr_line' id='line_1_104' title="bbox 1396 3141 2428 3203; baseline -0.011 -9"><span class='ocrx_word' id='word_1_651' title='bbox 1396 3150 1580 3194; x_wconf 86' lang='lat' dir='ltr'>Oratoris</span> <span class='ocrx_word' id='word_1_652' title='bbox 1595 3149 1899 3192; x_wconf 79' lang='lat' dir='ltr'>Fundatoribus</span> <span class='ocrx_word' id='word_1_653' title='bbox 1917 3146 2172 3203; x_wconf 84' lang='lat' dir='ltr'>praetendere</span> <span class='ocrx_word' id='word_1_654' title='bbox 2189 3145 2335 3202; x_wconf 78' lang='lat' dir='ltr'>poffit?</span> <span class='ocrx_word' id='word_1_655' title='bbox 2362 3141 2428 3186; x_wconf 88' lang='lat' dir='ltr'>vel</span> 
     </span>
     <span class='ocr_line' id='line_1_105' title="bbox 1393 3205 2430 3258; baseline -0.007 -6"><span class='ocrx_word' id='word_1_656' title='bbox 1393 3224 1441 3252; x_wconf 91' lang='lat' dir='ltr'>an</span> <span class='ocrx_word' id='word_1_657' title='bbox 1460 3210 1512 3251; x_wconf 93' lang='lat' dir='ltr'>ob</span> <span class='ocrx_word' id='word_1_658' title='bbox 1528 3205 1659 3251; x_wconf 88' lang='lat' dir='ltr'>causas</span> <span class='ocrx_word' id='word_1_659' title='bbox 1674 3236 1688 3258; x_wconf 88' lang='lat'>,</span> <span class='ocrx_word' id='word_1_660' title='bbox 1713 3210 1752 3249; x_wconf 83' lang='lat'>&amp;</span> <span class='ocrx_word' id='word_1_661' title='bbox 1767 3207 1918 3248; x_wconf 89' lang='lat' dir='ltr'>motiva</span> <span class='ocrx_word' id='word_1_662' title='bbox 1946 3205 2122 3248; x_wconf 81' lang='lat' dir='ltr'>adducta</span> <span class='ocrx_word' id='word_1_663' title='bbox 2137 3214 2300 3246; x_wconf 85' lang='lat' dir='ltr'>maneat</span> <span class='ocrx_word' id='word_1_664' title='bbox 2321 3211 2430 3245; x_wconf 88' lang='lat' dir='ltr'>tota-</span> 
     </span>
     <span class='ocr_line' id='line_1_106' title="bbox 1391 3262 2428 3312; baseline -0.008 -2"><span class='ocrx_word' id='word_1_665' title='bbox 1391 3268 1490 3310; x_wconf 86' lang='lat' dir='ltr'>liter</span> <span class='ocrx_word' id='word_1_666' title='bbox 1501 3266 1713 3310; x_wconf 84' lang='lat' dir='ltr'>exclusus?</span> <span class='ocrx_word' id='word_1_667' title='bbox 1746 3269 1786 3308; x_wconf 72' lang='grc' dir='ltr'>δε</span> <span class='ocrx_word' id='word_1_668' title='bbox 1801 3278 1850 3307; x_wconf 89' lang='lat' dir='ltr'>an</span> <span class='ocrx_word' id='word_1_669' title='bbox 1867 3265 1905 3305; x_wconf 93' lang='lat' dir='ltr'>in</span> <span class='ocrx_word' id='word_1_670' title='bbox 1921 3265 2028 3305; x_wconf 90' lang='lat' dir='ltr'>omni</span> <span class='ocrx_word' id='word_1_671' title='bbox 2044 3274 2196 3306; x_wconf 87' lang='lat' dir='ltr'>eventu</span> <span class='ocrx_word' id='word_1_672' title='bbox 2212 3289 2226 3312; x_wconf 86' lang='lat'>‚</span> <span class='ocrx_word' id='word_1_673' title='bbox 2254 3262 2428 3303; x_wconf 83' lang='lat' dir='ltr'>Provin-</span> 
     </span>
     <span class='ocr_line' id='line_1_107' title="bbox 1392 3318 2424 3378; baseline -0.008 -9"><span class='ocrx_word' id='word_1_674' title='bbox 1392 3327 1505 3369; x_wconf 90' lang='lat' dir='ltr'>cialis</span> <span class='ocrx_word' id='word_1_675' title='bbox 1521 3354 1536 3378; x_wconf 82' lang='lat'>‚</span> <span class='ocrx_word' id='word_1_676' title='bbox 1558 3326 1599 3367; x_wconf 76' lang='grc' dir='ltr'>δι</span> <span class='ocrx_word' id='word_1_677' title='bbox 1619 3323 1865 3367; x_wconf 79' lang='lat' dir='ltr'>Definitores</span> <span class='ocrx_word' id='word_1_678' title='bbox 1888 3324 2106 3366; x_wconf 82' lang='lat' dir='ltr'>Provinciae</span> <span class='ocrx_word' id='word_1_679' title='bbox 2123 3321 2346 3377; x_wconf 84' lang='lat' dir='ltr'>legitimam</span> <span class='ocrx_word' id='word_1_680' title='bbox 2363 3318 2424 3361; x_wconf 64' lang='lat' dir='ltr'>fa-</span> 
     </span>
     <span class='ocr_line' id='line_1_108' title="bbox 1390 3379 2418 3437; baseline -0.008 -9"><span class='ocrx_word' id='word_1_681' title='bbox 1390 3386 1591 3428; x_wconf 81' lang='lat' dir='ltr'>cultatem</span> <span class='ocrx_word' id='word_1_682' title='bbox 1606 3386 1779 3427; x_wconf 84' lang='lat' dir='ltr'>babeant</span> <span class='ocrx_word' id='word_1_683' title='bbox 1796 3383 1903 3424; x_wconf 88' lang='lat' dir='ltr'>circa</span> <span class='ocrx_word' id='word_1_684' title='bbox 1930 3379 2151 3437; x_wconf 85' lang='lat' dir='ltr'>hujusmodi</span> <span class='ocrx_word' id='word_1_685' title='bbox 2188 3379 2418 3434; x_wconf 79' lang='lat' dir='ltr'>praetenfio-</span> 
     </span>
     <span class='ocr_line' id='line_1_109' title="bbox 1391 3436 2425 3495; baseline -0.007 -9"><span class='ocrx_word' id='word_1_686' title='bbox 1391 3458 1483 3487; x_wconf 90' lang='lat' dir='ltr'>nem</span> <span class='ocrx_word' id='word_1_687' title='bbox 1499 3439 1606 3485; x_wconf 89' lang='lat' dir='ltr'>dese</span> <span class='ocrx_word' id='word_1_688' title='bbox 1622 3442 1713 3484; x_wconf 83' lang='lat' dir='ltr'>solis</span> <span class='ocrx_word' id='word_1_689' title='bbox 1730 3472 1744 3495; x_wconf 85' lang='lat'>,</span> <span class='ocrx_word' id='word_1_690' title='bbox 1770 3441 1852 3484; x_wconf 82' lang='lat' dir='ltr'>fine</span> <span class='ocrx_word' id='word_1_691' title='bbox 1864 3436 2045 3495; x_wconf 76' lang='lat' dir='ltr'>expreffo</span> <span class='ocrx_word' id='word_1_692' title='bbox 2070 3437 2262 3481; x_wconf 82' lang='lat' dir='ltr'>consensu</span> <span class='ocrx_word' id='word_1_693' title='bbox 2295 3437 2425 3493; x_wconf 86' lang='lat' dir='ltr'>Capi-</span> 
     </span>
     <span class='ocr_line' id='line_1_110' title="bbox 1393 3496 2427 3554; baseline -0.009 -9"><span class='ocrx_word' id='word_1_694' title='bbox 1393 3502 1469 3545; x_wconf 89' lang='lat' dir='ltr'>tuli</span> <span class='ocrx_word' id='word_1_695' title='bbox 1485 3505 1728 3544; x_wconf 82' lang='lat' dir='ltr'>Conventus</span> <span class='ocrx_word' id='word_1_696' title='bbox 1745 3529 1758 3551; x_wconf 89' lang='lat'>,</span> <span class='ocrx_word' id='word_1_697' title='bbox 1783 3499 1847 3540; x_wconf 89' lang='lat' dir='ltr'>cui</span> <span class='ocrx_word' id='word_1_698' title='bbox 1863 3497 2052 3554; x_wconf 84' lang='lat' dir='ltr'>praedicta</span> <span class='ocrx_word' id='word_1_699' title='bbox 2075 3496 2291 3552; x_wconf 87' lang='lat' dir='ltr'>sepulturae</span> <span class='ocrx_word' id='word_1_700' title='bbox 2307 3511 2427 3538; x_wconf 86' lang='lat' dir='ltr'>emo-</span> 
     </span>
     <span class='ocr_line' id='line_1_111' title="bbox 1394 3554 2428 3613; baseline -0.007 -10"><span class='ocrx_word' id='word_1_701' title='bbox 1394 3562 1576 3603; x_wconf 88' lang='lat' dir='ltr'>lumenta</span> <span class='ocrx_word' id='word_1_702' title='bbox 1593 3558 1682 3602; x_wconf 90' lang='lat' dir='ltr'>sunt</span> <span class='ocrx_word' id='word_1_703' title='bbox 1697 3558 1883 3613; x_wconf 83' lang='lat' dir='ltr'>affignata</span> <span class='ocrx_word' id='word_1_704' title='bbox 1895 3583 1909 3605; x_wconf 63' lang='lat' dir='ltr'>a</span> <span class='ocrx_word' id='word_1_705' title='bbox 1923 3554 2164 3610; x_wconf 81' lang='lat' dir='ltr'>transigendi</span> <span class='ocrx_word' id='word_1_706' title='bbox 2183 3559 2197 3598; x_wconf 75' lang='grc' dir='ltr'><strong><em>ἓ</em></strong></span> <span class='ocrx_word' id='word_1_707' title='bbox 2235 3555 2428 3611; x_wconf 82' lang='lat' dir='ltr'>fimulque</span> 
     </span>
     <span class='ocr_line' id='line_1_112' title="bbox 1391 3611 2425 3674; baseline -0.006 -13"><span class='ocrx_word' id='word_1_708' title='bbox 1391 3629 1629 3674; x_wconf 88' lang='lat' dir='ltr'>opportuno</span> <span class='ocrx_word' id='word_1_709' title='bbox 1646 3621 1829 3661; x_wconf 74' lang='lat' dir='ltr'>Dect-eto</span> <span class='ocrx_word' id='word_1_710' title='bbox 1844 3614 1912 3662; x_wconf 77' lang='lat' dir='ltr'>iis,</span> <span class='ocrx_word' id='word_1_711' title='bbox 1945 3613 1970 3656; x_wconf 83' lang='lat' dir='ltr'>fl</span> <span class='ocrx_word' id='word_1_712' title='bbox 1995 3613 2189 3669; x_wconf 83' lang='lat' dir='ltr'>expedire</span> <span class='ocrx_word' id='word_1_713' title='bbox 2212 3611 2425 3669; x_wconf 80' lang='lat' dir='ltr'>judicave-</span> 
     </span>
     <span class='ocr_line' id='line_1_113' title="bbox 1389 3673 2257 3736; baseline -0.005 -15"><span class='ocrx_word' id='word_1_714' title='bbox 1389 3678 1500 3731; x_wconf 81' lang='lat' dir='ltr'>rint,</span> <span class='ocrx_word' id='word_1_715' title='bbox 1527 3677 1750 3736; x_wconf 81' lang='lat' dir='ltr'>providere</span> <span class='ocrx_word' id='word_1_716' title='bbox 1765 3675 2007 3732; x_wconf 80' lang='lat' dir='ltr'>dignentur.</span> <span class='ocrx_word' id='word_1_717' title='bbox 2037 3673 2163 3732; x_wconf 88' lang='lat' dir='ltr'>Quod</span> <span class='ocrx_word' id='word_1_718' title='bbox 2180 3675 2257 3717; x_wconf 79' lang='lat' dir='ltr'>&amp;c-</span> 
     </span>
    </p>
   </div>
   <div class='ocr_carea' id='block_1_11' title="bbox 2255 3793 2381 3834">
    <p class='ocr_par' dir='ltr' id='par_1_14' title="bbox 2255 3793 2381 3834">
     <span class='ocr_line' id='line_1_114' title="bbox 2255 3793 2381 3834; baseline -0.024 0"><span class='ocrx_word' id='word_1_719' title='bbox 2255 3793 2381 3834; x_wconf 90' lang='lat' dir='ltr'>Cum·</span> 
     </span>
    </p>
   </div>
  </div>
 </body>
</html>
