2774 4068
150 1024 217 1055 Lib·
232 1025 293 1065 Cup.
315 1026 346 1058 ἰη

143 1067 208 1100 Jat.
223 1072 313 1098 tram.

425 233 587 323 166
787 341 793 346 .
907 346 924 357 p

573 411 616 455 D
672 407 709 453 E
771 410 811 454 C
867 411 909 454 R

532 528 580 580 S.
604 529 807 599 Congreg.
837 529 977 597 Episc-
1005 532 1060 576 ἔθ’
1088 525 1248 595 Regul.

969 405 1204 452 ETo

369 651 600 705 Moniales
628 651 721 700 loci
741 646 901 701 Caffiae
920 647 977 698 ad
991 660 1226 715 emptum,
1259 646 1404 701 &no-

440 724 561 773 viter
589 719 942 772 accomodatum
989 723 1037 769 S.
1058 719 1207 769 Luciae
1239 723 1402 771 Mona·

434 792 622 844 sterium
651 788 886 842 transferri
914 787 1208 840 conceditur.

421 920 757 980 Eminentiſsimi,
781 934 826 963 ac
838 921 932 962 Rn‘ii
949 921 1131 972 Domini,
1157 920 1343 964 Domini.

501 1037 702 1090 Rhama,
732 1039 770 1079 &
789 1035 989 1080 Moniales
1004 1039 1220 1094 Capucinae
1245 1033 1401 1081 S-Cla-

520 1113 571 1141 rae
597 1097 734 1140 Caffiae
759 1097 798 1137 in
818 1097 937 1139 Valle
964 1097 1184 1151 Spoletana
1207 1124 1221 1147 ,
1252 1091 1400 1135 humil-

364 1159 468 1201 limae
491 1158 675 1199 EE-VV.
691 1157 919 1207 oratrices,
942 1151 1401 1208 devotissimo-obsequio

365 1225 575 1270 exponunt
589 1243 602 1266 ,
633 1214 743 1270 quod
766 1212 787 1255 ἃ
806 1224 902 1254 noto
920 1223 1150 1257 terraemotu
1167 1212 1259 1255 anni
1278 1223 1400 1265 ¹703·

362 1277 533 1331 ipsarum
555 1273 840 1315 Monasterium
858 1284 946 1313 cum
964 1273 1143 1327 quinque
1163 1269 1402 1315 Monialium

363 1343 500 1377 morte
530 1332 583 1372 ita
612 1328 735 1387 fuerit
759 1328 988 1372 concussum
1007 1357 1022 1379 ,
1054 1333 1093 1372 δε
1119 1330 1328 1380 dirutum,
1359 1337 1403 1369 ut

360 1393 403 1435 in
428 1389 509 1432 illis
535 1388 722 1446 angustiis
747 1386 798 1430 ad
828 1388 1096 1432 miserabilem
1120 1389 1404 1446 papilionem-a

361 1452 404 1493 in
430 1449 553 1491 horto
577 1445 809 1492 Monasterii
841 1450 882 1490 S·
898 1450 1130 1503 Margaritae
1157 1446 1406 1502 confugere,

360 1510 404 1551 &
429 1506 500 1549 sub
529 1520 583 1551 eo
604 1507 688 1562 tegi
702 1505 951 1557 debuerint,
979 1509 1049 1550 ubi
1064 1509 1116 1550 ob
1144 1517 1406 1563 temporum...

363 1565 555 1624 injuriam
576 1593 591 1617 ‚
615 1569 656 1608 ἃ.
683 1563 844 1620 frigoris
869 1566 1068 1608 excelsum
1084 1594 1098 1617 ‚
1129 1567 1194 1610 cui
1223 1564 1405 1609 resistere

361 1622 612 1680 nequibant,
650 1625 827 1666 Domum
858 1625 1149 1679 particularem
1167 1653 1181 1678 2
1210 1639 1298 1682 quae
1325 1637 1405 1667 ceu

362 1682 518 1726 fabrica
551 1682 750 1725 moderna
784 1682 973 1727 remanlit
998 1711 1014 1735 ,
1053 1683 1119 1728 fita
1146 1685 1184 1725 in
1210 1684 1404 1740 publica„

364 1745 410 1786 S.
433 1742 635 1803 Pancratij
660 1740 823 1798 platea,
856 1754 952 1783 caro
984 1743 1116 1795 pretio
1146 1756 1287 1787 emere
1313 1756 1405 1786 coa-

364 1803 434 1843 &ae
456 1798 611 1843 fuerint
637 1829 648 1841 .
680 1802 786 1842 Cum
815 1810 948 1843 autem
974 1802 1054 1843 haec
1083 1815 1157 1857 pro
1185 1802 1410 1845 commodi·

364 1858 519 1903 tatibus
535 1885 550 1909 ,
564 1857 664 1914 pure
679 1856 907 1900 necessariis
918 1887 931 1910 ‚
952 1860 1070 1902 nimis
1098 1860 1256 1914 angusta
1271 1858 1410 1910 foret,

362 1916 582 1960 succeffive
609 1915 794 1958 diversos
821 1917 921 1959 alios
947 1921 1064 1971 situs,
1098 1919 1138 1960 in
1169 1918 1263 1961 solis
1290 1919 1411 1976 potis-

363 1976 508 2019 simum
531 1972 804 2019 fundamentis
828 1975 1087 2020 consistentes
1103 1988 1289 2020 emerunt
1305 2006 1318 2019 .
1335 1980 1410 2019 Su·

361 2049 440 2091 per
467 2037 549 2078 haec
575 2034 721 2079 ordine
756 2036 979 2090 improprio
1003 2065 1020 2086 ,
1049 2038 1089 2077 &
1118 2036 1303 2091 inaequali
1335 2035 1410 2077 fuit

362 2093 611 2137 fabricatum
627 2121 640 2142 ,
670 2094 708 2132 &
735 2093 912 2149 adjestus
936 2095 1123 2137 hortulus
1152 2095 1253 2136 ae'ris
1277 2096 1408 2136 minus

362 2151 535 2195 salubris
547 2181 564 2202 ‚
594 2153 635 2193 δι
649 2149 828 2193 fenestrae
844 2151 958 2207 ligno
974 2154 1153 2196 obdustae
1167 2151 1283 2197 fuere
1299 2183 1313 2205 ‚
1337 2154 1411 2196 ita·

364 2211 535 2269 quidem
548 2237 563 2260 ‚
596 2221 640 2252 ut
658 2219 847 2265 ternpore
864 2210 1033 2254 turbido
1052 2213 1105 2255 ob
1122 2207 1410 2268 subjectionem

364 2271 594 2314 vicinarum
621 2267 765 2310 aedium
789 2270 1099 2323 particularium
1121 2298 1135 2322 ‚
1178 2272 1219 2312 δι
1247 2272 1412 2327 publicae

364 2328 511 2387 platea:
534 2356 548 2379 ‚
584 2327 651 2368 ubi
667 2319 951 2381 Gubernium,
970 2330 1038 2372 seu
1064 2329 1317 2384 Magistratus
1338 2357 1353 2378 a
1374 2330 1415 2369 &

366 2388 496 2431 Curia
513 2385 698 2428 habitare
723 2385 963 2438 consuevit,
995 2399 1187 2430 maneant
1213 2390 1250 2432 in
1269 2389 1414 2432 obscu-

368 2460 446 2497 ro,
477 2446 518 2486 δε
545 2443 599 2486 ob
629 2444 848 2486 tumultum
875 2447 1146 2496 continuum,
1177 2460 1256 2487 non
1285 2446 1415 2488 solum

371 2504 413 2547 in
443 2503 628 2546 oratione
659 2501 819 2550 vocali,
852 2501 919 2545 sed
937 2500 1160 2545 &mentali
1189 2504 1414 2560 impedian-

372 2573 440 2605 tur
455 2591 469 2613 ,
499 2562 540 2606 &
568 2561 622 2603 ob
643 2574 779 2602 aerem
794 2560 1009 2615 obtusum,
1028 2563 1149 2606 etiarn
1171 2561 1212 2606 in
1229 2563 1414 2619 periculo

372 2620 553 2665 sanitatis
580 2618 818 2662 versentur.
1093 2623 1102 2672 j
1236 2671 1238 2674 y

431 2681 652 2733 Exponunt
672 2679 851 2731 pariter,
876 2678 986 2735 quod
1003 2690 1101 2722 ante
1115 2679 1271 2736 aliquot
1289 2693 1417 2723 annos

370 2737 574 2782 Moniales
591 2739 631 2778 S.
648 2738 780 2779 Luciae
792 2765 806 2788 ,
821 2734 999 2793 ejusdem
1016 2738 1114 2789 loci,
1129 2739 1421 2783 Monasterium

371 2797 484 2839 suum
512 2795 836 2851 dereliquerint,
863 2811 937 2852 per
971 2798 1081 2840 viam
1110 2798 1268 2840 unionis
1297 2798 1347 2841 ad
1369 2797 1422 2840 il-

373 2855 445 2899 lud
469 2858 511 2897 B.
531 2854 637 2896 Ritae
654 2855 856 2896 translatae
872 2852 1025 2898 fuerint
1039 2883 1053 2906 2
1072 2858 1109 2898 &
1125 2857 1420 2900 Monasterium

373 2928 514 2958 earum
528 2939 542 2961 a
558 2911 621 2969 via
644 2914 863 2969 emptionis
888 2915 956 2956 sub
978 2914 1161 2958 dominio
1179 2916 1420 2959 Communi-

373 2974 470 3015 tatis
499 2973 790 3028 permanserit.
823 2974 924 3016 Inde
952 2985 1120 3018 ventum
1154 2974 1212 3017 est
1252 2975 1302 3018 ad
1335 2986 1418 3017 tra·

372 3035 525 3075 &atum
540 3061 555 3082 ,
575 3033 615 3072 &
629 3030 698 3074 sub
713 3029 922 3074 reservato
939 3035 1026 3076 EE.
1044 3035 1137 3078 VV.
1152 3063 1166 3086 ,
1195 3035 1236 3074 &
1249 3037 1289 3077 S.
1304 3037 1417 3077 Con·

373 3090 630 3147 gregationis
661 3091 998 3147 boniRegiminis
1029 3092 1320 3148 beneplacito,
1352 3092 1415 3135 di-

374 3154 532 3192 ctorum
558 3161 598 3191 2.
612 3150 950 3193 Monasteriorum
977 3155 1016 3194 S.
1034 3152 1190 3204 Luciae,
1204 3152 1245 3192 &
1261 3151 1415 3195 S-Cla-

374 3225 426 3252 rae
450 3210 700 3264 permutatio
713 3208 900 3252 conclusa
913 3239 929 3261 ‚
962 3210 1120 3266 adjeetfi
1144 3210 1382 3253 conditione
1397 3239 1413 3260 ,

374 3280 420 3310 ut
435 3269 724 3310 Communitas
735 3269 991 3311 Oratricibus
1008 3282 1124 3318 1250.
1138 3270 1264 3322 scuta,
1285 3269 1336 3312 ad
1351 3268 1413 3312 ef-

377 3324 529 3369 fectum
543 3355 557 3379 ,
585 3328 624 3368 δι
640 3327 678 3368 in
698 3325 831 3381 specie
846 3356 861 3378 ,
887 3327 937 3368 ad
956 3329 1245 3371 Monasterium
1276 3332 1317 3371 S.
1332 3330 1417 3371 Lu·
1446 3319 1449 3321 μ

377 3384 446 3425 ciae
460 3415 475 3435 ,
490 3386 612 3427 modo
627 3416 642 3436 ,
661 3385 908 3428 Monialibus
924 3389 1142 3443 Capucinis
1157 3386 1434 3438 Oratricibus

378 3445 652 3487 conveniente
665 3445 1042 3496 accommodum,
1078 3460 1252 3502 erogare
1285 3445 1415 3489 debe-

379 3511 473 3551 ret,
504 3516 595 3544 cum
623 3505 703 3546 hoc
731 3506 785 3547 ob
812 3505 951 3556 situm,
981 3506 1031 3548 ab
1053 3506 1308 3549 habitatione
1333 3509 1412 3549 Sae-

379 3557 576 3602 cularium
608 3576 812 3607 remotum
833 3593 847 3616 ‚
881 3565 934 3607 ob
960 3578 1097 3608 aerem
1127 3575 1341 3622 apertum,
1371 3567 1410 3607 &

381 3616 578 3661 salubrem
598 3650 614 3670 ,
643 3624 762 3665 &ob
775 3624 853 3667 alia
870 3622 1022 3681 majora
1036 3623 1250 3666 commoda
1270 3653 1284 3675 ‚
1315 3638 1415 3680 prae-
1446 3629 1450 3634 “

381 3675 520 3719 sertim
547 3679 599 3719 ob
629 3681 789 3723 hortum
820 3685 968 3728 vitibus
992 3712 1006 3735 ‚
1042 3685 1082 3725 ἃ.
1107 3684 1300 3727 ῐτυέὶῐὺυς
1334 3684 1413 3726 foe-

381 3735 560 3778 cundum
598 3737 643 3779 iis
676 3741 895 3792 plurimum
937 3743 1137 3785 conducat
1163 3773 1174 3784 .
1221 3746 1412 3799 Cumque

383 3797 460 3839 hoc
489 3804 622 3839 totum
657 3798 939 3845 Illustriffimus
972 3805 1028 3847 D.
1050 3803 1269 3861 Episcopus
1292 3829 1306 3852 a
1343 3816 1412 3855 oc-¹

1171 223 1695 318 Provincia

1466 346 1624 387 cassone
1649 338 1850 398 praesentis
1878 342 1951 387 suae
1979 335 2214 382 visitationis
2248 337 2430 391 vi'derit',
2456 342 2496 381 &

1465 401 1790 447 consideraverit
1804 429 1819 453 ‚
1849 404 1937 446 EE.
1951 401 2043 442 VV.
2058 413 2132 454 pro
2149 396 2343 440 facultate
2360 397 2411 440 ad
2432 399 2496 440 di-

1462 463 1533 505 &ae
1555 460 1868 519 permutationis
1894 459 2188 517 stipulationem
2213 456 2465 513 procedendi
2480 466 2499 510 ,'

1458 521 1501 562 δι
1527 521 1602 564 hac
1623 518 1808 564 confee’ta
1830 521 1884 563 de
1910 520 2000 562 loco
2027 517 2203 572 ipsarum
2231 514 2499 567 discedendi,

1463 581 1503 622 &
1528 593 1621 622 cum
1651 583 1693 623 S.
1715 582 1854 622 Cruce
1877 578 1930 621 ad
1956 577 2058 619 illud
2084 581 2126 619 S.
2145 576 2277 619 Luciae
2303 575 2342 617 se
2365 572 2496 617 trans-

1462 636 1622 682 ferendi
1648 636 1902 694 supplicant.
1935 638 1989 678 Et
2016 637 2126 676 Deus
2154 636 2249 677 &cs

1521 759 1643 800 Sacra
1683 757 1940 812 congregatio
1977 751 2362 810 Eminentifflmorum
2384 780 2399 804 ‚
2451 763 2495 793 ac

1462 813 1870 872 Reverendifflmorum
1894 818 1934 855 S.
1953 815 2002 856 R.
2019 815 2065 853 E.
2094 812 2364 855 Cardinalium
2380 825 2497 866 nego-

1461 878 1529 919 tiis
1554 874 1608 925 &⁹
1630 872 1975 930 confitltationibus
2000 870 2126 926 Episc.
2154 869 2200 917 {9¹
2226 873 2363 926 Regul.
2382 879 2497 926 pra·-

1453 933 1581 990 posita
1608 960 1622 983 ,
1663 941 1820 974 attenta
1850 933 2039 974 relatione
2070 927 2241 986 Episcopi
2268 931 2495 984 spoletani,

1460 1002 1580 1046 atquc
1594 990 1728 1033 audito
1751 1000 1837 1033 voto
1852 986 2142 1044 Eminentifflmi
2167 987 2391 1030 Cardinalis
2407 989 2496 1030 Bel-

1460 1052 1555 1105 luga
1570 1077 1585 1100 ,
1606 1049 1767 1105 benigni
1789 1047 1975 1106 commisit
1987 1046 2282 1104 dzoiofipiscopo
2299 1074 2313 1097 ,
2338 1055 2382 1088 ut
2395 1045 2497 1087 veris

1458 1107 1705 1165 existentibus
1730 1108 1908 1150 narratis
1922 1135 1936 1159 ,
1968 1107 2016 1154 {3¹
2036 1105 2242 1163 postquam
2267 1107 2496 1161 compererit
2532 1115 2535 1119 ·

1460 1173 1503 1210 in
1530 1167 1743 1210 evidentem
1771 1170 1999 1210 Oratricum
2025 1165 2243 1208 utilitatem
2260 1163 2357 1222 fore
2381 1163 2498 1220 ccffit-

1461 1240 1550 1270 rum
1564 1253 1579 1275 2
1601 1229 1772 1282 petitam
1785 1225 2028 1285 facultatem
2056 1224 2216 1266 ineundi
2228 1221 2497 1281 pra-fatum„

1462 1284 1704 1328 contrabium
1717 1298 1803 1326 cum
1817 1284 1969 1340 pariis,
2001 1284 2047 1330 ὅ
2074 1281 2353 1325 conditionibus
2363 1281 2497 1340 fitpra

1462 1343 1660 1402 exprffs,
1675 1353 1755 1400 pro
1761 1343 1841 1400 fito
1866 1342 2037 1386 arbitrio
2051 1371 2065 1393 ‚
2098 1343 2145 1390 ἐς
2168 1340 2397 1399 conscicntia
2421 1343 2499 1381 im-

1456 1403 1664 1461 pertiatur
1679 1432 1693 1456 ‚
1726 1408 1786 1446 ita
1812 1413 1943 1445 tamen
1961 1429 1976 1453 ‚
2005 1410 2051 1443 ut
2075 1400 2188 1442 dieta
2213 1400 2404 1444 Moniales
2425 1403 2503 1445 Ca-

1460 1466 1616 1519 puct'nae
1631 1465 1833 1505 Oratrices
1852 1462 1907 1503 ad
1917 1458 2202 1512 Monastcrium
2220 1462 2259 1500 S.
2279 1462 2407 1501 Lucia:
2423 1470 2499 1498 non

1466 1520 1796 1577 tranfirantur,
1827 1519 1908 1578 nisi
1915 1546 1930 1570 ‚
1936 1517 2141 1575 postquam
2154 1517 2257 1560 illud
2283 1531 2368 1559 cum
2394 1516 2502 1558 obla-

1465 1590 1510 1623 ta
1535 1578 1705 1637 impensa
1721 1578 1928 1635 fiutorum
1951 1587 2069 1625 1250.
2097 1585 2173 1633 per
2204 1572 2503 1632 Univcrfitatem

1453 1638 1662 1697 facienda,
1677 1638 1731 1679 ad
1739 1651 1876 1680 earum
1897 1635 2007 1694 ufitm
2020 1635 2219 1678 reduitum
2229 1632 2385 1693 fuerit,
2396 1644 2505 1682 ‚reon-f

1459 1697 1717 1755 gnesin-ndum
1741 1696 1792 1737 ab
1814 1696 1894 1754 ipso
1918 1695 2123 1753 Epistop02
2157 1695 2204 1742 ἐς
2226 1694 2506 1737 adveniente-1

1466 1764 1635 1815 tempore
1658 1754 1930 1803 translationis
1955 1754 2010 1795 ad
2020 1752 2293 1810 praeccnsitum
2308 1751 2504 1808 Monaste„

1468 1817 1575 1859 rium
1598 1813 1788 1871 transitus
1813 1813 1892 1871 ipsc
1908 1812 1991 1869 fiat
2016 1813 2129 1855 retia
2150 1813 2240 1863 vid,
2274 1812 2321 1859 ζῇ·
2338 1810 2426 1868 stne
2441 1810 2505 1851 ul-

1468 1875 1510 1916 la
1535 1872 1589 1914 ad
1604 1881 1832 1915 extraneum
1857 1873 1979 1914 locum
2003 1869 2237 1928 dim-issone:
2270 1873 2446 1912 servatis
2460 1867 2504 1909 in

1469 1932 1633 1986 reliquis
1660 1931 1830 1976 omnibus
1843 1940 1920 1986 per
1948 1934 2080 1971 Sacros
2110 1932 2278 1972 Canones
2294 1958 2307 1981 ‚
2340 1931 2505 1969 Sacrum

1472 1991 1688 2034 Concilium
1710 1990 1980 2032 Tridentinum
1996 2017 2009 2041 ,
2028 2003 2073 2030 ac
2090 1989 2386 2044 constitutiones
2402 1989 2505 2041 Apo-

1456 2049 1617 2106 stolicas
1639 2053 1744 2091 circa
1770 2048 1988 2106 hujusmodi
2013 2049 2288 2091 translationes
2308 2044 2504 2102 praestri-

1463 2107 1548 2163 ptis
1561 2137 1572 2150 .
1605 2112 1736 2152 Roma·
1754 2123 1820 2165 19.
1836 2106 2071 2162 «Septembris
2091 2109 2212 2162 ¹738·

1613 2224 1650 2275 I.
1666 2193 1670 2196 ·
1690 2226 1929 2276 Cardinalis
1963 2225 2004 2273 F
2004 2228 2115 2274 irrao
2133 2263 2146 2274 .

1885 2349 1931 2389 C.
1958 2345 2141 2400 Archicp.
2164 2346 2342 2386 Diamat.
2360 2346 2506 2386 Secret.

1532 2467 1591 2506 Ex
1615 2463 1864 2505 cancellaria
1891 2463 2107 2520 Epifiopalt'
2131 2460 2278 2517 Spoleti
2305 2489 2320 2512 ‚
2363 2461 2413 2503 de.
2433 2473 2507 2514 qao

1475 2522 1636 2576 exempl.
1661 2530 1814 2563 autent.
1847 2523 1889 2560 in
1909 2521 2080 2563 Archino
2099 2534 2191 2575 gen.
2212 2522 2307 2562 Ord-
2323 2522 2509 2561 Armario

1477 2578 1693 2623 Provincia
1723 2582 1764 2621 S.
1783 2581 1827 2622 Ρ.
1847 2579 2041 2622 Francifci
2074 2592 2158 2621 cum
2183 2576 2337 2633 diversis
2365 2581 2511 2627 Decreq

1477 2644 1529 2683 tis
1544 2639 1648 2682 circa
1670 2639 1861 2681 Monialcs
1878 2637 2088 2694 praedfft'as
2121 2640 2308 2679 emanatis
2323 2664 2334 2675 .

1482 2773 1597 2785 —
2399 2764 2514 2777 n-

1593 2868 1622 2910 S
1682 2867 1718 2909 E
1779 2867 1819 2908 N
1882 2866 1919 2908 T
1982 2866 2017 2907 E
2078 2868 2118 2908 N
2181 2867 2217 2907 T
2278 2867 2298 2906 Ῑ
2358 2867 2394 2908 A

1513 2973 1663 3034 Illn‘zi,
1701 2979 1760 3023 θεῖ’
1790 2973 1897 3023 Κνῆἱ
1929 2972 2233 3023 D..Auditoris
2265 2973 2443 3025 Camerae
2461 3009 2473 3021 .

1476 3109 1588 3158 RR.
1629 3102 1835 3155 Patribus
1878 3107 1926 3153 S.
1955 3108 2084 3155 Lucae
2119 3103 2291 3172 Spoleti
2327 3103 2509 3151 nullum

1538 3180 1613 3241 jus
1643 3212 1659 3234 ,
1696 3177 1962 3242 nullamque
1980 3175 2207 3225 astionem
2235 3175 2279 3221 in
2292 3171 2473 3222 arbores
2491 3208 2507 3230 ,

1545 3249 1573 3297 a
1588 3252 1746 3306 Domo
1777 3245 1924 3296 nostra
1943 3245 2110 3299 ibidem
2128 3241 2361 3315 praetensas
2379 3261 2510 3293 com-

1544 3333 1700 3387 petere
1725 3313 2029 3368 confirmatur
2047 3354 2059 3367 .

1602 3446 1726 3492 Hristi
1748 3446 1926 3491 Nomine
1951 3447 2142 3488 invocato
2158 3473 2171 3496 ,
2196 3458 2272 3500 pro
2295 3443 2511 3487 Tribunali

1609 3506 1794 3550 sedentes
1823 3535 1837 3558 ‚
1878 3502 2082 3559 solumque
2114 3507 2247 3546 Deum
2278 3517 2355 3558 prae
2381 3502 2511 3545 oculis

1472 3567 1666 3609 habentes
1703 3579 1777 3621 per
1816 3566 1918 3608 hanc
1944 3562 2115 3605 nostram
2137 3560 2389 3605 definitivam
2426 3562 2511 3603 sen·-

1476 3626 1675 3678 tentiam,
1704 3630 1824 3681 quam
1840 3620 2230 3677 deJurisperitorum
2257 3620 2419 3663 consilio
2445 3618 2509 3662 fe-

1471 3684 1598 3726 rimus
1615 3685 1652 3728 in
1672 3682 1808 3735 causa,
1838 3685 1875 3723 &
1900 3682 2023 3723 causis
2038 3713 2053 3734 ,
2083 3696 2168 3738 quae
2188 3682 2319 3737 primo
2334 3711 2348 3732 ‚
2370 3681 2411 3721 δε
2435 3680 2507 3722 itt-a

1471 3741 1646 3787 secunda
1674 3746 1738 3786 seu
1764 3742 1840 3784 alia
1870 3740 2020 3783 veriori
2055 3755 2193 3783 coram
2226 3742 2357 3784 Nobis
2387 3737 2507 3783 versas

1472 3801 1655 3862 fuerunt,
1667 3805 1705 3845 ἃ.
1722 3809 1933 3846 vertuntur
1946 3800 2136 3844 instantiae
2154 3803 2260 3845 inter
2273 3803 2377 3845 Ven.
2392 3804 2507 3850 Conq

2368 3873 2456 3904 ven.
