2774 4068
434 235 615 320 234

374 383 543 427 vileriis
563 379 685 426 Nobis
708 380 753 425 in
774 378 927 438 cbristo
942 378 1225 423 Archidiacono
1241 378 1414 438 Eccless'ae

429 441 673 502 Bononienfir
687 468 703 492 ‚
726 454 772 484 ac
793 440 940 486 Wcart'o
958 440 1050 481 er
1065 436 1354 496 Arcbicpiscopt'

486 499 729 557 Bonone‘enstt
744 500 787 541 in
810 496 1093 554 spiritualibus
1107 499 1295 540 Gener-ali

512 561 693 620 sulutem
707 561 752 602 in
777 554 1234 615 Dominosempiternam
1247 585 1261 598 .

486 680 526 725 X
555 677 735 735 injuncto
760 676 890 719 Nobis
911 673 1151 731 Apostolicae
1176 672 1412 731 Legationis

503 737 639 783 officio
663 736 724 779 his
740 762 755 786 ,
784 748 869 790 quae
890 748 966 791 pro
979 736 1233 785 Domorum‚
1253 735 1294 775 &
1310 732 1411 775 alio-

376 814 466 843 rum
481 795 748 854 Regularium
763 792 947 836 locorum
961 791 1136 835 comodo
1149 821 1164 845 ,
1182 794 1222 834 &
1236 792 1412 834 utilitate

375 855 480 902 faeta
512 854 624 899 fuiss'e
649 854 843 898 dicuntur
865 877 879 901 ‚
918 862 964 894 ut
992 850 1131 902 firma,
1156 853 1197 894 δι
1224 850 1412 894 illibata-1

376 916 586 974 persistant
599 943 613 967 ‚
626 913 819 962 libenter,
839 925 930 953 cum
954 909 976 952 ἃ
991 909 1118 953 Nobis
1133 909 1310 965 petitur,
1333 922 1407 950 no-

376 976 445 1019 stri
471 1004 486 1028 ‚
517 973 586 1016 seu
616 971 748 1029 potius
775 969 996 1026 Apostolici
1027 968 1257 1012 mandamus
1286 966 1406 1009 adiici

376 1032 607 1078 muniminis
624 1029 856 1073 firmitatem
871 1059 882 1070 .
912 1026 1098 1070 Exhibita
1113 1027 1305 1081 siquidem
1322 1027 1410 1067 No-

379 1094 438 1138 bis
464 1105 594 1147 nuper
616 1103 689 1146 pro
703 1098 818 1145 parte
834 1086 1076 1129 dilectorum
1089 1086 1215 1128 Nobis
1231 1085 1272 1126 in
1287 1083 1409 1125 Chri-

376 1153 435 1196 sto
448 1151 735 1194 modernorum
748 1150 883 1203 Opera
890 1145 1034 1186 riorum
1042 1144 1215 1186 Fabricae
1222 1141 1344 1185 Eccle
1351 1139 1408 1182 fiae

378 1209 534 1254 Domus
559 1207 776 1264 Regularis
806 1207 987 1247 Fratrum
1004 1203 1308 1258 Capucinorum
1326 1199 1407 1242 loci

377 1269 507 1313 Castri
525 1272 565 1312 S.
584 1266 713 1316 Petri,
729 1259 980 1307 Bononienfis
998 1260 1194 1304 Dioecefis
1207 1287 1220 1311 ,
1235 1274 1278 1303 ac
1295 1258 1412 1301 Prio-

374 1328 492 1379 ris‚&
508 1330 749 1370 Conventus
763 1321 825 1364 seu
844 1319 1410 1376 DomusRegularisFratrum

370 1386 650 1430 Eremitarum
680 1384 720 1425 S.
747 1379 954 1435 Augustini
971 1407 986 1430 ‚
1013 1393 1169 1422 necnon
1197 1375 1410 1422 Laurentii

373 1444 482 1489 Dale
498 1441 683 1487 Rectoris
693 1467 708 1491 ,
722 1438 1082 1494 Archipreabyteri
1097 1437 1411 1493 nuncupati,Pa-

372 1502 565 1548 rochiniis
583 1498 771 1545 Ecclefiae
783 1525 796 1548 ,
811 1497 1241 1553 Archipresbyteratus
1255 1508 1409 1538 nuncu·

374 1571 499 1620 patae,
524 1558 705 1618 ejusdem
737 1561 778 1600 S.
791 1557 903 1598 Petri
930 1555 1022 1597 dieti
1050 1556 1160 1606 loci,
1185 1552 1407 1598 &Antonii

373 1620 551 1665 Galeatii
567 1615 755 1662 Malvafia
771 1614 992 1667 Nobilis‚&
1004 1613 1169 1659 Patricii
1182 1613 1412 1657 Bononien-

374 1681 423 1722 sis
448 1677 598 1736 petitio
625 1674 865 1717 continebat
882 1702 896 1725 ‚
919 1673 1028 1729 quod
1054 1673 1122 1730 ipfi
1139 1673 1238 1718 alias
1269 1671 1410 1729 provi-

371 1738 426 1781 de
448 1733 928 1784 confiderantes‚eosdem
939 1734 1156 1788 operarios
1172 1746 1246 1788 pro
1271 1730 1409 1774 neces-

374 1797 474 1840 saria
502 1793 767 1849 ampliatione
790 1790 1034 1847 primodic‘tae
1062 1793 1217 1833 Domus
1229 1789 1406 1844 Regula·

373 1856 427 1898 ris
449 1853 627 1910 quodam
655 1861 770 1895 terrae
797 1848 1026 1892 laborativae
1043 1850 1154 1905 petio
1173 1863 1212 1891 in
1228 1862 1328 1904 agro
1341 1846 1406 1888 di-

371 1914 424 1955 cti
456 1912 567 1963 loci,
596 1911 710 1968 juxta
738 1906 827 1951 suos
852 1907 1072 1950 notiffimos
1101 1907 1201 1949 fines
1226 1908 1327 1957 fito,
1358 1919 1404 1947 ac

369 1970 531 2015 fabricae
557 1968 804 2026 primodictae
820 1968 972 2009 Domus
985 1966 1231 2021 Regularis,
1262 1964 1331 2006 seu
1362 1964 1407 2005 il.

368 2030 449 2074 lius
476 2027 692 2072 hortalitiis
707 2024 970 2075 adhaerente',
1002 2026 1073 2067 vel
1088 2025 1308 2077 contiguo,
1336 2034 1404 2062 ca-

367 2087 553 2146 pacitatis
581 2088 753 2129 duarum
782 2085 1099 2126 Tornaturarum
1131 2111 1145 2132 ‚
1185 2083 1223 2122 &
1249 2081 1410 2124 trium-2

398 2156 607 2189 uartorum
635 2142 803 2185 alterius
823 2142 1088 2191 Tornaturae,
1117 2139 1271 2183 seilicet
1297 2152 1406 2181 men-

366 2162 468 2250 purae
499 2204 660 2246 istarum
687 2203 867 2257 partium
889 2228 902 2251 ‚
939 2198 1085 2243 valoris
1116 2200 1155 2240 &
1179 2199 1301 2254 pretii
1326 2199 1399 2241 in.›

371 2264 624 2322 proprietate
651 2268 818 2302 centum
846 2258 1090 2301 ducatorum
1125 2258 1210 2300 auri
1239 2258 1293 2301 de
1317 2260 1400 2300 Ca-

370 2338 486 2366 mera
502 2351 516 2372 ,
546 2320 664 2363 annui
689 2319 789 2360 vero
815 2316 1001 2361 redditus
1026 2317 1170 2360 decem
1196 2314 1402 2359 scutorum

371 2397 464 2427 cum
480 2378 649 2423 dimidio
671 2376 836 2420 alterius
852 2375 952 2418 scuti
965 2401 980 2424 .
995 2376 1126 2418 fimilis
1144 2386 1312 2420 monetae
1328 2377 1405 2417 Bo-

372 2438 569 2485 nonienfis
585 2466 599 2488 ‚
624 2436 689 2477 vel
705 2436 813 2477 circa
827 2459 842 2481 a
856 2434 904 2477 ad
923 2437 1101 2478 Domum
1121 2435 1409 2490 Regularem

372 2502 560 2543 Fratrum
580 2494 851 2539 Eremitarum
876 2491 1103 2547 hujusmodi
1125 2491 1306 2546 legitime
1322 2495 1408 2549 spe-

370 2561 501 2602 Stante
530 2555 746 2609 indigere,
773 2553 980 2607 praedinos
1004 2552 1102 2593 vero
1128 2550 1341 2602 Priorem,
1369 2553 1408 2593 δι

373 2620 638 2660 Conventum
669 2610 844 2653 secundo
873 2611 984 2652 dietae
1011 2612 1164 2653 Domus
1192 2610 1405 2667 Regularis

377 2673 586 2718 mediante
632 2677 896 2725 competente
923 2697 939 2721 ,
988 2667 1055 2710 vel
1101 2667 1239 2711 saltem
1284 2669 1405 2725 aequi·

371 2733 536 2777 valente
561 2727 891 2784 compensatione
922 2726 1075 2783 petium
1113 2738 1233 2769 terrae
1271 2724 1406 2784 hujus-

372 2791 484 2835 modi
513 2788 599 2845 ipsis
625 2787 833 2843 Operariis
850 2785 901 2828 ad
925 2785 1108 2829 effectum
1135 2785 1405 2843 ampliationis

371 2848 600 2907 hujusmodi
630 2846 812 2890 vendere
844 2856 1006 2902 paratos
1041 2842 1147 2888 effe.
1178 2845 1254 2902 Ipfi
1283 2846 1406 2904 igitur

375 2907 564 2965 Operarii
588 2920 682 2950 cum
706 2906 974 2956 interventu,
1003 2904 1042 2945 &
1069 2904 1278 2960 praesentia
1306 2919 1407 2961 prae-

375 2967 576 3011 dictorum
604 2964 812 3009 Laurentii
836 2964 1021 3007 Restoris
1036 2991 1051 3015 ,
1080 2964 1299 3006 &Antonii
1322 2967 1407 3007 Ga·

375 3026 488 3070 leatii
517 3025 667 3067 dietum
690 3033 811 3066 terrae
824 3023 974 3080 petium
989 3050 1004 3073 ‚
1034 3021 1085 3064 ad
1103 3036 1197 3065 eum
1223 3022 1407 3079 legitime

368 3086 563 3141 spefitans2
577 3083 723 3126 intuitu
741 3084 931 3125 Fratrum
946 3080 1252 3135 Capucinorum
1265 3109 1280 3132 ‚
1303 3083 1406 3126 &ob

369 3145 486 3188 suum
500 3174 515 3195 ,
529 3155 650 3198 quem
667 3155 764 3196 erga
790 3145 832 3185 S.
848 3139 1098 3185 Franciscum
1110 3166 1126 3189 ,
1151 3141 1192 3183 δι
1206 3141 1406 3184 Ordinem

368 3204 572 3247 die'torum
588 3203 774 3244 Fratrum
794 3201 1103 3256 Capucinorum
1125 3200 1262 3256 gerit,
1277 3199 1407 3244 devo-

370 3264 498 3306 tionis
525 3261 737 3309 affectum,
766 3268 812 3301 ut
837 3260 888 3303 ad
919 3257 1147 3315 hujusmodi
1175 3259 1405 3315 compensa.

370 3322 525 3364 tionem
537 3319 725 3363 deveniri
743 3315 866 3372 posset
882 3346 896 3370 ,
917 3317 1042 3372 gratis
1054 3347 1070 3370 ,
1100 3318 1140 3360 δι
1156 3318 1310 3361 Amore
1325 3319 1406 3362 Dei

369 3381 488 3424 dedit
506 3410 521 3433 ‚
556 3394 630 3423 nec
656 3391 737 3420 non
759 3377 906 3428 Prior,
935 3378 973 3418 &
990 3378 1232 3420 Conventus
1259 3377 1406 3434 praedi-

371 3441 423 3481 &i
453 3437 677 3483 neceffitati
696 3466 712 3489 ,
741 3437 782 3478 &
805 3436 976 3478 utilitati
1011 3434 1219 3493 utriusque
1251 3439 1404 3481 Domus

368 3499 620 3553 Regularis,
645 3510 690 3538 ac
707 3495 960 3539 Parochialis
984 3494 1173 3538 Ecclefiae
1197 3494 1402 3552 hujusmo-

367 3557 411 3598 di
439 3555 662 3612 respective
684 3554 899 3599 consulere
926 3553 1136 3607 cupientes
1154 3583 1168 3606 ‚
1192 3557 1312 3598 Prior
1328 3554 1402 3597 sci-

366 3615 466 3659 licet
479 3642 494 3666 ‚
507 3618 545 3659 &
560 3619 799 3659 Conventus
816 3617 968 3657 Domus
985 3612 1202 3667 Regularis
1219 3617 1401 3668 §.Augu-

369 3673 456 3715 stini
485 3674 764 3729 primodiCtum
789 3681 907 3716 terrae
935 3673 1091 3726 perium
1115 3671 1266 3715 eisdem
1285 3674 1401 3726 Ope-

367 3733 481 3774 rariis
499 3731 548 3773 ad
565 3731 748 3776 effectum
764 3731 1036 3789 ampliationis
1053 3731 1299 3787 primodiaestae
1311 3733 1398 3774 Do·

366 3805 454 3834 mus
468 3790 949 3849 Regularis,Laurentius
966 3801 1101 3835 autem
1119 3792 1270 3836 nestor
1283 3790 1393 3835 aliud

1226 203 1761 293 Provincia

1472 333 1593 364 terrae
1605 322 1778 377 perium,
1789 320 1831 363 in
1849 321 1996 367 eodem
2008 336 2106 380 agro
2119 324 2244 367 etiam
2266 325 2384 370 {itum
2402 356 2416 379 ,
2429 327 2508 373 suis

1472 381 1598 425 etiam
1630 380 1835 424 notiffimis
1861 381 2086 426 confinibus
2122 383 2470 441 circumscriptum
2487 417 2503 440 ,

1471 438 1637 496 aliisque
1653 440 1832 484 secundo
1851 440 1963 484 dictat
1982 445 2135 485 Domus
2152 442 2368 500 Regularis
2379 446 2503 490 Bonis

1471 501 1709 555 contiguum
1722 529 1737 551 ,
1752 499 1989 555 capacitatis
2004 512 2125 544 trium
2154 503 2476 554 Tornaturarum
2490 530 2507 553 ι,

1471 558 1511 599 δι
1538 560 1784 613 perticarum
1818 556 2000 614 ejusdem
2028 559 2215 603 mensura:
2237 591 2251 613 ,
2282 564 2322 605 δι
2353 563 2505 610 valoris

1473 617 1595 658 etiam
1634 618 1673 659 &
1717 615 1840 671 pretii
1878 617 1917 658 in
1951 619 2203 674 proprietate
2230 632 2400 664 centum
2419 648 2436 671 ,
2461 622 2502 663 δε

1471 674 1648 730 quinque
1671 674 1914 716 ducatorum
1926 677 2108 729 parium,
2129 679 2247 721 annui
2265 681 2390 723 etiam
2408 680 2508 723 red-

1471 732 1582 775 ditus
1605 731 1806 775 scutorum
1829 732 2046 776 duodecim
2070 736 2182 779 dietae
2212 750 2384 782 monetae
2399 768 2413 791 ,
2437 739 2505 782 vel

1471 791 1645 842 circa‚ad
1660 790 1808 834 dietam
1823 792 2101 835 parochialem
2117 796 2339 840 Ecclesiam
2354 826 2369 849 ,
2384 812 2506 854 quam

1470 849 1553 904 ipse
1563 849 1758 892 canonice
1770 849 1946 902 obtinet,
1963 849 2146 907 legitime
2157 853 2506 910 spectansfflriori,

1464 909 1505 949 δι
1516 908 1753 950 Conventui
1765 906 1941 951 secundo
1952 908 2065 951 dietae
2082 912 2236 955 Domus
2251 917 2469 970 Regularis
2485 943 2501 965 ‚

1468 966 1671 1009 Antonius
1687 966 1901 1008 Galeatius
1916 968 2018 1009 vero
2030 997 2046 1018 ‚
2059 968 2195 1011 eidem
2210 986 2372 1028 quoque
2390 978 2501 1017 Lau-

1469 1026 1604 1067 rentio
1621 1025 1788 1067 Rectori
1805 1025 2002 1081 reliquum
2017 1036 2134 1070 terrae
2157 1030 2365 1072 arboribus
2387 1033 2503 1086 plan-

1470 1093 1594 1135 tatae,
1625 1084 1661 1124 δι
1692 1082 1842 1125 vitibus
1868 1096 2095 1140 propagata
2119 1114 2133 1138 ,
2164 1088 2202 1129 &
2232 1089 2329 1132 alias
2361 1088 2504 1132 frueti-

1466 1139 1562 1184 ferae
1578 1143 1729 1197 perium
1744 1168 1760 1193 ,
1790 1141 1828 1183 in
1853 1144 2001 1187 eodem
2023 1157 2121 1200 agro
2134 1147 2251 1189 situm
2265 1177 2281 1198 ,
2306 1146 2378 1189 suis
2397 1147 2504 1192 fimi-

1471 1201 1566 1243 liter
1580 1199 1785 1243 notiffimis
1800 1199 2024 1244 confinibus
2042 1204 2390 1261 circumscriptum
2407 1235 2421 1258 ‚
2456 1221 2501 1249 ac

1469 1258 1558 1302 aliis
1580 1259 1703 1302 etiam
1730 1258 1843 1302 dinae
1873 1262 2117 1304 Parochialis
2146 1264 2333 1308 Ecclesiae
2376 1267 2498 1308 Bonis

1470 1318 1704 1374 contiguum
1718 1342 1732 1364 ³
1749 1316 1898 1360 valoris
1923 1320 2047 1362 etiam
2065 1321 2105 1363 in
2131 1323 2386 1378 proprietate
2401 1338 2502 1367 cen-

1471 1388 1557 1419 tum
1572 1405 1588 1429 ‚
1619 1378 1659 1418 &
1682 1375 1829 1418 decem
1854 1377 2093 1422 ducatorum
2110 1380 2194 1423 auri
2219 1382 2403 1436 parium,
2427 1397 2501 1426 an-

1471 1436 1537 1478 nui
1568 1436 1673 1480 verb
1707 1433 1891 1478 redditus
1917 1438 2226 1493 quatuordecim
2265 1441 2500 1486 scutorum..

1468 1492 1646 1551 ejusdem
1676 1503 1870 1543 monem,
1903 1497 1968 1539 vel
1985 1497 2088 1541 circa
2105 1526 2116 1548 ,
2134 1498 2184 1539 ad
2199 1512 2291 1539 eum
2305 1509 2376 1549 ‚ut
2399 1513 2502 1554 prae-

1470 1550 1627 1604 fertur,
1651 1551 1833 1608 legitime
1861 1554 2068 1609 spectans,
2098 1556 2136 1597 in
2161 1555 2339 1599 secundi>
2366 1557 2499 1601 dieto·

1471 1626 1558 1655 rum
1575 1622 1691 1654 terrae
1713 1611 1918 1666 petiorum
1938 1625 2116 1656 mutuam
2130 1644 2147 1666 ‚
2176 1616 2216 1656 δι
2239 1616 2495 1671 reciprocam

1469 1667 1868 1726 compensationem,
1898 1670 1965 1714 seu
1991 1675 2292 1728 recompensam
2311 1701 2326 1724 ,
2360 1672 2501 1734 salvo,

1468 1731 1509 1772 δι
1522 1728 1729 1773 reservato
1740 1728 1853 1771 diaae
1867 1730 1985 1773 Sedis
2003 1732 2266 1788 beneplacito
2279 1731 2500 1789 respenive

1466 1788 1699 1837 dederunt,
1720 1788 1759 1828 &
1783 1788 2064 1833 concesserunt
2082 1819 2098 1844 ‚
2126 1792 2375 1849 illorumque
2402 1790 2498 1835 Pos-

1465 1846 1672 1889 seffionem
1687 1855 1780 1888 ante
1794 1846 2009 1894 obtentum
2024 1850 2251 1908 hujusmodi
2265 1851 2501 1908 beneplaci-

1465 1915 1550 1948 tum
1561 1904 1782 1959 respective
1797 1905 2194 1966 tradiderunt,prout
2207 1911 2243 1953 in
2260 1911 2499 1954 instrumen-

1466 1975 1510 2005 to
1535 1963 1724 2018 publico,
1753 1961 1820 2005 seu
1851 1966 1938 2008 aliis
1963 1968 2169 2025 scripturis
2195 1969 2366 2026 desuper
2391 1984 2496 2013 con-

1469 2022 1580 2063 fectis
1610 2022 1766 2078 plenius
1791 2022 1940 2068 dicitur
1971 2028 2170 2070 contineri
2191 2057 2203 2068 .
2248 2027 2391 2086 Qare'
2420 2042 2497 2081 pro

1469 2091 1583 2137 parte
1616 2081 1934 2136 Operariorum‚
1963 2099 2010 2128 ac
2023 2086 2178 2130 Prioris
2193 2113 2207 2136 ,
2229 2088 2269 2128 δι
2295 2090 2501 2129 Comen-

1469 2153 1530 2182 tus
1556 2138 1732 2183 secundo
1755 2139 1869 2184 dietae
1891 2143 2044 2187 Domus
2063 2145 2278 2200 Regularis
2292 2173 2305 2196 ,
2326 2159 2371 2186 ac
2389 2148 2498 2187 Lau-

1462 2199 1587 2240 rentii
1600 2199 1789 2240 Refioris
1801 2226 1815 2247 ,
1830 2214 1905 2243 nec
1922 2216 2001 2245 non
2014 2204 2182 2246 Antonii
2198 2203 2380 2247 Galeatii
2397 2218 2498 2259 prae-

1459 2256 1932 2305 dictorum‚asserentium
1948 2259 2130 2304 dationes
2142 2288 2158 2310 2
2172 2264 2212 2304 &
2224 2261 2496 2306 conceffiones

1462 2316 1666 2375 praedie’tas
1683 2341 1698 2364 2
1715 2315 1872 2372 aliaque
1893 2318 2080 2373 praemissa
2120 2322 2158 2363 in
2198 2322 2496 2364 macenariam-2

1466 2375 1767 2430 ampliationem
1796 2378 1928 2431 primo
1953 2378 2093 2429 dinae,
2118 2393 2166 2423 ac
2178 2378 2417 2424 evIdentem
2435 2383 2495 2422 se-

1467 2435 1603 2478 cundo
1628 2435 1742 2476 dietae
1767 2437 1991 2479 Domorum
2012 2439 2282 2494 Regularium
2299 2468 2313 2490 ,
2345 2441 2385 2481 δε
2416 2441 2490 2482 Pa-

1468 2491 1656 2535 rochialis
1674 2492 1860 2535 Ecclefiae
1878 2496 2156 2548 praedictarum
2169 2496 2314 2540 ceffiffe
2329 2526 2344 2549 ,
2376 2501 2415 2541 &
2429 2511 2498 2540 ce.

1465 2552 1565 2594 dere
1588 2551 1807 2593 utilitatem
1822 2579 1836 2602 ,
1870 2553 1998 2595 Nobis
2014 2552 2091 2597 fuit
2114 2555 2323 2598 humiliter
2348 2555 2498 2611 suppli·

1466 2622 1632 2662 catum,
1662 2619 1864 2666 quatenus
1882 2614 1926 2654 in
1942 2612 2137 2668 praemiffis
2167 2625 2239 2669 pro
2260 2611 2428 2656 firmiori
2447 2615 2497 2656 il-
2543 2650 2545 2652 .

1466 2670 1602 2712 lorum
1615 2668 1873 2721 subfistentia,
1890 2671 2027 2713 nostrae
2041 2701 2056 2723 ,
2089 2671 2153 2715 seu
2170 2672 2301 2728 potius
2317 2672 2496 2727 Aposto-
2524 2670 2540 2679 ’”

1466 2727 1551 2772 licae
1565 2726 1903 2774 confirmationis
1918 2731 2041 2772 robur
2055 2730 2232 2784 adjicere
2244 2759 2259 2781 ,
2289 2731 2453 2787 Eosque
2467 2732 2492 2774 ἑ.

1465 2785 1638 2831 censuris
1655 2814 1669 2837 ‚
1698 2787 1735 2830 &
1751 2788 1882 2844 poenis
1900 2787 2185 2832 Ecclesiasticis
2199 2819 2213 2840 ,
2229 2803 2325 2845 quas
2340 2792 2392 2831 ob
2406 2801 2491 2832 tra-

1465 2846 1591 2890 ditam
1614 2845 1814 2902 petiorum
1831 2857 1949 2889 terrae
1976 2848 2255 2903 praedictorum
2271 2859 2393 2900 ‚ante
2420 2849 2494 2891 ob·-

1467 2915 1625 2949 tentum
1647 2903 1759 2947 dinae
1774 2904 1889 2949 Sedis
1906 2906 2143 2961 Apostolicae
2160 2907 2460 2962 beneplacitum
2482 2937 2497 2958 ,

1467 2963 1737 3021 polseffionem
1754 2964 2011 3007 incurrerunt
2028 2995 2044 3017 ,
2059 2966 2096 3008 in
2121 2977 2298 3021 utroque
2313 2964 2404 3009 foro
2419 2967 2493 3008 ab·

1467 3023 1624 3067 solvere
1651 3024 1825 3080 benigne
1854 3023 2140 3078 dignaremur.
2174 3028 2261 3067 Nos
2286 3024 2410 3081 igitur
2431 3035 2494 3067 at-

1469 3082 1688 3125 tendentes
1710 3083 1824 3124 dietae
1846 3082 1964 3126 Sedis
1987 3085 2283 3126 exuberantem
2310 3082 2491 3126 clemen·-

1467 3142 1566 3185 tiam
1582 3142 1807 3198 ‚gremium
1822 3141 1893 3184 suae
1918 3142 2076 3197 pietatis
2102 3142 2186 3198 post
2210 3140 2405 3185 excessum
2420 3154 2494 3185 ve-

1466 3201 1571 3244 niam
1608 3201 1842 3257 petentibus
1882 3199 2073 3245 claudere
2101 3215 2178 3243 non
2203 3197 2450 3244 consuevisse
2471 3227 2486 3252 ‚

1465 3258 1675 3303 sufficienti
1702 3260 1751 3302 ad
1780 3260 1819 3302 id
1845 3261 1894 3303 ab
1919 3260 2063 3303 eadem
2081 3259 2187 3303 Sede
2212 3273 2284 3314 per
2311 3258 2492 3314 ejusdem

1465 3317 1580 3364 ssffii
1611 3321 1661 3362 D.
1681 3322 1734 3362 Ν.
1753 3321 1893 3375 Papae,
1924 3320 1965 3361 δε
1993 3322 2122 3362 Sacrae
2149 3319 2493 3374 congregationis

1466 3377 1879 3422 Eminentiffimorum
1900 3404 1914 3427 ,
1949 3379 1990 3421 ἂι
2015 3374 2493 3421 Reverendissimorum..

1465 3439 1734 3481 Dominarum
1752 3440 1791 3479 S.
1806 3438 1857 3480 R.
1870 3438 1919 3479 E.
1932 3434 2209 3481 Cardinalium
2222 3459 2235 3482 a
2250 3438 2363 3478 Sacri
2377 3439 2493 3479 Con-

1461 3497 1547 3539 cilii
1565 3496 1799 3540 Tridentini
1826 3499 2128 3550 Interpretum,
2160 3493 2229 3536 sub
2254 3494 2337 3537 dat.
2353 3498 2494 3539 Romae

1460 3555 1530 3598 die
1544 3555 1703 3599 decima
1719 3555 1884 3613 septima
1895 3555 2042 3597 Mensis
2051 3552 2158 3608 Junii
2174 3554 2362 3608 proxime
2390 3569 2490 3611 prae—

1461 3614 1572 3657 teriti
1601 3615 1732 3658 Nobis
1763 3611 1935 3670 desuper
1962 3609 2205 3655 transmissas
2235 3614 2406 3666 literas,
2436 3611 2489 3656 ad

1458 3686 1630 3730 quarum
1659 3672 1915 3716 insertionem
1941 3672 2104 3714 minime
2123 3681 2338 3727 tenemur,
2358 3671 2490 3716 facul-

1458 3742 1544 3776 tate
1560 3731 1707 3775 suffulti
1719 3761 1734 3784 ,
1755 3741 1906 3774 certam
1921 3732 1974 3775 de
1991 3730 2190 3787 praemissis
2206 3734 2395 3776 notitiam
2410 3737 2491 3774 non

1455 3791 1655 3848 habentes
1666 3819 1680 3845 ,
1711 3805 1755 3834 ac
1769 3791 1986 3847 Operarios
2002 3820 2016 3845 ,
2040 3793 2079 3834 δι
2093 3791 2278 3837 Priorem
2292 3821 2307 3846 ‚
2323 3796 2361 3835 &
2376 3794 2492 3835 Con-

2341 3864 2435 3894 ven—
