2762 4108
385 216 559 300 266

301 372 303 376 .
329 330 433 374 riam
449 330 653 384 Maiorem
670 324 740 370 sub
753 323 919 369 Annulo
933 319 1146 364 Piscatoris
1161 318 1229 360 die
1244 330 1360 361 xxiv.

318 389 416 446 Julii
458 405 492 432 M
508 404 536 432 n
551 403 574 433 c
590 401 650 431 xx
670 398 685 428 1
706 399 748 428 x·
777 379 1042 427 Pontificatus
1069 377 1207 423 Nostri
1236 380 1361 422 Anno

326 448 440 492 sexto
453 476 467 491 .

865 561 924 603 Μ.
938 559 988 602 A.
1007 553 1217 600 Maraldus
1230 581 1245 595 .
1319 528 1323 532 ι

385 685 508 726 Breve
525 679 753 740 formatum
780 679 824 719 in
837 673 1009 719 Archivo
1023 673 1233 717 Provincia
1251 673 1360 714 Lom.

442 742 592 784 barde'ae
610 767 625 791 ‚
648 736 758 794 cujus
780 735 975 790 exemplar
988 737 1031 776 in
1047 731 1168 777 Arch.
1187 735 1360 774 Genera—

441 801 474 844 zi
492 797 587 842 Ord.
607 799 722 842 Arm.
740 793 955 839 Provincia
968 789 1238 836 Lombardiae.

310 998 494 1089 'Eidem
517 1029 754 1101 Alphonso
769 1065 785 1088 ,
814 1030 929 1080 duos
946 1033 1125 1079 Fratres
1146 1025 1206 1076 ad
1233 1021 1360 1074 obse-

397 1106 504 1174 quia
521 1103 732 1154 destinari
753 1100 963 1151 concedit
978 1135 991 1148 .

330 1250 367 1294 A
386 1255 503 1303 tergo
517 1273 528 1287 .
563 1242 717 1287 Dilecto
728 1223 834 1285 Filio
847 1269 862 1292 ,
879 1235 1015 1283 Nobili
1037 1237 1124 1282 Viro
1138 1265 1152 1289 ‚
1168 1232 1361 1293 Alpbonso

581 1298 730 1358 Esterfi
741 1327 756 1351 ,
785 1300 955 1342 Mutina·
988 1300 1094 1341 Duci
1106 1326 1117 1338 .

328 1430 800 1491 URBANUS
873 1430 1097 1478 PAPA
1170 1426 1358 1475 VIII.

392 1562 549 1605 Dilecte
577 1558 687 1609 Fili,
719 1554 878 1600 Nobilir
899 1559 964 1601 νιν
977 1585 993 1607 ,
1019 1555 1222 1604 salutem,
1249 1552 1302 1604 &-

544 1615 800 1673 Apostolicam
818 1616 1120 1658 Benedictionem
1134 1641 1146 1653 .
1263 1645 1265 1648 .

456 1734 563 1779 Odie
582 1733 748 1779 {Nobis
778 1731 1020 1776 emanarunt
1051 1731 1178 1773 literae
1203 1729 1359 1772 tenoris

485 1793 785 1848 subsequentis,
814 1790 1037 1834 videlicet:
1068 1787 1246 1831 Urbanus
1275 1790 1349 1830 Pa-

332 1866 390 1908 pa
409 1856 510 1896 VIII.
529 1850 720 1895 Romanus
741 1850 921 1907 Pontifex
938 1878 950 1890 .

393 1911 634 1955 Idcireo'Te
656 1909 695 1951 in
710 1910 802 1951 Tuo
820 1905 1042 1965 hujusmodi
1056 1906 1124 1962 pio
1139 1905 1358 1958 desiderio,

327 1969 525 2025 quantum
548 1981 641 2009 cum
656 1969 836 2010 Domino
853 1962 1050 2022 possumus
1069 1992 1082 2014 ‚
1108 1964 1329 2006 confovere
1342 1988 1357 2008 a

332 2029 480 2083 Teque
500 2026 761 2082 amplioribus
775 2024 980 2067 favoribus
995 2049 1009 2070 a
1036 2025 1074 2064 δι
1089 2024 1230 2077 gratiis
1259 2034 1357 2075 pro·

328 2085 438 2142 sequi
455 2084 640 2126 volentes
657 2112 671 2136 ,
697 2084 737 2124 &
753 2084 773 2124 a
797 2081 999 2139 quibusvis
1028 2079 1359 2123 excommunica-

335 2144 456 2186 tionis
473 2170 487 2193 ‚
512 2141 794 2197 suspensionis³
824 2143 865 2182 &
891 2138 1125 2190 interdicti,
1149 2139 1354 2194 aliisque.)

328 2200 618 2245 Ecclefiasticis
632 2199 842 2242 sententiis
859 2226 873 2248 a
903 2198 1082 2242 censuris
1101 2226 1114 2249 ‚
1139 2200 1178 2240 δε
1193 2198 1323 2254 poenis
1340 2224 1354 2247 ,

328 2259 351 2302 ὲ
367 2263 483 2316 jure,
504 2258 570 2301 vel
597 2259 646 2301 ab
663 2260 825 2311 homine
847 2257 988 2315 quavis
1015 2256 1224 2299 occasione
1244 2284 1259 2307 ‚
1288 2255 1354 2299 vel

327 2317 579 2366 enuntiatis,
605 2318 789 2374 liquibus
813 2315 1124 2374 quomodolibet
1139 2315 1353 2358 innodatus

333 2377 551 2427 extiteris,
578 2375 628 2418 ad
662 2376 845 2419 effefium
873 2374 1124 2431 praesentium
1158 2375 1354 2416 duntaxat

329 2434 662 2491 consequendum
677 2463 691 2486 ‚
723 2436 861 2478 harum
890 2433 991 2476 serie
1007 2432 1262 2475 absolventes
1277 2463 1292 2483 ,
1315 2435 1355 2474 δε

329 2493 555 2540 absolutum
583 2491 672 2535 fore
710 2492 916 2537 censentes
944 2520 959 2544 ‚
1002 2490 1352 2547 supplicationibus

329 2555 456 2598 etiam
478 2555 570 2595 Tuo
588 2553 775 2603 nomine,
798 2550 916 2607 super
937 2552 1013 2593 hoc
1033 2550 1243 2594 humiliter
1259 2565 1352 2605 por-

328 2612 449 2656 rectis
463 2611 648 2653 inclinati
667 2638 682 2662 ,
715 2610 836 2660 Tibi,
866 2620 912 2652 ut
938 2611 988 2653 ad
1006 2609 1261 2653 Provinciam
1280 2610 1352 2651 Ti-

328 2671 425 2715 rolis
442 2667 643 2725 praefatam
660 2697 673 2717 ,
702 2681 775 2724 pro
795 2668 949 2711 Habitu
980 2667 1203 2722 hujufinodi
1233 2668 1351 2710 susci·

330 2728 484 2786 piendo
498 2725 754 2784 proficiscens
771 2754 785 2777 ,
810 2727 831 2767 a
853 2726 1020 2768 Dilecfftis
1041 2727 1352 2782 FiliisJoanne.)

325 2789 383 2832 de
394 2786 548 2831 Sestola
565 2786 813 2840 Presbytero
828 2814 842 2836 ‚
866 2786 906 2828 δι
935 2787 1059 2827 Petro
1082 2784 1136 2827 de
1166 2785 1321 2828 Mutina
1337 2811 1354 2833 2

327 2846 422 2890 dieti
450 2843 613 2889 Ordinis
643 2841 963 2894 professoribus,
989 2842 1113 2886 rheda
1146 2841 1355 2895 affociari,

326 2902 699 2961 distoqueJoanni‚
721 2913 766 2945 ut
799 2912 883 2944 tam
911 2902 951 2944 in
988 2901 1355 2958 itinerehujusmo-

326 2963 368 3006 di
387 2993 402 3015 ‚
430 2963 553 3006 etiam
570 2960 716 3018 absque
733 2960 814 3004 ulla
824 2961 1161 3012 Ordinatiorum,
1189 2962 1227 3003 δι
1254 2962 1352 3003 alio·

328 3036 419 3065 rum
437 3020 698 3078 Superiorum
713 3048 727 3071 ‚
751 3034 1007 3077 quocumque
1024 3019 1185 3063 nomine
1200 3034 1356 3063 nuncu-

323 3090 514 3137 patorum
529 3107 544 3131 ,
567 3078 753 3122 locorum
783 3079 950 3123 licentia
965 3109 981 3130 ,
1011 3077 1130 3135 quam
1160 3078 1292 3134 postea
1316 3079 1355 3121 in

327 3143 466 3183 Domo
481 3138 675 3192 Regulari
693 3167 707 3189 ,
724 3139 762 3180 in
777 3151 854 3193 qua
871 3140 933 3179 Te
948 3137 1103 3193 degere
1119 3138 1356 3193 contigerit,

327 3197 455 3241 {acras
475 3207 562 3240 tuas
576 3193 842 3239 confeffiones
854 3196 995 3239 audire
1010 3225 1025 3247 ,
1047 3197 1190 3251 Teque
1216 3196 1237 3237 a
1262 3211 1357 3252 pec·

326 3258 424 3299 catis
451 3256 557 3307 tuis,
587 3253 773 3310 injunctis
797 3254 1056 3312 injungendis
1072 3280 1086 3303 a
1118 3253 1356 3306 absolvere,

326 3317 398 3370 ipsi
426 3324 562 3358 autem
590 3315 748 3365 Petro,
774 3323 818 3356 ut
850 3312 1018 3356 servitiis
1041 3314 1120 3356 tuis
1150 3313 1356 3365 insistere,

329 3376 506 3431 Tibique
525 3373 764 3416 famulatum
780 3372 977 3415 exhibere
994 3371 1150 3422 libere,
1179 3373 1220 3413 δι
1244 3371 1354 3414 licite

327 3434 442 3486 poffit
458 3462 471 3483 ‚
500 3435 538 3475 &
560 3432 692 3475 valeat
708 3461 722 3484 ‚
747 3447 794 3474 ac
813 3431 1032 3486 respective
1047 3430 1191 3486 possint
1205 3459 1218 3482 ,
1233 3432 1272 3472 &
1287 3445 1353 3473 va-

331 3490 472 3542 leant,
512 3493 565 3534 ita
603 3500 768 3542 tamen,
795 3501 840 3531 ut
873 3502 955 3532 tam
985 3491 1073 3541 Tu,
1101 3491 1351 3545 quamJoan-

330 3565 419 3601 nes,
430 3551 468 3590 &
483 3553 624 3592 Petrus
636 3547 813 3605 praefati3
831 3551 1051 3591 Domorum
1068 3549 1349 3603 Regularium,

330 3612 370 3652 in
385 3609 526 3665 quibus
543 3610 623 3650 Vos
637 3623 711 3663 pro
725 3619 912 3664 tempore
936 3608 1090 3661 degere
1105 3609 1348 3662 contigerit,

329 3672 369 3711 δι
395 3667 480 3710 aliis
520 3666 634 3720 ipfius
666 3668 830 3710 Ordinis
861 3668 1142 3724 Superioribus
1186 3665 1348 3723 subjecti

330 3730 488 3781 semper
511 3725 589 3765 sitis
607 3754 621 3775 ,
653 3727 881 3782 Apostolica
896 3726 1138 3768 auctoritate
1155 3726 1314 3782 praefata
1331 3753 1345 3775 a

328 3799 476 3833 tenore
490 3783 737 3840 praesennum
754 3813 769 3836 2
797 3786 1023 3837 licentiam,
1054 3787 1088 3827 &
1106 3782 1353 3830 facultatem-

1146 199 1707 291 Provincia.

1423 315 1688 360 concedimus
1705 345 1719 369 ‚
1749 317 1790 360 δι
1816 316 2100 373 impartimur.
2135 320 2230 360 Non
2262 319 2460 363 obstanti:

1421 378 1499 420 bus
1514 405 1529 427 ,
1552 387 1762 432 *quatenus
1777 390 1876 432 opus
1892 375 1938 419 fit
1951 405 1965 428 ‚
1998 375 2131 418 felicis
2162 378 2460 432 recordationis

1401 435 1618 492 ,Gregorii
1645 437 1759 491 Papae
1787 436 1907 478 XIV·
1934 431 2242 478 Praedecess'oris
2287 424 2454 488 Nostri,

1425 493 1524 538 aliis
1542 507 1592 537 ue
1622 493 2016 545 Constitutionibus‚
2042 495 2082 535 &
2115 493 2453 538 Ordinationibus

1425 557 1516 609 Apo
1550 552 1667 595 olicis
1685 581 1699 603 ‚
1720 567 1767 596 ac
1781 553 1965 595 omnibus
1981 553 2062 601 illis
2076 582 2091 604 ,
2118 566 2204 609 quae
2218 553 2258 594 in
2273 553 2390 595 dietis
2406 555 2461 596 li-

1427 611 1523 655 teris
1548 610 1729 654 concessa
1746 609 1836 655 sunt
1851 623 1943 653 'non
1966 612 2151 660 obstare,
2172 611 2460 669 ceterisque-2

1421 669 1634 713 contrariis
1647 670 1963 726 quibuscumque
1976 699 1987 711 .
2022 673 2174 714 Datum
2191 671 2335 714 Roma:
2350 671 2459 726 apud

1418 731 1600 773 sanctam
1624 729 1797 771 Mariam
1820 728 2022 784 Maiorem
2040 729 2109 770 sub
2126 730 2292 774 Annulo
2321 729 2460 773 Pisca—

1417 788 1518 832 toris
1532 785 1599 828 die
1633 799 1756 831 xxiv.
1780 786 1878 844 Julii
1916 801 2146 843 Mncltxlx-
2177 787 2451 840 Pontificatus

1418 845 1557 892 Nostri
1570 846 1693 888 ‘Anno
1706 847 1850 889 sexto.
2199 844 2213 875 '-
2283 870 2286 876 -
2347 871 2351 877 ι
2422 839 2428 868 ²

1954 965 2014 1006 Μ.
2029 964 2081 1005 Α.
2098 963 2306 1028 Mat-aldus
2326 997 2338 1008 .

1423 1198 1713 1250 Sereniffimo
1745 1200 1869 1249 Duci
1916 1196 2187 1256 Francisco,
2221 1195 2452 1268 Alphon'fi

1409 1299 1414 1302 ,
1494 1271 1614 1320 Filio
1641 1306 1658 1328 ,
1705 1271 1833 1337 pium
1886 1272 2031 1335 Patri-s
2075 1265 2456 1336 propofitumjei

1493 1339 1776 1391 Vulneribus
1791 1338 2014 1391 Crucifixi
2033 1375 2050 1398 ,
2072 1339 2122 1390 δε
2149 1341 2301 1390 Sansti
2316 1346 2459 1391 'Fran‘-

1491 1410 1599 1531 :tlisci
1616 1409 1921 1481 stigmatibus
1937 1412 2135 1480 petitum
2161 1408 2243 1460 effe
2266 1408 2458 1482 respon*-

1524 1496 1597 1532 et.

1421 1612 1614 1669 Atergo.
1648 1611 1804 1655 DileHo
1821 1612 1952 1663 Ffio,
1983 1608 2120 1653 Nobili
2144 1593 2229 1653 Viro
2246 1638 2260 1662 ‚
2280 1584 2456 1656 Franrisi

1620 1671 1692 1730 sto
1708 1669 1860 1728 Estensi
1867 1698 1881 1721 ‚
1907 1669 2014 1711 Duci
2031 1673 2202 1712 Mutina·
2217 1698 2230 1709 .

1420 1751 1850 1843 URBANUS
1925 1791 2036 1838 ΡΑ
2067 1791 2177 1839 PA
2250 1778 2447 1838 VI1'1.

1479 1906 1634 1950 Dileft'e
1651 1908 1755 1955 Fili,
1785 1903 1937 1949 Nobilis
1975 1909 2070 1958 Vir,
2101 1909 2307 1959 Salutem,
2341 1905 2394 1956 ἔγ

1621 1965 1878 2022 Apostolicam
1892 1962 2201 2008 Benedinionem
2211 1996 2224 2008 .

1492 2087 1604 2128 Uave
1620 2082 1851 2140 Religionis
1864 2086 2004 2139 jugum
2018 2109 2033 2131 a
2059 2082 2155 2126 dum
2170 2083 2269 2127 aviti
2289 2082 2447 2125 Princi-

1411 2173 1413 2178 ι
1518 2141 1630 2198 patuis
1647 2142 1826 2196 Sceptris
1839 2171 1854 2193 ‚
1869 2143 2078 2185 instructus
2089 2143 2230 2184 divino
2249 2141 2445 2188 Numine,

1414 2216 1549 2257 nuper
1576 2200 1767 2244 antetulit
1784 2204 1931 2244 Parens
1955 2201 2192 2245 Nobilitatis
2222 2202 2318 2242 Tuae
2331 2229 2346 2251 ‚
2379 2198 2448 2242 vi-

1415 2262 1537 2304 detur
1560 2261 1612 2300 ab
1639 2257 1720 2310 ipso
1748 2259 2057 2301 Dominantium
2074 2261 2253 2303 Domino
2267 2286 2282 2308 a
2313 2261 2353 2300 &
2383 2258 2448 2299 vi-

1415 2320 1630 2362 storiarum
1646 2316 1801 2360 arbitro
1817 2326 1982 2360 vocatus
1997 2315 2076 2361 eise
2089 2317 2139 2360 ad
2157 2319 2408 2373 triumphum
2425 2343 2443 2367 2

1415 2377 1595 2422 humanis
1623 2376 1808 2419 omnibus
1833 2377 2021 2431 trophaeis
2046 2377 2246 2432 potiorem
2261 2404 2273 2416 .
2308 2375 2442 2419 Certe

1415 2443 1502 2482 Nos
1518 2466 1533 2488 ,
1559 2437 1654 2478 dum
1673 2435 1946 2490 Apostolicam
1962 2435 2296 2479 Benedictionem
2318 2435 2441 2477 detu-

1416 2498 1532 2540 limus
1559 2492 1774 2538 Mutinensi
1806 2494 1908 2536 Duci
1926 2522 1940 2544 ‚
1971 2496 2020 2537 ab
2050 2495 2155 2536 Aula
2179 2494 2217 2535 in
2252 2493 2453 2535 Cellanu

1406 2554 1647 2604 secedenti,
1669 2551 1935 2595 credebamus
1952 2582 1965 2604 ,
1980 2552 2186 2595 confilium
2203 2554 2279 2594 hoc
2296 2551 2319 2593 ὲ
2342 2550 2449 2594 Vu1÷

1413 2614 1575 2657 neribus
1592 2609 1786 2655 Crucifixi
1803 2639 1815 2661 ,
1849 2613 1886 2652 &
1902 2615 1942 2654 S.
1959 2611 2156 2654 Francisci
2175 2610 2443 2666 stigmatibus

1412 2673 1585 2728 petitum
1601 2701 1616 2721 ,
1637 2683 1717 2712 non
1738 2667 1842 2724 posse
1859 2669 1938 2713 fine
1952 2669 2088 2726 plausu
2104 2669 2358 2724 Angelorum
2371 2696 2384 2718 ‚
2402 2669 2444 2708 ἃ.

1413 2731 1620 2774 hominum
1635 2728 1903 2771 admiratione
1916 2754 1931 2776 a
1955 2727 2005 2771 ad
2021 2739 2103 2771 tam
2117 2727 2335 2782 gloriosum
2352 2727 2440 2769 exi-

1415 2800 1500 2832 tum
1517 2788 1666 2831 deduci
1687 2816 1700 2830 .

1470 2848 1664 2904 Plerique
1713 2845 1949 2888 Mortalium
1991 2846 2271 2892 Dominationi
2317 2845 2444 2886 vitam

1413 2906 1814 2963 posthabentes,quos
1830 2919 1907 2947 non
1926 2902 2093 2947 subeunt
2109 2905 2288 2948 labores?
2302 2903 2447 2959 quibus

1415 2966 1609 3022 periculis
1624 2975 1745 3019 caput
1761 2978 1839 3005 non
1857 2962 2054 3018 objiciunt
2067 2991 2082 3011 a
2101 2974 2145 3006 ut
2161 2963 2316 3006 Solium
2343 2976 2444 3004 con-

1414 3024 1605 3068 scendant
1620 3023 1812 3080 potentiae
1830 3024 2089 3076 Regnatricis
2106 3025 2119 3064 ?
2153 3024 2262 3065 Proh
2292 3031 2446 3076 quanta

1418 3083 1641 3127 furentium
1657 3082 1930 3134 cupiditatum
1945 3109 1959 3132 ,
1993 3097 2037 3125 ac
2053 3085 2301 3124 Doemonum
2317 3080 2447 3134 agmi-

1416 3157 1466 3186 na
1481 3142 1666 3192 devicit,
1681 3141 1799 3198 quam
1819 3139 1999 3196 perfecte
2015 3141 2068 3184 de
2081 3139 2208 3191 seipso
2224 3138 2449 3191 triumpha-

1417 3202 1477 3244 v‘it
1493 3230 1508 3251 ,
1537 3202 1603 3257 qui
1618 3201 1779 3256 pollens
1795 3199 1937 3254 opibus
1955 3229 1969 3251 ‚
1995 3199 2233 3255 imperitans
2243 3197 2413 3240 Civibus
2428 3226 2444 3246 ‚

1416 3261 1562 3303 florens
1574 3269 1692 3302 aetate
1707 3287 1720 3309 ,
1751 3259 1791 3299 in
1808 3261 1968 3301 Sacram
1985 3259 2202 3314 Capucinae
2216 3260 2446 3311 Pauperta-

1416 3319 1468 3361 tis
1483 3320 1721 3362 servitutem
1744 3316 1902 3361 addixit
1920 3318 2042 3360 vitam
2057 3346 2071 3369 ‚
2103 3315 2350 3372 populorum
2372 3314 2448 3354 ob-

1412 3376 1588 3434 sequiis,
1612 3392 1657 3420 ac
1686 3377 1851 3422 tributis
1883 3377 2035 3419 cultam
2052 3403 2066 3427 ,
2097 3385 2143 3416 ut
2161 3371 2447 3415 mortificatio-

1411 3437 1605 3492 nemJesu
1618 3436 1767 3479 Christi
1783 3435 1823 3478 in
1839 3436 2001 3491 proprio
2015 3446 2191 3488 corpore
2203 3433 2446 3474 circumfer-

1413 3497 1500 3538 ret!
1521 3495 1680 3538 Poterit
1694 3494 1764 3536 ille
1779 3493 2011 3543 subditis,ad
2028 3494 2109 3534 tam
2125 3491 2281 3534 illustre
2296 3488 2449 3532 facinus

1406 3553 1778 3610 obstupescentibus
1793 3566 1870 3595 non
1885 3552 2014 3593 minus
2027 3552 2213 3593 oratione
2234 3547 2419 3605 prodesse
2433 3576 2448 3599 ,

1409 3613 1529 3666 quim
1544 3611 1907 3668 nuperprofecerit
1924 3610 2162 3652 aucloritate
2174 3640 2184 3649 .
2220 3613 2327 3653 Dum
2343 3610 2445 3652 vero

1411 3671 1771 3721 Te,foecunditntis
1788 3673 1874 3713 Suae
1891 3668 2071 3721 Prolem,
2085 3671 2125 3710 &
2144 3668 2313 3711 Estenfis
2331 3668 2447 3711 Prin-

1405 3729 1559 3785 cipatfis
1587 3729 1862 3773 Haeredemiis
1877 3727 2054 3784 praefecit
2070 3757 2083 3776 .
2122 3728 2286 3772 videtur
2301 3725 2459 3769 consu*

1405 3787 1518 3833 luiffe
1544 3787 1767 3832 beneficam
1800 3788 1911 3832 illam
1939 3789 2183 3831 charitatem
2201 3818 2214 3842 ,
2243 3800 2326 3844 quae
2358 3799 2447 3886 3οη

2256 3857 2351 3903 pote
