2762 4030
1167 222 1633 318 Romana.

2291 280 2390 362 33

331 334 450 374 Rome
463 336 559 385 apud
569 334 732 375 sanum
741 331 889 372 Petrum
891 331 961 381 sub
972 334 1101 373 annulo
1115 335 1304 389 piscatoris
1319 368 1334 390 ,
1348 345 1406 384 die
1418 345 1542 393 XXV,
1555 346 1747 388 februaria·
1761 346 1955 392 mcx
1951 353 1992 390 X
1990 354 2052 394 VI.
2079 360 2309 411 Pontificum
2333 366 2396 407 Νο
2423 371 2458 408 η·

336 385 460 426 ‘Anno
480 387 588 424 tertio
601 407 612 420 .

467 515 783 566 Brevefortnaeum
795 516 836 552 n‘n
848 515 1023 554 ‹Archi‘vo
1039 515 1248 559 Provinctae
1261 548 1272 559 .

1168 651 1285 667 ῃ

314 740 556 788 Summam
599 739 895 806 pecuniarum
923 757 979 789 ex
1002 739 1206 790 vendito
1228 746 1356 793 Con-

391 821 540 857 ventu
553 811 734 859 Montis
753 808 1131 877 Calvariijanuae
1149 815 1241 862 FF.
1257 816 1354 864 Mi-

380 894 551 929 norum
566 879 1353 936 ConventuatiumReformatorum

381 950 590 1001 exaRam
608 986 625 1009 ,
655 953 702 1001 in
716 952 1046 1003 extinfiionem
1068 958 1315 1006 Canonum
1334 993 1351 1016 ‚

381 1018 432 1071 ἃ
448 1020 695 1072 Fabricam'
711 1022 982 1075 Conventus
1009 1023 1065 1074 de
1088 1026 1219 1080 U'rbe
1244 1044 1351 1077 con-

383 1093 505 1141 verti
521 1092 730 1144 ordinat.

306 1222 425 1266 Foris
440 1237 454 1266 ε
484 1222 642 1266 Diti-elo
642 1222 734 1279 filio
748 1223 895 1268 Fratri
923 1225 1050 1269 Felici
1060 1227 1341 1286 Francistbino

420 1283 449 1326 ἃ
463 1286 498 1326 C
498 1282 599 1339 asi-ia
615 1283 774 1326 Ordinis
799 1285 1002 1328 Fratrum
1013 1288 1231 1329 Minorum*

447 1342 699 1400 &Promisti
712 1345 1038 1392 ConventuaIIum
1050 1358 1199 1388 nuncu·

507 1410 703 1458 patarum
716 1402 907 1460 Ministro
924 1406 1112 1448 Generali
1125 1434 1148 1448 ..

300 1518 845 1576 URBANUS
916 1525 1042 1573 1³1².
1115 1528 1336 1581 V111.
1401 1534 1427 1577 q

386 1639 545 1684 Dileffe
572 1640 658 1684 Fili
674 1641 852 1686 Salutem
866 1669 881 1693 ,
909 1641 963 1691 ἀι
977 1642 1244 1701 Apostolieam

647 1699 983 1756 genedib‘t‘tonem‘.

422 1817 519 1862 Lias·
533 1816 602 1861 sel.
624 1832 711 1862 rec.
725 1819 840 1864 sixto
861 1820 984 1875 Papae
995 1822 1046 1863 V.
1064 1820 1334 1866 Praedeceffo-

450 1871 495 1918 ri
509 1877 644 1920 nostro
668 1892 743 1935 pro
755 1889 874 1936 parte
886 1879 1132 1924 dilec'torum
1152 1880 1333 1925 filiorum

292 1936 484 1977 Fratrum
530 1937 736 1981 Minorum
785 1941 1133 1985 Conventualium
1180 1942 1331 1986 Refor-

291 2003 497 2038 matorum
510 1997 550 2038 S.
566 1997 772 2041 Francisci
788 1997 972 2055 expolito
987 2030 1005 2050 ,
1031 1998 1327 2057 quodipsistri-

290 2053 465 2095 &iorem
489 2056 614 2098 vitam
629 2070 781 2112 agere,
804 2059 844 2100 &
869 2054 909 2100 se
935 2059 1164 2103 reformare
1197 2075 1325 2118 caepe-

288 2122 383 2156 rant
397 2142 413 2163 ‚
442 2113 680 2171 aliquosque
694 2121 936 2161 Conventus
959 2121 1257 2176 acquilierant,
1277 2136 1323 2165 ac

286 2171 330 2213 in
347 2172 396 2213 iis
410 2170 478 2214 sub
494 2174 732 2219 obedientia
755 2177 1005 2220 protectoris
1021 2207 1035 2231 ,
1069 2182 1107 2222 &
1130 2182 1324 2236 Superio-

281 2237 381 2272 ‘rum
404 2232 572 2275 Ordinis
600 2234 826 2292 hujusmodi
846 2235 1070 2280 vivebant:
1094 2238 1211 2281 Idem
1230 2241 1324 2282 Six-

286 2300 354 2332 tus
380 2291 681 2345 Praedeceffor,
709 2307 762 2338 ne
793 2296 894 2351 iplb's
918 2297 1088 2354 Fratres
1105 2295 1325 2340 Reforma-

283 2358 350 2390 tos
364 2376 378 2398 ‚
403 2362 630 2405 eorumque
646 2355 1026 2408 congregationem
1041 2353 1159 2411 super
1175 2354 1327 2399 Refor-

282 2408 466 2448 matione
506 2409 734 2464 hujusmodi
771 2411 989 2468 inquietari
1029 2414 1294 2468 contingeret
1309 2445 1324 2467 ,

281 2465 651 2520 supplicationibus
679 2471 920 2512 eorumdem
947 2473 1138 2513 Fratrum
1167 2467 1322 2515 Refbr..

278 2536 486 2565 matorum
501 2527 667 2570 nomine
681 2557 694 2579 ,
709 2528 780 2569 fibi
807 2528 1019 2572 humiliter
1037 2531 1235 2585 porrectis
1256 2533 1321 2574 in-

281 2582 493 2635 clinatus,
528 2584 878 2630 Reformationem
909 2589 1139 2645 praediestam
1165 2590 1319 2648 ubique

278 2640 469 2684 locorum
486 2654 668 2699 coeptam
683 2675 698 2698 ,
711 2646 749 2687 &
764 2646 1063 2699 introductam,
1090 2664 1136 2691 ac
1152 2661 1315 2692 extunc

276 2701 320 2743 in
335 2701 422 2744 dies
434 2702 779 2748 introducendam
793 2735 808 2756 ,
835 2709 958 2762 &pro
970 2722 1044 2757 ea,
1058 2704 1242 2764 illiusque
1255 2708 1318 2751 fe-

276 2759 586 2803 licidireftione
601 2760 731 2814 facia,
763 2764 907 2808 statuta
923 2796 939 2816 ,
966 2766 1314 2818 &ordinationem

278 2832 372 2861 cum
402 2819 498 2861 inde
531 2818 678 2864 secutis
705 2824 1053 2881 quibuscumque,
1082 2825 1316 2879 Apostolica

277 2879 525 2920 auctoritate
538 2904 552 2925 a
568 2883 773 2937 perpetuo
803 2884 1048 2939 approbavit
1062 2911 1077 2934 ‚
1115 2885 1153 2924 St
1168 2883 1315 2927 confir·

276 2935 429 2978 mavit.
462 2938 684 2981 Novissime
714 2941 813 2982 vero
837 2955 910 2996 per
926 2946 1015 2985 Nos
1041 2955 1316 2998 accepto,rex

273 2996 613 3050 Congregatione
642 3001 833 3040 Fratrum
849 2998 1199 3044 Conventualium
1225 3004 1314 3043 Re-

274 3052 550 3096 formatorum
580 3055 839 3107 hujusmodi,
867 3074 944 3102 non
975 3073 1044 3101 eos
1070 3059 1106 3101 in
1135 3059 1313 3104 Ecclesia

274 3115 359 3155 Dei
375 3113 605 3169 spirituales
624 3113 774 3158 fructus
788 3147 804 3166 ,
822 3118 889 3171 qui
907 3117 1173 3174 sperabantur
1189 3146 1203 3170 ,
1216 3131 1312 3174 pro·

272 3170 417 3224 diisse,
447 3171 516 3215 sed
532 3175 788 3227 quamplures
817 3175 1065 3220 differentias
1091 3178 1199 3219 inter
1223 3178 1312 3218 eos·-

270 3230 368 3273 dem
385 3233 548 3273 Fratres
566 3232 832 3277 Reformatos
844 3263 857 3285 ‚
876 3249 922 3277 ac
939 3237 1102 3278 Fratres
1116 3239 1311 3279 Conven-

267 3291 423 3342 tuales,
437 3304 513 3332 non
532 3289 796 3336 Reformatos
809 3323 823 3345 ‚
838 3304 952 3336 ortas
968 3292 1046 3336 effe
1066 3321 1082 3344 ‚
1105 3295 1145 3336 δι
1161 3295 1311 3337 acriter

267 3350 434 3404 vigere:
469 3353 559 3391 Nos
582 3352 781 3405 praemissis
806 3353 974 3395 obviare
994 3381 1008 3403 ,
1046 3366 1093 3394 ac
1112 3352 1210 3397 alias
1233 3352 1311 3394 de·

267 3405 390 3463 super
416 3409 644 3465 opportune
673 3410 894 3467 providere
926 3411 1115 3453 volentes
1134 3441 1148 3463 ,
1190 3415 1307 3454 Motu

266 3468 436 3523 proprio
452 3496 466 3518 ,
495 3471 532 3509 &
549 3483 598 3512 ex
616 3481 729 3513 certa
748 3470 912 3512 scientia
928 3497 943 3519 ‚
979 3484 1023 3512 ac
1042 3469 1308 3513 deliberatio·

266 3539 322 3567 ne
350 3527 519 3579 nostris,
561 3527 694 3584 deque
717 3528 954 3584 Apostolicae
985 3526 1193 3584 potestatis
1217 3528 1307 3586 ple-

266 3585 482 3634 nitudine,
504 3601 553 3628 ex
575 3587 805 3643 praemiffis,
824 3587 987 3642 aliisque
1009 3585 1148 3641 justis,
1175 3589 1213 3629 &
1241 3601 1304 3630 ra-

267 3641 528 3687 tionabilibus
549 3646 674 3689 causis
689 3678 702 3699 ,
717 3648 893 3690 animum
910 3646 1081 3687 nostrum
1100 3648 1303 3689 moventi-

270 3699 342 3741 bus
362 3729 376 3751 s
413 3705 792 3761 Congregationem
819 3709 1005 3748 Fratrum
1032 3708 1299 3748 conventua-

265 3757 367 3799 lium
398 3759 650 3817 huiusmodi,
683 3781 729 3808 ac
743 3768 875 3808 omnia
896 3778 1156 3821 quaecumque
1187 3764 1295 3806 illius

264 3815 395 3860 Officia
410 3846 423 3867 a
444 3820 484 3859 &
499 3823 721 3868 ministeria
739 3855 753 3879 ,
779 3839 940 3868 necnon
958 3827 1110 3868 Domos
1126 3853 1141 3877 2
1169 3826 1208 3868 &
1235 3823 1291 3867 10·

384 3879 488 3920 Tam.
504 3883 560 3924 11.

2038 480 2082 519 V·
2100 484 2258 530 Thema.

2107 667 2451 691 ———·——-—

1416 759 1463 789 ea
1479 748 1683 802 regularia
1700 766 1975 808 qua-cunque,
1996 755 2034 795 &
2059 756 2099 797 in
2117 757 2320 811 quibusvis
2348 765 2450 806 Pro-

1416 806 1556 849 vinciis
1571 808 1782 852 existentia
1799 841 1812 862 ,
1840 814 1881 855 δε
1894 813 1944 854 ad
1961 827 2030 855 eos
2050 814 2265 869 spec‘tantia
2279 846 2292 869 ,
2315 833 2361 862 ac
2373 821 2448 864 sta-

1415 875 1505 908 tuta
1518 893 1532 917 ,
1552 866 1866 913 consuetudines
1881 903 1897 924 ,
1920 873 1960 913 <St
1975 872 2169 925 decreta,
2197 888 2356 920 necnon
2367 882 2449 935 pri-¹

1415 924 1593 980 vilegia.
1613 927 1854 982 &indulta,
1886 928 2201 986 tamispecialia,
2228 935 2347 990 quam
2375 953 2449 993 ge-

1412 984 2079 1046 neralia·perpetuo-{uppreffimus
2092 1022 2107 1042 ,
2117 994 2365 1038 extinximus
2379 1025 2393 1048 ,
2406 1000 2447 1040 &

1410 1044 1696 1087 revocavimus
1722 1074 1737 1097 ,
1774 1061 1819 1088 ac
1849 1049 1900 1091 ab
1919 1048 2072 1091 eisdem
2102 1053 2314 1095 Fratribus
2340 1059 2449 1099 Con·

1411 1102 1667 1146 ventualibus
1689 1103 1943 1150 Reformatis
1970 1111 2153 1162 Domos,
2171 1114 2418 1156 Conventus
2431 1145 2447 1168 ,

1408 1163 1446 1203 &
1478 1163 1597 1214 loca,
1628 1177 1675 1205 ac
1700 1164 1806 1208 bona
1830 1167 2080 1221 immobilia,
2109 1170 2279 1213 mobilia
2297 1200 2311 1223 ,
2345 1174 2386 1214 δε
2406 1172 2447 1217 se

1400 1222 1605 1266 moventia
1619 1251 1634 1273 ,
1653 1222 1806 1277 ubique
1822 1227 2004 1283 gentium
2016 1228 2263 1283 constituta,
2291 1229 2444 1275 i‘acram

1405 1295 1569 1338 quoque
1603 1283 1643 1323 δι
1667 1297 1926 1328 communem
1968 1288 2263 1343 supellectilem
2292 1317 2315 1340 ,⁴
2342 1290 2449 1347 ipso-

1405 1353 1575 1396 rumque
1585 1343 1767 1385 omnium
1783 1345 1892 1387 usum
1909 1376 1925 1397 ‚
1940 1347 1983 1390 δε
1997 1344 2316 1391 αΓιιωῗτυξὶυιιηι
2332 1378 2346 1401 ,
2375 1351 2450 1394 ad-

1404 1400 1740 1445 ministrationem
1755 1432 1769 1455 ,
1796 1419 1842 1447 ac
1858 1403 2132 1460 poffessionem
2158 1406 2413 1463 spiritualem
2430 1441 2445 1464 ,

1402 1461 1442 1502 &
1463 1461 1734 1516 temporalem
1749 1493 1765 1514 ,
1790 1477 1948 1506 necnon
1962 1463 2024 1522 jus
2041 1494 2055 1515 ,
2078 1467 2117 1507 &
2134 1468 2364 1518 astionem,
2379 1471 2439 1513 eis

1431 1520 1714 1564 uomodolibet
1732 1525 2009 1578 competentia
2025 1524 2284 1577 abstulimus,
2308 1529 2350 1568 &
2369 1531 2442 1573 ab-

1396 1579 1480 1622 lata
1514 1577 1594 1621 effe
1621 1579 1776 1623 censeri
1808 1582 1996 1624 volumus
2017 1611 2030 1633 ‚
2063 1597 2230 1627 necnon
2253 1589 2438 1642 Domos,

1399 1642 1674 1690 Conventus,
1701 1639 2154 1696 loca‚supellectilem,
2180 1644 2310 1696 bona,
2342 1661 2405 1691 res
2422 1677 2438 1701 ,

1396 1699 1574 1742 actiones
1589 1727 1605 1750 ,
1628 1697 1768 1755 &jura
1783 1700 1969 1756 praedista
1985 1730 1999 1752 ,
2013 1715 2235 1758 eorumque
2249 1707 2441 1761 proprie-

1397 1768 1527 1800 tatem
1552 1756 1717 1801 Ordinis
1736 1762 1930 1802 Fratrum
1955 1762 2160 1805 Minorum
2177 1768 2218 1805 S.
2237 1765 2437 1809 francisci

1397 1817 1748 1861 Conventualium
1777 1830 2104 1877 nuncupatorum
2129 1824 2251 1865 certis
2283 1826 2435 1876 modo,

1393 1878 1434 1919 δι
1447 1876 1593 1928 forma,
1610 1886 1709 1920 tunc
1723 1879 1935 1936 expreffis,
1947 1880 2237 1936 conceffimus,
2252 1894 2378 1939 prout
2390 1885 2434 1927 in

1393 1936 1489 1979 dieti
1519 1936 1624 1981 Sixti
1642 1937 1949 1983 Praedecefforis
1984 1939 2054 1984 sub
2070 1940 2238 1997 piumbo
2254 1972 2267 1994 ,
2295 1957 2343 1985 ae
2359 1958 2434 1987 no-

1379 1996 1478 2039 'stris
1494 2025 1508 2047 ,
1536 1996 1575 2038 in
1593 1996 1708 2039 fimili
1728 1995 1859 2042 forma
1885 2001 2028 2043 Brevis
2047 2002 2251 2056 expeditis
2265 2002 2398 2046 literis
2415 2031 2429 2054 ‚

1388 2069 1562 2114 quarum
1579 2066 1745 2101 tenores
1763 2073 1840 2116 pro
1856 2061 2044 2116 expreffis
2062 2061 2201 2104 haberi
2214 2061 2399 2105 volumus
2412 2091 2427 2113 ,

1385 2115 1547 2174 plenius
1561 2115 1827 2161 continetur.
1850 2122 1956 2162 Cum
1973 2127 2111 2162 autem
2129 2146 2143 2168 ,
2171 2121 2270 2162 sicut
2293 2123 2426 2164 Nobis

1386 2190 1518 2232 nuper
1544 2176 1691 2230 exponi
1723 2177 1850 2220 fecisti
1867 2206 1882 2231 ‚
1905 2177 2076 2221 dilectus
2103 2178 2229 2221 Filius
2260 2179 2425 2222 Nobilis

1387 2236 1462 2278 Vir
1477 2233 1655 2277 Carolus
1680 2236 1729 2277 ab
1744 2237 1872 2279 Auria
1883 2237 1953 2280 del
1979 2240 2155 2280 Caretto
2168 2267 2182 2290 ‚
2199 2241 2294 2280 Dux
2312 2239 2427 2282 Turli

1386 2308 1462 2351 pro
1492 2291 1563 2337 usu
1590 2324 1605 2344 ‚
1651 2294 1691 2334 δι
1716 2293 1887 2338 servitio
1913 2295 2159 2339 Monialium
2185 2297 2424 2341 Monasterii

1387 2349 1562 2408 Spiritus
1578 2352 1709 2394 Sancti
1725 2382 1740 2404 ,
1772 2352 1841 2396 seu
1859 2355 2032 2397 aliorum
2050 2355 2211 2410 piorum
2226 2357 2422 2411 locorum,

1384 2420 1455 2453 aut
1485 2410 1655 2454 alterius
1681 2412 1736 2465 pii
1767 2414 1900 2467 operis
1930 2414 2177 2457 in-Civitate
2203 2417 2386 2471 Januenli
2404 2446 2419 2469 ,

1382 2478 1506 2524 prout
1522 2469 1591 2509 fibi
1610 2468 1755 2512 melius
1774 2472 1897 2514 visum
1912 2470 2063 2523 fuerit,
2090 2476 2276 2517 Domum:
2296 2490 2416 2532 regu-

1384 2527 1539 2579 larem,
1558 2543 1606 2571 ac
1633 2528 1749 2571 situm
1775 2531 1933 2574 Montis
1951 2531 2133 2575 Calvarii
2163 2533 2216 2575 de
2241 2536 2417 2578 Garbari

1379 2591 1852 2645 nuncupatumflanuen.
1868 2593 2054 2633 Fratrum
2072 2594 2162 2633 Con
2171 2593 2416 2650 ventualium

1380 2643 1724 2689 Reformatorum
1739 2647 1995 2703 hujusmodi,
2023 2650 2166 2703 pretio·
2183 2650 2414 2703 quindecim

1378 2705 1556 2746 millium
1592 2703 1796 2746 scutorum
1836 2717 2014 2748 monetae*
2040 2719 2179 2748 emere
2201 2735 2215 2756 ,
2253 2722 2410 2751 necnon

1379 2763 1493 2803 usum
1509 2762 1700 2803 Ecclefiae
1717 2762 1767 2804 ad
1782 2761 1965 2806 effectum
1978 2763 2211 2819 praedic‘tum
2226 2767 2411 2821 acquire-

1377 2834 1426 2863 re
1439 2818 1628 2862 intendat
1647 2834 1661 2862 ε
1679 2822 1890 2876 ςυρίείῖῃιε
1910 2832 2129 2878 propterea
2146 2823 2239 2865 Tibi
2265 2825 2317 2867 de
2333 2840 2408 2881 op-

1377 2888 1558 2935 portuna
1574 2878 1625 2921 ad
1642 2881 1718 2920 h-oc
1736 2880 1902 2922 licentia
1920 2881 2131 2937 provideri
2148 2911 2158 2922 .
2187 2885 2274 2924 Nos
2290 2913 2302 2934 ‚
2322 2895 2406 2926 tam

1378 2939 1528 2980 Domui
1559 2937 1869 2981 ss.du0decim=
1890 2940 2183 2996 Apostolorum
2209 2940 2262 2982 de
2293 2944 2406 2986 Urbe

1378 2999 1567 3039 Fratrum
1595 2997 1803 3039 Minorum
1824 2999 2173 3042 Conventualium
2194 2999 2402 3055 praedisto-

1375 3069 1470 3098 rum‘
1489 3083 1502 3105 ‚
1547 3055 1665 3111 quam
1691 3057 1867 3099 Fabricae
1887 3071 2004 3101 novae
2032 3055 2187 3099 Domus
2214 3060 2401 3102 Fratrum

1375 3116 1584 3157 Minorum
1612 3113 1910 3169 hujusmodis.
1932 3115 2133 3158 Francisci
2164 3118 2398 3173 Capucino-

1373 3187 1461 3215 rum
1491 3182 1814 3228 nuncupatorum
1835 3173 1889 3217 de
1908 3174 2050 3217 eadem
2074 3175 2185 3218 Urbe
2198 3175 2250 3218 de
2262 3176 2395 3231 aliquo

1372 3232 1647 3275 subventionis
1673 3231 1823 3274 auxilio
1847 3233 2091 3287 providere,
2119 3247 2165 3275 ac
2182 3234 2397 3287 specialem

1374 3292 1467 3334 Tibi
1483 3292 1654 3346 gratiam
1671 3289 1807 3333 sacere
1821 3292 2028 3343 volentes,
2046 3293 2183 3347 Teque
2200 3291 2221 3332 :i
2235 3292 2397 3347 quibus-

1374 3350 1432 3393 vis
1457 3349 1920 3400 excommunicationis,
1946 3350 2204 3405 suspensionis
2220 3378 2235 3399 ,
2256 3353 2296 3392 δι
2331 3351 2395 3394 in·

1371 3409 1530 3453 terdieti
1558 3438 1571 3460 ,
1610 3406 1775 3464 aliisque
1819 3408 2102 3451 Ecclefiassicis
2154 3409 2363 3453 sententiis
2377 3440 2392 3464 ,

1369 3466 1548 3511 censuris
1566 3496 1579 3517 ,
1608 3468 1647 3507 δε
1673 3468 1803 3522 poenis
1829 3467 1851 3510 εἲ
1868 3468 1953 3523 jure
1977 3497 1995 3519 ‚
2028 3466 2091 3508 vel
2118 3467 2168 3507 ab
2195 3469 2359 3511 homine
2376 3498 2391 3520 ‚

1368 3529 1504 3582 quavis
1536 3527 1773 3577 occasione,
1803 3526 1867 3568 vel
1898 3527 2009 3569 causti
2038 3524 2163 3577 latis,
2191 3523 2216 3568 fi
2246 3527 2390 3583 quibus

1365 3585 1673 3641 quomodolibet
1698 3584 1914 3627 innodatus
1939 3583 2099 3634 existis,
2125 3582 2177 3626 ad
2199 3585 2389 3630 effectum

1363 3644 1616 3699 pra-sentium
1654 3646 1850 3687 duntaxat
1868 3641 2195 3699 consequendum
2209 3672 2223 3695 ,
2245 3646 2386 3688 harum

1358 3704 1461 3746 letie
1474 3702 1748 3753 absolventes,
1761 3703 1800 3742 &
1813 3701 2038 3744 absolutum
2059 3698 2147 3744 sore
2161 3701 2385 3757 cebsentes,

1359 3761 1719 3818 supplicationibus
1736 3773 1807 3802 tuo
1829 3761 1993 3804 nomine
2019 3762 2149 3804 Nobis
2173 3760 2288 3819 super
2305 3766 2379 3804 hoc

1356 3820 1569 3865 humiliter
1598 3821 1793 3878 porrectis
1823 3819 2034 3921 igclinati,
2070 3819 2195 3879 fl‘ibi',
2225 3832 2270 3863 ut
2297 3825 2380 3864 Do-

2218 3892 2329 3921 mum
