2762 4088
395 277 554 338 xx.
794 240 2150 343 PROSEC‘UTIO>

327 387 486 432 vum
533 385 649 453 pro
693 377 983 454 tempore
1026 361 1264 436 sutum,
1309 361 1370 425 8(
1409 362 1552 426 loco
1581 364 1852 452 exempli
1873 363 2124 429 adducit
2160 365 2484 433 conceffio-

327 480 477 522 nem
511 455 837 544 Religioso
879 473 1022 520 ante
1066 450 1599 520 Constitutionem
1660 457 1948 545 Gregorii
1971 460 2100 522 XV.
2145 455 2277 522 solo
2322 461 2481 526 vivae

320 551 524 616 Vocis
566 551 842 615 Oraculo
890 547 1152 625 factam,
1197 551 1374 640 quod
1418 546 1491 613 fit
1514 545 1847 635 Magister,
1895 548 2219 640 firmatque
2262 551 2480 620 suam,

309 642 718 711 assertionern
754 644 1030 708 Decreto
1075 645 1128 706 S.
1151 644 1470 735 Congreg.
1500 641 1700 731 Episc.
1732 690 1750 716 ,
1798 642 1857 707 St
1900 644 2180 734 Regular.
2219 643 2327 711 sub
2372 647 2476 712 die

333 759 363 803 ,ι
386 738 689 827 1.Aprilis
722 746 905 818 1625.
946 753 1239 802 emanato
1273 761 1289 800 ε
1351 734 1609 801 instante
1658 735 1830 798 enim
1878 739 1943 800 Ρ.
1963 738 2314 804 Dominico
2352 741 2475 805 de)

325 832 579 899 Molina
622 829 777 900 Ord.
809 832 993 898 Praed.
1022 879 1038 906 ,
1086 831 1146 895 8(
1189 834 1589 895 Procuratore
1637 830 1924 893 omniurn
1967 830 2476 920 Religiosorum„

319 923 670 990 Provinciae
716 925 961 988 Boeticae
1008 926 1041 988 a
1086 925 1138 987 S.
1158 925 1670 1011 Congregatione
1704 923 2040 1001 declarari,
2075 935 2164 990 'an
2194 925 2468 1010 stant&

322 1016 770 1106 Constitutione
811 1014 1105 1104 Gregorii
1127 1016 1260 1082 XV.
1307 1017 1695 1084 revocatoria
1735 1015 2151 1084 Oraculorum
2185 1021 2333 1108 vive
2362 1042 2466 1084 vo-

318 1113 412 1177 cis
433 1159 450 1186 ,
488 1114 713 1198 gratie
736 1158 753 1185 ‚
803 1107 880 1178 ὃ)
906 1109 1252 1197 privilegia
1299 1110 1447 1198 vive
1502 1111 1667 1178 Vocis
1703 1108 1980 1175 Oraculo
2009 1108 2203 1198 facia
2244 1113 2467 1199 Magi-

292 1205 458 1293 stris
495 1202 898 1271 Generalibus
931 1201 1056 1271 &a
1101 1201 1363 1294 conceffa
1411 1225 1618 1269 eorum
1644 1201 2027 1279 Ordinibus,
2074 1227 2193 1293 que
2216 1208 2462 1292 sortita

301 1298 572 1386 fuerunt
614 1291 887 1384 ffecJum
929 1313 1077 1362 ante
1138 1296 1592 1363 revocationem
1634 1329 1652 1371 3
1713 1297 1857 1362 licet
1909 1297 2139 1363 habedt
2186 1295 2460 1364 tracium

299 1387 683 1478 sttcceffi'vum
700 1435 716 1464 ,
758 1395 862 1459 vel
878 1389 1044 1454 alia's
1067 1390 1397 1476 respiciant
1406 1389 1831 1477 particulares
1853 1389 2195 1476 Personas,
2227 1407 2293 1460 ut
2305 1394 2460 1478 stant

319 1483 772 1571 Prgsentature
795 1531 811 1558 ,
858 1484 961 1549 vel
991 1481 1376 1570 Magisteria
1398 1532 1415 1559 ,
1461 1506 1584 1550 non
1624 1481 1892 1568 obstante
1934 1480 2221 1571 predicffa
2281 1507 2455 1552 revo-

316 1578 559 1644 catione
606 1591 906 1642 maneant
941 1580 1011 1644 in
1035 1577 1150 1662 suo
1199 1575 1408 1642 robore
1432 1622 1448 1649 ‚
1499 1574 1578 1646 &9⁹
1637 1575 1853 1641 valida
1900 1577 2267 1661 censeantur
2298 1624 2314 1652 ,
2361 1579 2459 1644 uti

318 1671 389 1735 in
434 1663 599 1734 ditia
645 1672 1037 1735 revocatoria
1060 1665 1498 1754 Constitutione
1533 1692 1657 1738 non
1696 1670 2126 1756 comprehensa
2148 1718 2167 1746 ,
2212 1671 2316 1736 vel
2343 1671 2458 1735 ali-

319 1784 453 1851 qua
495 1759 827 1847 indigeant
867 1761 1326 1831 revalidatione
1348 1810 1365 1838 ,
1406 1777 1544 1828 tam
1585 1765 1653 1828 in
1685 1765 2130 1849 temporalibus
2151 1812 2167 1839 ,
2218 1786 2455 1851 quam-³

297 1855 774 1942 spiritualibus?
821 1855 1059 1919 Eadem
1103 1857 1156 1919 S.
1177 1856 1608 1943 Congregatio
1650 1853 2019 1943 respondit:
2082 1853 2456 1943 Illzfiriffimo

315 1947 386 2013 de
425 1944 730 2014 Cremona
781 1947 1125 2034 referente,
1159 1945 1480 2035 prgdidas
1511 1951 1776 2036 gratias
1816 1997 1833 2023 ,
1880 1947 1959 2017 δέ)
1990 1952 2338 2036 privilegia
2382 1951 2453 2015 in

318 2036 486 2106 dicta
523 2043 917 2107 revocatoria
959 2039 1406 2128 Constitutione
1441 2063 1566 2107 non
1599 2040 2058 2127 comprehendi,
2105 2045 2449 2132 nullaque-³

316 2132 774 2199 revalidatione
820 2132 1103 2221 indigere
1138 2134 1523 2222 proindeque
1566 2134 1811 2200 validas
1848 2183 1866 2209 ,
1915 2135 1994 2204 ΕΒ
2041 2137 2259 2204 valida
2293 2137 2450 2222 fore-

324 2221 403 2294 &
447 2224 556 2318 effe
590 2274 607 2300 ,
655 2223 996 2315 eisdemque
1014 2228 1233 2313 secure
1255 2231 1352 2294 uti
1376 2227 1534 2318 poffe
1570 2229 1797 2314 censuit
1821 2225 1949 2297 &a
1993 2231 2091 2293 cit.
2112 2231 2208 2298 lib.
2224 2230 2447 2316 suppl„

320 2313 400 2387 δέ)
434 2315 672 2384 Decret.
693 2317 847 2384 Bull.
880 2319 1164 2386 PP.Ord.
1193 2318 1376 2409 Prgd.
1403 2337 1546 2386 tom.
1567 2329 1622 2384 6.
1663 2320 1781 2406 fol.
1815 2322 1974 2388 mihi
2000 2348 2102 2407 99.
2145 2324 2451 2408 Qamvis

316 2425 523 2475 autem
565 2409 694 2476 haec
740 2411 1075 2477 declaratio
1097 2412 1632 2479 Constitutionem
1656 2415 1943 2501 Gregorii
1965 2418 2097 2482 XV.
2145 2419 2442 2482 duntaxat

312 2501 557 2569 afficere
600 2503 918 2581 videatur,
962 2507 1209 2571 Lezana
1238 2522 1449 2572 tamen
1483 2506 1628 2569 loco
1673 2503 2041 2594 supracitato
2084 2532 2218 2574 eam
2258 2509 2447 2574 etiam

309 2595 575 2663 Urbanae
622 2599 923 2686 applicari
964 2593 1133 2687 pofle
1180 2614 1385 2675 tenet,
1421 2598 1626 2683 jun&a
1660 2614 1870 2663 tamen
1904 2599 2021 2664 hac
2039 2601 2444 2677 limitatione,

311 2691 646 2765 videlicet,
695 2692 871 2780 quod
905 2739 922 2766 ,
974 2689 1018 2754 fi
1053 2692 1272 2779 aliquis
1310 2690 1652 2780 Religiosus
1693 2688 2099 2782 acquifiviffet
2138 2697 2288 2785 vive
2320 2696 2447 2758 Vo-

313 2783 402 2847 cis
438 2784 709 2849 Oraculo
745 2783 1098 2849 facultatem
1138 2780 1502 2852 absolvendi
1537 2807 1972 2875 quemcunque
2021 2788 2055 2851 *a
2092 2787 2320 2854 ca-fibus
2357 2811 2445 2852 re-

309 2872 600 2950 servatis,
640 2878 954 2966 talemque
998 2874 1350 2943 facultatem
1402 2882 1687 2944 nondum
1728 2880 2062 2945 exercuerit
2094 2930 2111 2958 ,
2152 2898 2445 2948 revocata

306 2969 409 3034 illa
461 2966 771 3035 censeatur
806 2993 916 3059 per
955 2970 1151 3035 dictas
1189 2972 1683 3038 Constitutiones
1706 3020 1722 3046 ,
1774 2995 1914 3038 cum
1959 2997 2093 3039 non
2126 2974 2198 3040 sit
2237 2974 2445 3040 sortita
2548 2969 2550 2971 ’

306 3059 476 3130 filum
516 3061 808 3128 effectum
848 3111 865 3138 ,
906 3086 1107 3153 neque
1147 3062 1374 3130 habeat
1411 3065 1673 3131 tractum
1726 3062 2121 3134 lucceffivum
2159 3092 2272 3159 per
2313 3069 2444 3132 uni-

307 3179 450 3223 cum
507 3153 704 3222 solum
754 3156 959 3225 astum
998 3205 1015 3232 ‚
1082 3176 1265 3248 prout
1302 3160 1476 3224 illum
1527 3157 1760 3225 habent
1805 3160 2002 3252 gratie³
2053 3163 2119 3226 in
2166 3164 2439 3226 Decreto

304 3253 358 3314 S.
393 3250 920 3338 Congregationis
956 3252 1143 3342 relate
1166 3299 1180 3315 .

487 3343 619 3408 VII.
666 3346 819 3408 Non
864 3344 1083 3409 leviter
1131 3369 1381 3436 quoque
1429 3345 1701 3434 tangitur
1731 3395 1747 3421 ,
1796 3345 1856 3410 &
1897 3349 2155 3436 agitatur
2201 3363 2443 3411 contro-

302 3433 496 3501 verfia
552 3462 566 3501 ε
644 3459 724 3502 an
779 3458 890 3525 per
942 3438 1135 3503 dictas
1190 3438 1680 3506 Constitutiones
1752 3441 2036 3529 Gregorii
2083 3487 2100 3514 ,
2191 3439 2250 3501 &
2325 3441 2441 3505 Ur-

299 3526 446 3593 bani
493 3527 718 3594 fuerint
782 3547 1081 3597 revocatae
1145 3531 1206 3596 81
1261 3532 1736 3601 consuetudines
1771 3581 1788 3608 ,
1864 3535 1930 3599 in
1956 3531 2084 3598 suo
2122 3533 2439 3622 principio

301 3621 512 3708 aliquo
563 3623 712 3687 viva:
761 3623 952 3688 Vocis
979 3623 1248 3689 Oraculo
1291 3625 1609 3692 fundatae?
1657 3629 1895 3693 Contra
1942 3626 2278 3690 Portellum
2321 3629 2438 3691 ins

300 3712 552 3799 respons?
595 3717 806 3781 moral.
845 3732 888 3782 t.
929 3740 982 3782 2.
1027 3735 1153 3804 cap.
1185 3740 1279 3799 13.
1322 3725 1599 3786 num.18.
1644 3719 1936 3806 negative
1967 3715 2301 3807 respondet
2321 3724 2435 3785 Le-

2193 3835 2348 3877 zana
