2762 4108
393 206 560 314 248
1092 190 1641 278 Provincia

1145 330 1222 392 N·
1303 329 1364 391 Ο
1458 332 1517 393 Τ
1608 331 1695 393 Α.

341 473 525 508 Decretum
540 467 835 516 congregationis
848 465 994 512 Fabrieae
1019 461 1186 506 Smetri,
1212 461 1307 508 quod
1328 460 1418 498 circa
1444 460 1575 498 causam
1600 458 1781 504 agitatam,
1803 458 1861 494 seu
1885 460 1971 497 cit-ca
1998 461 2122 505 Legata
2144 459 2325 496 Fratribus
2345 458 2467 497 rellan

390 518 625 556 communires·
637 516 841 555 servandum
854 514 915 553 effe
938 512 1117 558 decrevit,
1135 511 1238 548 sacra
1264 509 1508 555 Congregnio
1534 508 1686 545 Concilii
1709 506 1870 551 saucivit,
1897 509 1946 546 est
1967 509 2134 557 sequens.
2287 521 2290 524 ’
2457 521 2462 526 ’·

339 613 508 700 CUM
511 606 646 666 sapius·
656 615 771 664 suerit
794 613 931 651 habitus
954 610 1111 660 recursus
1133 608 1178 646 ad
1201 609 1346 647 Sacram
1368 607 1675 654 Congregationem
1696 603 1823 643 Vener.
1836 605 1987 643 Fabricae
2008 608 2051 643 S.
2074 605 2185 644 “Petri
2199 607 2307 656 super
2331 605 2460 642 annuis

412 691 414 694 »
447 665 586 713 Legatis
602 663 809 714 faffis,seu
822 661 994 711 faciendis
1014 661 1060 696 ad
1077 653 1423 708 favoremeFratrum
1450 655 1630 712 Minorum
1646 656 1689 694 S.
1700 652 1876 703 Francisci
1899 656 1941 692 de
1969 654 2329 704 Observa-ntiascum
2358 664 2463 690 onere

341 710 553 764 ammarum
565 739 578 758 ,
593 714 658 762 seu
687 711 721 748 O
755 713 906 754 ciorum,
921 709 992 759 five
1010 709 1126 757 gratis
1140 733 1152 752 ,
1172 706 1245 757 five
1265 703 1333 758 alio
1350 705 1442 742 modo
1458 727 1468 738 .
1493 738 1496 742 .

442 761 680 800 Praetendente
739 758 904 797 enerabili
927 757 1072 795 Fabrica
1093 755 1213 795 Sanni
1229 754 1338 791 'Petri
1364 753 1409 790 ad
1435 751 1530 789 illam
1544 752 1721 802 speiiare,
1740 760 1882 803 propter
1904 752 2069 790 difiorum
2092 751 2256 791 Fratrum
2288 749 2471 800 incapaci-

343 819 448 847 tatem
468 809 658 860 hujttsmodi
678 811 884 858 Legatorum
896 833 908 844 .

443 858 554 896 Diem
586 868 698 896 autem
721 858 903 896 Fratribus
933 854 1185 903 allegantibus,
1205 851 1290 903 poffe
1314 862 1431 888 annua
1454 852 1582 899 Legata
1603 848 1794 901 hujusmodi
1814 851 1970 899 recipere·
1989 850 2321 898 tutavconstientia,
2347 857 2473 898 quate·

343 911 414 945 'nus
434 907 556 945 Haeres
571 913 624 945 'ex
641 907 710 955 sua
733 907 842 943 libera
867 903 1046 942 voluntate
1071 902 1133 938 illa
1160 902 1243 938 dare
1269 902 1307 936 in
1327 900 1648 947 eleemosynamp&
1673 899 1879 936 committere
1912 897 2096 936 Fratribus
2128 899 2232 935 difies
2257 895 2401 950 Miffas.
2427 895 2470 937 ὠ

348 957 384 993 Ο
419 957 472 993 cia
501 955 613 994 voluit
637 981 651 1001 ‚
681 956 784 1006 juxta
814 954 1023 1002 fintentiam
1052 950 1384 988 §.Donavemure
1407 949 1450 990 ὠ·
1473 949 1635 986 ‘Decreta
1659 950 1699 986 S.
1725 949 2029 996 Congregationis.
2063 946 2084 983 a
2108 946 2309 998 Sanfiiiffimo
2323 944 2469 984 Domino

396 1003 475 1055 ostro
499 1002 662 1043 Fratrum
688 1006 867 1042 Minorum
890 1002 932 1038 de
958 998 1192 1049 Observantia
1217 997 1338 1037 santii
1365 995 1541 1046 Francisci
1566 997 1792 1045 Cismontanae
1806 994 1956 1033 Familia
1980 994 2286 1045 consultationibus
2298 992 2470 1044 praepostta

340 1054 409 1103 sub
429 1053 491 1090 'die
518 1068 552 1101 4.
578 1053 690 1103 Junii
719 1052 818 1090 1628.
840 1049 1037 1099 publicata.

411 1121 414 1125 ·
445 1101 570 1139 Eadem
595 1103 707 1140 Sacra
735 1101 963 1147 Congregatio
978 1107 1038 1145 pro
1065 1104 1253 1145 opportuna
1275 1092 1515 1146 priemifforum
1539 1094 1751 1144 provisione,
1770 1094 1865 1144 jafia
1883 1096 1985 1142 prius
2001 1092 2169 1131 relatione
2183 1091 2386 1142 Sanfiiffimo
2402 1091 2472 1128 Do-

347 1151 437 1187 mino
465 1147 590 1199 Nostro
614 1151 753 1186 ‘Urbano
777 1149 877 1196 Papae
904 1146 1003 1185 VIII.
1032 1146 1072 1182 de
1096 1145 1191 1182 illius
1213 1141 1355 1194 expreffo
1382 1145 1526 1188 ordine,
1554 1144 1597 1186 ὼ·
1621 1143 1783 1181 mandato
1822 1144 2008 1188 decrevit,
2032 1145 2071 1179 in
2090 1143 2256 1192 futurum
2277 1145 2384 1191 super
2409 1138 2473 1175 hu-

343 1198 488 1249 jusmodi
514 1200 652 1247 Legatis
673 1198 873 1246 observari,
899 1206 940 1232 ut
964 1195 1061 1243 infra
1076 1219 1087 1230 .
1251 1227 1253 1230 .

445 1247 550 1298 Qd
575 1246 764 1296 hujusmodi
787 1246 916 1292 Legata
940 1253 1002 1293 per
1032 1243 1235 1281 Debitores‚
1260 1241 1320 1289 vel
1340 1242 1504 1280 Haeredes
1529 1252 1596 1278 non
1616 1242 1870 1289 extinguantur
1885 1267 1897 1286 ,
1922 1241 1981 1278 vel
1997 1241 2212 1278 reducantur
2233 1248 2295 1288 per
2324 1236 2472 1286 composi-

348 1297 473 1333 tionem
501 1307 576 1331 cum
602 1294 776 1344 Ministris
800 1293 950 1330 fabrice
967 1291 1185 1342 faciendam.
1206 1289 1265 1327 vel
1287 1290 1356 1328 alio
1381 1291 1502 1340 quovis
1521 1290 1638 1333 modo,
1657 1290 1720 1339 sed
1746 1290 1882 1327 illorum
1896 1289 2055 1339 Capitale
2071 1316 2080 1330 ‚
2094 1290 2166 1339 sive
2189 1289 2267 1338 sors
2289 1287 2477 1336 principa·

347 1344 392 1381 lis
405 1367 415 1384 ,
437 1341 494 1380 vel
508 1346 698 1391 proprietas
711 1367 723 1386 ,
749 1342 871 1391 absque
895 1342 968 1378 ulla
994 1342 1222 1382 diminutione
1246 1341 1490 1389 conserventur
1504 1340 1634 1387 semper
1646 1366 1655 1381 ,
1669 1340 1711 1380 (θ’
1722 1339 1881 1389 perpetub
1900 1340 1946 1375 ad
1970 1338 2116 1390 effeffium
2128 1363 2139 1381 ,
2160 1348 2201 1374 ut
2219 1339 2258 1372 in
2285 1335 2377 1384 usus.
2391 1334 2445 1370 Ro
2458 1352 2477 1364 ‹-

348 1403 445 1430 mano
458 1391 629 1439 ‘Pontifici
651 1401 714 1440 pro
737 1400 882 1440 tempore
904 1390 1058 1441 existenti
1083 1390 1166 1425 bene
1186 1388 1274 1437 visos
1297 1388 1464 1438 applicari
1486 1388 1621 1437 poffint.
1651 1389 1701 1425 Ita
1723 1400 1835 1426 tamen
1853 1413 1866 1433 ,
1891 1398 1956 1434 ut,
1979 1387 2142 1436 quamdiu
2172 1386 2472 1436 applicationem.»

338 1439 519 1490 specialem
545 1439 747 1477 auftoritate
772 1438 962 1490 Apostolica
978 1438 1063 1486 fieri
1090 1449 1158 1473 non
1185 1439 1370 1484 contigerit
1386 1463 1396 1478 ,
1423 1437 1613 1479 Heredes,
1640 1436 1698 1474 vel
1721 1438 1902 1475 Debitores
1922 1438 2038 1486 poffint
2065 1434 2196 1478 libere,
2209 1436 2240 1485 fi
2261 1432 2373 1471 velint
2389 1457 2400 1475 ,
2422 1431 2480 1467 di·

346 1489 405 1546 Eiif
428 1487 613 1573 Frbttribus
638 1489 722 1530 dare
739 1487 827 1524 dieta
853 1500 970 1525 annua
997 1488 1111 1536 legata
1126 1511 1140 1533 ‚
1157 1495 1220 1534 per
1244 1485 1371 1541 eosdem
1392 1483 1533 1524 Fratres
1555 1487 1752 1536 recipienda
1774 1488 1814 1523 in
1837 1486 2073 1535 eleemosynam
2086 1508 2099 1528 ,
2125 1495 2192 1520 non
2209 1493 2323 1520 autem
2343 1490 2406 1531 per
2420 1491 2473 1518 eos

347 1547 401 1575 ext
425 1549 466 1574 en
493 1550 512 1573 a
527 1563 537 1573 .

398 1550 424 1586 g
449 1586 495 1623 Et
518 1586 606 1634 quod
632 1587 760 1634 quaevis
786 1586 944 1623 extinffiio
959 1611 969 1627 ,
1003 1583 1151 1622 reduiiio
1167 1607 1179 1629 ‚
1203 1584 1267 1634 seu
1290 1583 1473 1623 diminutio
1487 1583 1657 1633 Capitalis
1671 1610 1679 1624 ‚
1689 1585 1753 1634 seu
1771 1586 2023 1634 proprietatis,
2047 1582 2150 1620 aliter
2175 1581 2298 1630 absque
2326 1578 2476 1616 Romani

349 1633 540 1681 Pontificis
556 1635 700 1683 speciali
723 1636 926 1684 permiffione
943 1635 1035 1683 sabla
1050 1661 1058 1675 ,
1082 1645 1117 1670 eo
1141 1634 1208 1682 ipso
1234 1633 1330 1670 nulla
1347 1636 1413 1684 fit,
1435 1647 1494 1670 nec
1518 1634 1780 1678 Debitoribus,
1795 1645 1859 1672 aut
1870 1633 1950 1678 aliis
1963 1626 2474 1681 quibufiumquesuffiagetur'.

448 1682 620 1732 quue
644 1682 865 1734 Commiffarii
877 1708 892 1728 ,
920 1683 1046 1731 aliique
1068 1683 1226 1735 Ministri
1251 1681 1467 1720 Venerabilis
1484 1682 1634 1720 Fabricae
1650 1682 1755 1732 super
1781 1682 1970 1732 hujusmodi
1998 1679 2245 1729 Capitali,seu
2259 1680 2474 1727 proprietate

343 1731 544 1781 supradiffa
559 1757 571 1775 ‚
588 1731 682 1780 sede
709 1742 818 1769 cetero
843 1744 910 1767 non
932 1734 1172 1769 intromittant
1187 1757 1197 1775 ,
1221 1744 1281 1768 nec
1310 1732 1412 1769 diffos
1438 1732 1626 1775 Heredes,
1643 1732 1707 1780 seu
1733 1732 1915 1769 Debitores
1943 1730 2057 1778 aliquo
2084 1729 2177 1775 modo
2203 1727 2393 1778 molestent,
2416 1724 2480 1774 nist

351 1781 396 1816 ad
419 1779 564 1828 effeiium
590 1780 830 1830 reinvestiendi
845 1805 854 1820 ‚
883 1782 922 1816 in
942 1782 1020 1829 casu
1048 1781 1338 1830 minoe-stimma,
1353 1782 1417 1830 seu
1428 1780 1638 1828 providendi
1651 1790 1716 1824 ,ut
1739 1779 1984 1828 conserventur
2000 1803 2013 1824 ,
2037 1777 2202 1826 utsupra
2217 1802 2231 1822 ,
2256 1786 2320 1814 aut
2333 1774 2422 1813 alias
2433 1775 2475 1810 in

351 1828 588 1878 applicationis
613 1831 844 1866 executionem
856 1855 868 1873 ,
886 1830 1088 1866 auSioritate
1103 1829 1292 1880 Apostolica
1308 1830 1434 1878 fafiam
1450 1853 1457 1867 2
1484 1828 1543 1865 vel
1551 1828 1748 1876 faciendam
1762 1854 1771 1864 .
2083 1834 2086 1838 ’

450 1877 496 1915 Et
519 1878 607 1925 quod
633 1878 823 1914 nolentibus
848 1878 946 1915 dietis
971 1878 1207 1924 Haeredibus,
1231 1877 1289 1915 vel
1310 1879 1548 1916 ‘Debitoribus
1568 1876 1652 1913 dare
1675 1877 1771 1913 ditiis
1795 1876 1980 1916 Fratribus
2010 1877 2114 1914 distas
2139 1874 2384 1925 eleemosynas,
2410 1873 2477 1923 sea

351 1938 487 1962 annuas
506 1926 733 1976 praestationes
749 1951 761 1970 ,
769 1927 841 1975 five
867 1927 979 1974 legata
993 1953 1001 1967 ,
1028 1937 1069 1964 ut
1083 1926 1217 1975 supra,
1236 1927 1394 1975 solvere,
1409 1927 1466 1964 vel
1486 1925 1572 1962 alias
1597 1924 1659 1961 illa
1685 1938 1754 1962 non
1768 1925 1987 1976 solventibus
2002 1952 2014 1971 ,
2033 1936 2117 1963 tunc
2141 1925 2180 1960 in
2191 1937 2229 1961 eo
2255 1924 2333 1973 casu
2350 1949 2361 1967 ,
2384 1922 2478 1972 lapsis

350 1973 481 2011 duobus
503 1977 604 2010 annis
633 1975 654 2011 ὰ
676 1976 732 2012 die
755 1976 868 2013 obitus
899 1975 1105 2026 Testatorum
1117 2001 1129 2018 ,
1139 1976 1173 2024 fi
1183 1977 1302 2023 fuerit
1327 1985 1537 2013 maturatum
1559 1973 1707 2022 legatum
1722 1999 1735 2018 ‚
1759 1975 1817 2012 vel
1834 1975 1854 2012 ἆ
1878 1977 1935 2013 die
1960 1984 2142 2013 maturata
2158 1972 2342 2022 solutionis
2356 1971 2478 2015 illius,

351 2022 466 2059 eadem
491 2021 637 2059 Fabrica
652 2049 663 2067 ,
690 2025 750 2062 vel
772 2024 867 2061 illius
893 2023 1140 2074 commissarii,
1167 2023 1382 2073 &Ministri
1396 2051 1406 2068 ,
1433 2025 1471 2060 id
1495 2035 1628 2066 totum,
1644 2024 1733 2072 quod
1747 2024 1900 2073 solutum
1926 2025 2084 2072 nonfuit
2104 2031 2168 2071 pro
2190 2021 2367 2071 praeterito
2386 2047 2399 2066 ,
2414 2028 2477 2068 pro

350 2080 431 2126 rata
459 2081 572 2107 tamen
588 2098 598 2113 ,
625 2074 665 2108 in
692 2086 759 2121 qua
780 2074 922 2121 fuerit,
946 2078 1109 2122 utsupra
1135 2072 1280 2121 elapsum
1299 2074 1500 2117 biennium,
1526 2073 1584 2111 vel
1604 2071 1719 2111 ultra,
1739 2074 1830 2123 poffit
1845 2101 1854 2115 ‚
1879 2075 1923 2116 &⁰
1945 2073 2062 2110 valeat
2085 2082 2233 2108 annuas·
2244 2069 2477 2119 prestationes

349 2119 538 2176 hujusmodi
563 2123 717 2176 exigere,
742 2123 900 2170 exigique
916 2123 1035 2170 facere
1050 2148 1063 2165 ,
1087 2121 1132 2157 ad
1150 2124 1255 2172 suum
1279 2122 1474 2170 beneficium
1491 2146 1503 2165 ,
1518 2122 1622 2171 juxta
1639 2123 1724 2169 suas
1739 2122 1928 2171 facultates
1944 2148 1955 2166 ,
1978 2123 2021 2164 ὠ·
2041 2119 2232 2170 privilegia
2247 2143 2260 2162 ,
2279 2119 2482 2168 sal-vosem·

345 2176 408 2217 per
424 2167 575 2216 Capitoli
589 2195 597 2203 .
614 2172 679 2217 seu
698 2173 929 2218 proprietate,
946 2171 999 2207 *ut
1017 2170 1128 2219 supra
1177 2170 1223 2206 ad
1251 2169 1418 2220 effefilum,
1445 2173 1534 2219 quod
1560 2171 1720 2207 Heredes
1736 2196 1748 2214 ‚
1775 2171 1833 2207 vel
1860 2172 2040 2208 Debitores
2065 2167 2269 2216 (dummodo
2291 2169 2331 2205 a'e
2360 2169 2405 2203 iis
2416 2175 2477 2213 per

352 2214 543 2272 Romanum
569 2216 767 2265 Pontificem
792 2229 855 2268 pro
892 2228 1038 2268 tempore
1060 2219 1251 2270 existentem
1277 2219 1381 2257 aliter
1410 2232 1476 2255 non
1494 2221 1611 2268 suerit
1638 2219 1850 2268 dispositum,
1877 2231 1936 2255 nec
1960 2218 2119 2268 praedieia
2146 2219 2274 2264 Legata
2309 2218 2348 2252 in
2388 2215 2473 2251 alios

351 2264 527 2322 usus-ejus
553 2266 755 2304 auEioritate
783 2268 952 2317 applicata
966 2269 1108 2318 fuerint
1125 2294 1134 2310 ,
1156 2267 1216 2306 vel
1233 2269 1399 2318 applicari
1421 2270 1632 2314 contigerit)
1660 2269 1833 2318 poffi11t‚fi
1851 2267 1962 2304 velint
1977 2292 1988 2310 ,
2013 2267 2116 2303 etiam
2138 2265 2473 2314 quomodocumque»

347 2314 492 2363 fuerint
505 2338 517 2358 ,
542 2317 771 2364 temporibus,
789 2319 831 2360 &¹
835 2320 881 2367 fic
902 2318 1057 2366 deinceps
1081 2320 1121 2354 in
1141 2327 1344 2368 perpetuum
1358 2319 1442 2355 dare
1457 2318 1556 2353 ditiis
1582 2315 1766 2356 Fratribus
1788 2316 1877 2353 difia
1899 2328 2017 2352 annua
2039 2313 2152 2362 legata
2174 2317 2212 2350 in
2236 2314 2478 2363 eleemofinam,

355 2361 545 2420 utsupra,
573 2376 633 2400 nec
647 2363 794 2403 Fabrica
818 2367 942 2416 eosdem
962 2367 1149 2412 Heredes,
1174 2367 1232 2403 vel
1252 2367 1433 2404 Debitores
1457 2365 1623 2415 molestare
1647 2366 1739 2416 poffit
1753 2394 1760 2406 ,
1782 2366 1825 2408 (ἶς’
1848 2365 1988 2408 valeat,
2019 2365 2118 2401 toties
2132 2388 2145 2407 ,
2174 2363 2217 2404 (ς’
2242 2365 2372 2411 quoties
2384 2362 2479 2411 casus

352 2420 564 2468 contigerit,
587 2412 648 2460 nist
670 2422 732 2461 pro
763 2417 962 2463 praeterito,
991 2417 1034 2457 ὡ·
1061 2425 1144 2452 tunc
1168 2415 1239 2452 illis
1264 2417 1421 2452 terminis
1444 2425 1599 2453 tantum.
1635 2415 1703 2465 post
1728 2426 1870 2462 quorum
1900 2413 2166 2462 maturationem
2191 2411 2308 2460 fuerit
2331 2411 2478 2460 elapsum

353 2459 530 2496 biennium
545 2485 557 2503 ,
581 2460 640 2496 vel
660 2461 755 2499 ultra
769 2488 781 2507 ‚
805 2474 846 2501 ut
864 2464 997 2512 supra:
1012 2463 1117 2513 salva
1130 2464 1260 2512 semper
1290 2464 1453 2501 erefiione
1476 2463 1750 2511 Beneficiorum.
1767 2463 2049 2510 &applicatione
2073 2462 2279 2508 Legatorum
2293 2475 2313 2503 ‚·
2322 2461 2386 2508 seu
2399 2469 2481 2507 quo-

352 2518 572 2564 rumcumque
593 2509 777 2558 bonorum,
799 2513 842 2554 (ς’
863 2513 1058 2549 reddituum
1072 2536 1080 2551 2
1111 2525 1149 2548 ac
1185 2514 1319 2562 jurium
1351 2512 1473 2562 eisdem
1504 2512 1694 2559 beneficiis,
1731 2512 1795 2560 seu
1823 2511 1902 2546 aliis
1928 2512 2035 2561 usibus
2055 2511 2124 2557 piis
2139 2508 2345 2558 <Apostolica
2371 2507 2483 2546 aiteio-

352 2564 461 2612 rttate
478 2557 571 2604 fafla
587 2585 597 2598 ,
622 2560 681 2595 vel
698 2560 904 2611 imposterum
917 2586 929 2604 ‚
950 2561 1257 2610 quandocumque.
1285 2562 1328 2603 ὠ·
1351 2560 1651 2609 quomodocumque
1669 2560 1855 2609 facienda,
1895 2561 1937 2601 ἀπ’
1955 2560 2151 2596 executione
2172 2557 2356 2595 literarum
2385 2558 2482 2605 Apo·

322 2649 324 2651 v
342 2602 541 2653 stoltcarum
564 2606 704 2663 desuper
717 2610 952 2655 expeditarum
965 2634 977 2654 ,
990 2610 1055 2658 seu
1068 2610 1378 2657 expediendorum,
1406 2610 1458 2646 ita
1473 2633 1481 2646 .
1497 2619 1537 2646 ut
1563 2610 1708 2659 praefata
1724 2610 1884 2646 ‘Decreta
1905 2609 1950 2644 ad
1975 2607 2053 2644 illas
2075 2618 2290 2654 nequaquam
2295 2607 2335 2654 fe
2359 2616 2482 2643 exten·

352 2651 440 2708 dant
452 2676 464 2694 ν
480 2653 544 2701 sed
564 2654 629 2690 tllae
644 2656 776 2704 semper
790 2657 902 2703 firmae
914 2667 937 2702 ‚·
952 2659 995 2699 (θ’
1014 2657 1122 2706 illaefie
1147 2669 1345 2696 remaneant
1359 2684 1368 2699 ‚
1387 2659 1429 2700 ὠ·
1453 2656 1529 2709 suos
1548 2658 1744 2706 plenarios.
1764 2658 1807 2699 &⁶
1830 2658 1983 2705 integros
2009 2654 2138 2707 effhfiius
2153 2655 2281 2703 sortiri
2306 2655 2478 2697 debeant,

353 2709 405 2736 ’Μ
418 2723 429 2743 2
456 2702 547 2748 quod
570 2715 677 2751 neque
702 2705 848 2741 Fabrica
861 2732 871 2750 ‚
906 2718 1015 2754 neque
1045 2708 1209 2743 Haeredes
1224 2733 1238 2751 ,
1259 2707 1318 2743 vel
1338 2708 1517 2744 Debitores
1538 2708 1692 2755 praefati.
1712 2705 1780 2743 ullo
1804 2706 1896 2742 modo
1931 2705 2010 2741 illas
2037 2704 2228 2752 impedire,
2261 2703 2451 2741 retrafiiare
2465 2726 2479 2745 ,

353 2747 415 2805 vel
435 2759 691 2790 controvertere
721 2753 887 2797 valeant,
913 2756 956 2796 εἰς’
971 2754 1086 2803 salvis
1103 2756 1236 2803 semper
1260 2756 1358 2799 Sedis
1385 2755 1581 2806 Apostolicae
1615 2755 1818 2793 auetoritate
1833 2778 1846 2800 ‚
1880 2767 1920 2791 ac
1947 2752 2183 2804 facultatibus
2214 2753 2478 2803 competentibus
2531 2788 2534 2791 ,

351 2795 444 2833 ᾰιὲἶω
468 2799 585 2835 Sacrae
608 2801 893 2850 Congregationis
909 2800 1127 2840 Venerabilis
1155 2803 1306 2842 Fabricae
1321 2830 1331 2840 .
1353 2839 1359 2848 ,-

358 2893 367 2902 ⁶
448 2845 635 2886 Prohibuit
658 2860 771 2887 tamen
796 2853 908 2889 eadem
931 2854 1042 2890 Sacra
1065 2854 1295 2902 Congregatio
1314 2852 1497 2891 Fratribus
1512 2853 1794 2904 supradifiiissub
1806 2862 1904 2902 puna
1915 2849 2272 2890 excommunicationis
2288 2876 2300 2896 ,
2314 2852 2381 2901 ipso
2389 2847 2480 2899 fufio

351 2895 569 2952 mclfff‘endae
584 2921 596 2941 2
623 2911 671 2956 fle·
685 2900 836 2938 audeant
850 2926 862 2942 ,
880 2902 944 2950 seu
966 2902 1175 2950 prasumant
1188 2927 1201 2946 ,
1220 2915 1328 2951 neque
1350 2902 1496 2951 quilibet
1519 2915 1635 2941 eorum
1660 2904 1786 2940 audeat
1799 2928 1812 2947 ,
1824 2904 1888 2952 seu
1911 2903 2114 2952 prasumat,
2138 2901 2244 2950 perse
2257 2900 2316 2937 vel
2322 2911 2383 2949 per
2397 2898 2481 2935 alios

350 2943 519 2989 synd'w‘
533 2969 547 2989 2
571 2946 750 3003 Mffmstros
763 2973 774 2993 ,
788 2952 852 2998 seu
876 2950 1151 2994 Procuratores,
1179 2961 1250 2989 tam
1274 2951 1476 2991 Set-alares,
1505 2951 1606 3001 quam
1629 2951 1821 2999 Regulares
1833 2978 1845 2996 ,
1865 2951 1970 2992 di‘c'las
1996 2962 2130 2987 annuas
2143 2948 2397 2999 prestationes,
2414 2949 2480 2998 seu

349 2990 508 3040 Legata,
534 3004 594 3030 nec
611 2997 856 3055 judicialiter.
888 3009 963 3036 tam,
985 3011 1098 3036 coram
1125 3011 1334 3048 quocumque
1363 2999 1497 3050 ‘Judice
1523 3000 1764 3050 Ecclefiastico‚
1824 3008 1902 3038 uam
1935 2999 2104 3038 Saeculari
2128 3024 2141 3044 ,
2179 2999 2397 3042 Ordinario,
2423 2995 2483 3033 vel

352 3037 517 3098 Deleg‘ffw
546 3066 558 3084 ς
588 3044 760 3102 nec-alias
776 3074 786 3088 ‚
811 3049 874 3098 nisi
891 3048 995 3097 juxta
1016 3048 1163 3097 formam
1189 3049 1271 3085 ditia·
1295 3049 1437 3086 Decreti
1472 3049 1760 3097 Congregationis
1814 3060 1949 3088 ratrum
1973 3050 2159 3088 Minorum.
2177 3048 2218 3084 de
2245 3046 2481 3096 Observantia

347 3087 471 3125 5⁰²¹&
495 3087 667 3148 Francgsca
682 3119 693 3137 ‚
708 3094 933 3152 §lismontanae
946 3095 1096 3134 Famntae
1111 3122 1124 3142 ,
1137 3097 1444 3146 consultationibus
1468 3096 1488 3134 ὰ
1510 3099 1713 3148 Sanfiitffimo
1726 3099 1871 3136 Domino
1898 3097 2021 3149 Nostro
2035 3098 2203 3146 deputata
2217 3120 2230 3138 ‚
2256 3097 2298 3131 ab
2321 3095 2481 3132 Heredi-

356 3135 419 3192 [κίε
436 3160 445 3175 .
463 3136 529 3185 seu
555 3141 733 3187 quibusvis
755 3144 838 3181 aliis
858 3158 971 3182 eorum
997 3145 1225 3183 Debitoribus
1249 3155 1364 3194 petere
1379 3172 1393 3192 ‚
1421 3147 1578 3196 minusve
1604 3148 1703 3186 dietis
1733 3148 1968 3191 Haredibus,
1997 3147 2061 3197 seu
2088 3145 2313 3183 Debitoribus
2330 3144 2481 3192 facere)

356 3182 491 3231 aliquas
515 3196 688 3236 receputas
710 3199 772 3238 pro
800 3193 897 3230 ditiis
926 3196 1053 3230 annuis
1075 3195 1347 3245 prestationibus
1363 3221 1372 3236 ‚
1400 3197 1463 3247 nisi
1486 3205 1548 3245 pro
1573 3207 1678 3242 rata,
1708 3197 1751 3238 ἐφ
1769 3198 1917 3245 pecunia
1934 3221 1946 3240 ,
1962 3196 2025 3245 seu
2045 3194 2253 3243 eleemosynis
2269 3190 2480 3241 supradifiis

350 3243 425 3267 ‘um
450 3231 562 3292 ‘ffifffu
575 3259 588 3279 2
615 3248 654 3272 αθ
677 3239 782 3282 verb,
806 3242 849 3284 ὠ·
873 3243 1018 3280 realiter
1045 3244 1168 3293 eisdem
1189 3241 1372 3281 Fratribus
1395 3246 1502 3287 data,
1527 3245 1587 3282 vel
1599 3245 1741 3295 soluta,
1759 3246 1822 3294 seu
1855 3245 1948 3282 datis
1963 3273 1972 3288 ‚
1998 3244 2055 3282 vel
2069 3242 2215 3294 solutis,
2240 3253 2300 3278 nec
2316 3240 2383 3290 sub
2409 3240 2481 3276 alia

351 3279 458 3335 ‘jasa'
485 3282 549 3332 ''¹st
561 3283 630 3332 sub
652 3298 695 3343 ea.
709 3313 715 3321 ·
744 3292 812 3337 qut?
837 3291 918 3328 veri
941 3293 1058 3341 fuerit
1088 3294 1209 3343 iisdem
1235 3292 1539 3333 Procuratoribus
1552 3320 1566 3338 ,
1601 3304 1664 3332 aut
1689 3295 1770 3331 aliis
1795 3304 1859 3344 pro
1884 3296 1932 3331 eis
1956 3293 2049 3343 fabia
2075 3292 2178 3331 realis
2195 3289 2386 3373 satipsaiiio
2400 3314 2413 3333 ,
2438 3289 2483 3330 ξφ

353 3330 491 3376 insuper
511 3343 571 3367 nec
592 3335 745 3384 provisos
770 3339 972 3390 Apostolicos
994 3348 1056 3387 pro
1082 3351 1230 3392 tempore
1254 3342 1296 3379 de
1319 3342 1514 3392 beneficiis,
1541 3345 1667 3393 quibus
1689 3346 1820 3393 Legata
1835 3343 2034 3393 supradifia
2051 3342 2192 3392 fuerint
2204 3346 2266 3387 app
2281 3339 2373 3381 icata
2387 3362 2398 3381 ,
2423 3335 2483 3375 vel

352 3385 465 3412 mrum
491 3379 770 3431 PWWVMOJCSJ
790 3388 833 3429 ό·
858 3389 1041 3440 Μίηζβνω
1054 3393 1160 3441 super
1190 3391 1354 3429 erefiione
1378 3394 1584 3443 Legatorum
1605 3392 1751 3433 direffl,
1776 3393 1835 3430 vel
1855 3391 2018 3429 indirefi?
2044 3393 2090 3427 im
2113 3390 2230 3429 edire,
2254 3385 2313 3422 vel
2334 3385 2480 3436 m⁰lesta·

352 3433 424 3507 go}
433 3428 697 3490 quovis-quast&
727 3433 859 3480 ‘'⁰¹⁰⁷‘’
880 3438 938 3475 ‘¹²⁶¹
953 3447 1124 3487 praetextu
1145 3441 1322 3485 audeant,
1346 3440 1404 3480 vel
1418 3438 1650 3494 presumant.
1677 3442 1810 3481 Datum
1831 3441 1946 3482 Roma
1970 3450 2011 3478 ex
2033 3440 2081 3478 Co
2096 3438 2181 3486 legio
2201 3435 2346 3486 ejusdem
2363 3437 2480 3482 Sacrae

421 3484 634 3522 gregatsonrs
658 3481 715 3520 dte
746 3494 799 3530 14·
836 3485 1029 3526 Februarii
1056 3492 1157 3541 1633.

1221 3541 1469 3593 Dominicus
1496 3542 1739 3593 cardinalis
1768 3543 1989 3612 Ginnqfi'us
2005 3570 2027 3590 .=

1681 3667 1725 3707 C.
1741 3665 1785 3707 de
1803 3663 1956 3707 Ghettis
1985 3665 2248 3706 OEconomus.

448 3762 818 3817 Exempld'mpreffilm,
843 3767 885 3810 &⁴
914 3767 1026 3807 Auth.
1064 3770 1103 3806 in
1128 3769 1240 3808 Arch.
1267 3769 1358 3811 Ord.
1386 3772 1489 3819 Arm.
1516 3771 1699 3812 Provincia
1722 3771 1965 3812 Bononiensis.
