2774 4068
405 237 508 323 23
530 213 584 296 6

339 333 580 381 Fratribus
620 340 708 394 pro
737 322 912 377 fabrica
937 323 1145 394 Hospitii
1173 324 1218 375 in
1243 339 1406 375 terra-2

414 403 462 450 S.
482 397 675 449 Alberti
708 399 1062 448 Domunculam
1092 395 1153 446 ibi
1185 396 1406 447 inhabita-

410 469 561 536 bilem
581 504 598 531 ,
631 469 712 519 vel
728 468 865 519 vendi
881 505 898 530 ,
937 469 1009 518 vel
1034 466 1197 519 donari
1214 471 1402 539 permit-

414 553 476 591 tlt
509 575 524 590 0

343 663 762 718 URBANU
796 666 827 714 s
917 663 1139 714 PAPA
1203 666 1400 733 v1151.

550 791 619 836 Ad
630 789 832 849 futuram
853 796 913 836 rei
941 794 1196 834 memoriam.

458 911 598 966 Xponi
615 911 752 953 Nobis
775 925 908 967 nuper
932 909 1121 954 fecerunt
1139 909 1280 953 dilecti
1306 909 1399 952 Filii

340 912 440 1026 E
473 972 642 1012 Fratres
678 970 845 1013 Ordinis
880 971 1089 1014 Minorum
1123 975 1162 1013 S.
1195 967 1398 1012 Francisci

340 1030 653 1084 Capucinorum
686 1041 1019 1084 nuncupatorum
1039 1060 1054 1081 ,
1078 1031 1364 1072 Ravennatem
1383 1056 1398 1081 ,

340 1088 453 1144 quod
482 1088 520 1130 in
552 1091 686 1133 Terra
723 1093 763 1132 S.
781 1090 948 1132 Alberti
969 1092 1259 1132 Ravennaten.
1280 1086 1398 1130 Dioe-

342 1146 438 1192 cefis
455 1177 470 1198 ,
496 1148 677 1205 quaedam
697 1148 919 1192 Turricula
939 1177 952 1199 ,
968 1150 1008 1189 ὅτ.
1031 1148 1118 1189 duae
1141 1146 1398 1191 domunculae

340 1207 410 1248 sub
438 1207 600 1250 directo
630 1208 813 1250 dominio
842 1207 1029 1250 Ecclesiae
1051 1205 1233 1262 ejusdem
1261 1206 1398 1249 s.A1·

343 1265 470 1316 berti,
480 1267 622 1310 Terrae
639 1265 1074 1321 praedictae2existentes
1087 1295 1101 1318 ,
1123 1267 1215 1309 &in
1232 1266 1397 1322 Emphi.

344 1327 487 1367 teussm
504 1325 698 1367 conceffae
716 1325 978 1379 reperiuntur
991 1354 1005 1377 ,
1039 1338 1124 1381 quae
1139 1338 1309 1383 propter
1325 1340 1394 1370 an-

343 1399 442 1427 nuas
470 1384 568 1426 Padi
585 1384 877 1426 inundationes
901 1385 1222 1437 inhabitabiles,
1254 1386 1293 1427 &
1309 1399 1391 1428 ma-

344 1457 418 1498 gna
445 1456 496 1485 ex
522 1454 639 1499 parte
667 1444 824 1486 ruinam
842 1444 954 1498 paffae
985 1443 1074 1488 sunt
1092 1470 1107 1493 a
1137 1444 1215 1489 &a
1233 1445 1388 1487 Refic-

342 1518 390 1547 re
419 1501 533 1545 diciae
550 1502 739 1545 Ecclesiae
761 1501 812 1544 ad
832 1502 945 1545 illam
971 1505 1025 1546 ob
1042 1505 1194 1547 lineam
1209 1502 1392 1558 finitam,

344 1560 411 1606 vel
440 1576 524 1603 non
543 1559 721 1604 solutum
753 1564 970 1606 Canonem
1001 1558 1202 1616 reversae,
1232 1563 1299 1606 seu
1317 1564 1391 1607 de-

345 1620 499 1664 volutae
525 1621 866 1676 praetenduntur:
897 1628 1005 1666 Cum
1032 1635 1166 1667 autem
1185 1652 1199 1673 a
1222 1622 1318 1666 sicut
1334 1639 1400 1667 ea-

344 1681 442 1723 dem
472 1679 673 1735 expositio
704 1680 972 1737 subjungebat
987 1710 1000 1733 ,
1018 1684 1283 1738 Exponentes
1298 1697 1398 1738 prae-

345 1740 442 1782 disti
470 1741 508 1781 in
535 1738 638 1785 dicta
669 1741 798 1783 Terra
826 1740 1034 1796 quoddam
1063 1743 1277 1799 hospitium
1297 1742 1394 1786 dieii

346 1799 919 1849 Ordinis,cumOratorio,sub
935 1800 1199 1844 invocatione
1211 1801 1392 1858 ejusdem

348 1862 385 1902 S.
407 1858 573 1902 Alberti
594 1858 772 1900 construi
787 1857 923 1902 facere
938 1862 1164 1914 coeperint,
1184 1862 1399 1904 materiam

347 1927 484 1961 autem
499 1946 514 1969 ‚
547 1917 612 1963 seu
629 1930 825 1961 caementa
844 1933 920 1961 non
937 1919 1118 1962 habeant
1131 1949 1145 1971 ,
1168 1921 1311 1976 quibus
1327 1921 1398 1964 illa

345 1976 557 2032 perficere
589 1977 732 2031 poffint
750 2005 763 2027 ,
796 1979 833 2020 δι
863 1987 1088 2034 propterea
1116 1994 1188 2036 per
1213 1983 1300 2022 Nos
1326 1981 1397 2025 ill-³

343 2034 548 2092 praemiffis
582 2036 679 2087 fibi,
711 2034 900 2088 utinfra,
932 2038 1165 2093 opportune
1184 2038 1398 2094 provideri

345 2094 606 2152 summopere
636 2093 871 2138 desiderent
895 2125 905 2136 .
938 2099 1029 2141 Nos
1066 2096 1230 2140 eosdem
1261 2100 1397 2155 Expo-

345 2165 494 2197 nentes
527 2152 767 2208 specialibus
784 2156 862 2199 δίε.
897 2154 1114 2207 volentes,
1145 2158 1185 2198 δι
1211 2171 1397 2201 eorum-2

345 2212 571 2268 fingzilares
596 2211 785 2268 personas
800 2217 822 2258 a
836 2214 1041 2270 quibusvis
1057 2216 1133 2259 διε.
1151 2215 1366 2260 censentes
1382 2246 1397 2268 ,

343 2271 714 2328 supplicationibus
743 2273 908 2319 illorum
935 2274 1190 2322 nomine&c.
1223 2276 1394 2319 inclina-

347 2332 379 2373 ti
398 2361 410 2383 ,
432 2333 618 2373 Dominis
635 2332 863 2378 Turriculae
889 2364 904 2384 ,
935 2334 974 2374 &
1010 2336 1395 2382 Domuncularum„

348 2390 634 2447 praedieiarum
655 2405 775 2436 unam
800 2392 946 2437 exiliis
964 2422 978 2444 ,
1001 2391 1163 2438 fabricae
1189 2394 1394 2454 Hospitii,

348 2450 585 2493 &Oratorii
610 2450 921 2503 praedictorum,
955 2450 1036 2494 sive
1066 2452 1174 2496 illius
1208 2455 1392 2509 Deputa-

344 2511 398 2553 tis
422 2507 658 2560 vendendi,
680 2509 744 2554 vel
763 2509 971 2560 donandi,
1005 2521 1203 2564 quatenus
1222 2513 1322 2557 vero
1345 2512 1392 2554 il-

342 2569 391 2614 lae
407 2566 456 2612 ad
477 2566 627 2611 dietam
647 2567 871 2610 Ecclefiam
885 2594 899 2620 2
915 2579 958 2610 ut
976 2566 1186 2624 praefertur
1201 2599 1216 2622 ,
1247 2586 1393 2615 rever·

347 2627 422 2678 sae,
456 2626 524 2669 seu
553 2626 758 2669 devolutae
782 2628 856 2669 fint
873 2654 886 2677 ,
916 2627 1052 2670 eidem
1075 2632 1243 2672 Rectori
1270 2645 1393 2674 unam

346 2702 399 2729 ex
416 2685 533 2728 dictis
554 2686 820 2731 Domunculis
835 2715 848 2738 ,
873 2687 913 2730 &
928 2686 1149 2731 Turricula
1165 2689 1302 2731 eidem
1321 2692 1393 2732 Fa-

344 2745 469 2790 bricae
498 2745 683 2788 similiter
709 2745 928 2794 donandi,
956 2747 1176 2799 Deputatis
1204 2749 1302 2790 vero
1319 2750 1394 2794 Fa-

348 2805 472 2850 bricae
489 2804 716 2861 hujusmodi
740 2804 855 2847 illam
872 2804 958 2854 fibi,
974 2815 1016 2845 ut
1033 2804 1247 2859 praefertur
1260 2838 1275 2862 ,
1295 2821 1395 2855 ven..

348 2865 477 2908 ditam
494 2893 508 2914 ,
548 2864 613 2906 vel
640 2864 834 2909 donatam
851 2892 864 2914 ,
880 2862 931 2905 ad
948 2862 1132 2905 effectum
1160 2864 1395 2921 praemiffum

343 2923 536 2980 demoliri
551 2921 1398 2982 faciendi,facu1tatem,ApostolicaAucto,

347 2985 476 3027 ritate
492 3012 505 3036 ‚
524 2992 672 3026 tenore
689 2983 949 3037 praesentium
964 2983 1228 3030 concedimus
1243 3015 1256 3037 ,
1268 2987 1308 3033 &
1323 2989 1396 3029 im-

346 3043 576 3100 pertimur.
607 3046 699 3084 Non
725 3042 977 3088 obstantibus
1001 3040 1071 3086 fel.
1090 3044 1248 3092 record.
1277 3045 1395 3093 Pauli

343 3105 462 3157 Papae
480 3105 533 3144 11.
550 3128 564 3149 2
596 3103 635 3146 &
652 3101 1114 3149 aliorumRomanorum
1132 3103 1394 3160 Pontificum,

345 3158 695 3208 praedecessorum
715 3162 947 3206 nostrorum
974 3161 1029 3204 de
1057 3163 1178 3207 rebus
1204 3164 1392 3209 Ecclefiae

345 3237 428 3264 non
459 3220 718 3270 alienandis,
751 3222 787 3263 &
812 3220 900 3262 aliis
917 3221 1320 3274 Constitutionibus,
1351 3227 1391 3273 ὃς

347 3279 683 3323 ordinationibus
699 3279 941 3334 Apostolicis
960 3310 974 3330 ,
988 3283 1025 3323 &
1052 3282 1253 3334 Ecclefiae,
1267 3285 1390 3330 Ordi-

344 3339 482 3395 nisque
524 3338 806 3395 praedictorum
835 3367 849 3391 ,
903 3341 1029 3381 etiam
1062 3343 1140 3383 διε.
1185 3342 1389 3391 roboratis

344 3399 500 3442 statutis
515 3429 529 3449 ,
547 3401 584 3442 &
601 3397 963 3441 consuetudinibus
978 3427 992 3449 ‚
1028 3399 1265 3458 eaeterisque
1289 3417 1389 3446 con-

343 3459 479 3503 trariis
522 3459 824 3514 quibuscunque
848 3485 860 3498 .
908 3460 1059 3501 Datum
1107 3462 1247 3506 Romae
1279 3462 1385 3518 apud

347 3520 389 3559 S.
405 3519 572 3558 Petrum
591 3520 669 3560 &c.
703 3518 771 3559 die
786 3530 911 3559 xxiv.
931 3518 1145 3564 Februarii
1162 3535 1389 3567 mocxxix.

346 3575 502 3621 Pontis,
521 3577 656 3622 Nostri
671 3579 792 3620 Anno
810 3575 925 3620 sexto
939 3605 950 3621 .

1002 3640 1060 3683 M.
1083 3641 1137 3682 A.
1156 3639 1389 3684 Maraldus.

404 3756 552 3810 Autog.
570 3757 612 3792 in
629 3758 772 3799 Secret.
787 3760 906 3799 Brev.
925 3755 1057 3816 Apost.
1072 3757 1203 3815 Mens}
1212 3785 1226 3808 ,
1240 3757 1289 3807 δ’
1307 3762 1392 3803 An-

459 3817 501 3856 m
517 3814 648 3870 praed.
663 3813 742 3872 fol.
757 3828 829 3875 49.

1115 279 1117 282 .
1185 202 1717 294 Provincia

1472 327 1630 377 Situm
1677 322 1704 372 ἃ
1741 322 1999 373 Canonicis
2046 325 2096 373 S.
2130 322 2390 373 salvatoris
2427 325 2514 375 in...

1538 398 1645 447 loco
1684 398 1735 445 S.
1755 395 2042 464 Archangeli
2073 395 2164 443 emi
2187 429 2203 452 ,
2250 393 2298 446 ὅτ
2330 398 2512 446 Fratres

1538 469 1648 517 illuc
1682 464 1805 516 nova
1839 462 2014 516 fabrica
2031 465 2280 516 terminata
2300 464 2514 517 transfer·

1534 540 1572 590 ri
1597 538 1836 587 concedit.

1460 659 1495 702 A
1515 667 1663 713 tergo:
1704 654 1922 701 Venerabili
1949 658 2094 701 Fratri
2112 657 2410 718 ArcbIepifiopo
2431 662 2511 703 Ra·

1520 727 1728 760 vennaten.
1744 745 1759 768 ,
1778 715 1855 774 seu
1871 716 2027 758 Dileblo
2043 719 2146 760 Filto
2159 747 2174 768 ,
2188 717 2268 775 ejus
2302 721 2454 764 Vicario

1677 779 1721 819 in
1750 775 2042 833 spiritualibus
2076 779 2265 822 Gener-ali
2280 808 2292 820 .

1462 897 1862 957 URBANU
1893 899 1925 947 S
2013 896 2235 947 PAPA
2319 901 2510 949 VIII.

1469 1025 1701 1077 Venerabilis
1727 1026 1873 1068 Frater
1890 1056 1905 1078 ,
1926 1024 2003 1082 seu
2028 1024 2166 1067 dilelfle
2199 1024 2281 1067 Fili
2299 1025 2511 1084 sblutem,

1647 1087 1697 1135 θ’
1715 1084 1974 1143 Apostolicam
1991 1083 2303 1127 Benediffionem
2320 1114 2332 1126 .

1597 1208 1714 1262 Uper
1742 1218 1818 1261 pro
1861 1214 1978 1262 parte
2017 1203 2274 1248 DsseRorum
2304 1203 2506 1248 Filiorum

1613 1267 1803 1308 Fratrum
1828 1265 1995 1307 Ordinis
2026 1266 2235 1306 Minorum
2268 1267 2309 1306 S·
2337 1264 2513 1306 Franci-

1454 1325 1510 1368 sci
1541 1325 1845 1382 Capucinorum
1869 1333 2221 1379 nuncupatorum,
2261 1324 2508 1365 Conventus

1452 1384 1535 1428 loci
1568 1387 1609 1427 S.
1626 1384 1874 1440 Archangeli
1901 1384 2157 1437 nuncupati,
2178 1382 2404 1425 Provinciae
2418 1384 2502 1424 Bo-

1450 1443 1649 1487 nonienfis
1675 1471 1692 1496 ,
1724 1444 1855 1487 Nobis
1893 1441 2119 1499 expolitum
2148 1441 2258 1492 fuit,
2289 1441 2399 1497 quod
2433 1441 2505 1496 ipsi

1452 1503 1668 1561 quemdam
1686 1502 1800 1546 litum
1829 1501 1984 1559 septem
2001 1511 2311 1544 toi-naturarum
2330 1514 2422 1543 cum
2439 1501 2507 1542 di-

1451 1562 1579 1605 midio
1595 1563 1750 1605 terreni
1762 1591 1776 1614 ,
1793 1563 1987 1604 mensurae
2003 1561 2169 1603 illarum
2184 1559 2359 1615 partium
2375 1584 2390 1607 2
2402 1562 2426 1603 ὲ
2441 1559 2506 1603 di-

1461 1622 1574 1665 lectis
1592 1623 1705 1665 Filiis
1721 1622 1946 1665 canonicis
1966 1620 2244 1676 Regularibus
2263 1620 2509 1674 Congrege-

1459 1681 1583 1725 tionis
1615 1681 1896 1726 S-Salvatoris
1919 1679 2015 1724 disti
2049 1679 2240 1731 locisxemi
2268 1675 2436 1729 facere,
2465 1678 2506 1719 δε

1452 1743 1493 1785 in
1530 1741 1704 1784 eundem
1737 1740 1853 1783 situm
1878 1769 1892 1792 ,
1923 1740 1983 1781 uti
2016 1734 2342 1782 commodiorem
2361 1763 2376 1785 ,
2410 1737 2506 1780 le&

1452 1814 1596 1844 eorum
1614 1802 1882 1843 Conventum
1913 1797 2144 1854 hujusmodi
2173 1795 2404 1840 transferre
2422 1824 2436 1847 ,
2468 1798 2508 1838 δι

1462 1860 1670 1918 postquam
1702 1859 1742 1901 in
1775 1859 1926 1902 eodem
1957 1862 2034 1901 situ
2063 1872 2171 1900 novo
2205 1857 2510 1899 habitationem

1462 1934 1535 1977 pro
1561 1919 1771 1962 Fratribus
1799 1919 2022 1975 Capucinis
2048 1916 2309 1975 hujusmodi,
2345 1928 2509 1958 necnon

1460 1978 1705 2035 Capellam,
1738 1978 1778 2020 in
1805 1993 1886 2036 qua
1905 1976 2211 2022 Sacrosanaum
2234 1974 2354 2019 Miffae
2370 1974 2511 2018 sacri-

1459 2036 1594 2082 ficium
1634 2037 1874 2081 celebretur
1910 2037 2085 2079 construi
2121 2035 2299 2077 fecerint
2324 2059 2339 2080 a
2390 2032 2511 2076 litum

1459 2098 1614 2141 veteris
1629 2100 1871 2141 Conventus
1886 2096 2009 2140 vendi
2025 2093 2164 2138 facere
2182 2121 2197 2144 ‚
2226 2094 2267 2135 &
2289 2092 2426 2148 pretio
2442 2093 2510 2135 in-

1456 2156 1510 2200 de
1538 2154 1770 2212 redigendo
1810 2157 1850 2198 in
1888 2155 2086 2199 fabricam
2127 2154 2221 2196 novi
2261 2156 2509 2195 Conventus

1457 2214 1690 2271 hujusmodi
1716 2216 1777 2256 uti
1794 2242 1808 2264 ,
1837 2229 2002 2258 necnon
2030 2224 2223 2268 tempore
2243 2222 2509 2267 opportuno,

1455 2273 1535 2318 offa
1550 2272 1839 2317 defunctorum
1856 2276 2040 2316 Fratrum
2064 2271 2320 2328 hujusmodi,
2338 2273 2376 2314 in
2396 2281 2510 2315 vete.

1454 2335 1509 2379 ris
1527 2336 1770 2385 Conventus
1786 2331 2015 2391 hujusmodi
2039 2332 2214 2374 Ecclesia
2236 2330 2509 2386 sepultorum,

1457 2393 1554 2438 inde
1577 2394 1626 2436 ad
1650 2395 1741 2435 novi
1756 2396 1998 2436 Conventus
2021 2390 2247 2434 Ecclesiam
2279 2388 2508 2433 transferre

1453 2451 1562 2509 poffe
1575 2452 1806 2494 defiderant
1824 2481 1835 2493 .
1868 2456 2013 2509 Qare
2031 2452 2158 2493 Nobis
2175 2448 2391 2492 humiliter
2414 2449 2507 2504 sup·

1453 2511 1594 2569 plicari
1619 2511 1807 2554 fecerunt
1833 2511 1928 2553 disti
1955 2513 2218 2564 Exponentes
2236 2538 2249 2558 ,
2281 2509 2385 2550 utin
2401 2522 2504 2564 prae·

1452 2569 1569 2612 miffis
1582 2570 1811 2627 opportune
1824 2569 2506 2624 providere‚deBenignitateApo-

1453 2630 1590 2673 stolica
1606 2630 1873 2686 dignaremur
1888 2659 1898 2671 .
1933 2633 2020 2671 Nos
2040 2628 2160 2682 igitur
2174 2626 2334 2670 eosdem
2353 2628 2504 2682 Expo-

1455 2701 1599 2732 nentes
1631 2689 1868 2745 specialibus
1895 2688 2128 2735 favoribus,
2159 2687 2200 2728 &
2228 2682 2368 2742 gratiis
2400 2699 2503 2740 pro·

1456 2747 1569 2804 sequi
1596 2749 1781 2791 volentes
1800 2778 1812 2798 ,
1845 2750 1882 2790 &
1906 2750 1928 2792 a
1943 2746 2144 2804 quibusvis
2164 2747 2499 2788 excommunica·

1457 2806 1607 2860 tionis,
1639 2806 1896 2867 suspensionis
1916 2835 1930 2857 ,
1959 2808 1999 2848 δι
2016 2805 2219 2850 interdicti
2236 2834 2250 2857 ,
2271 2804 2496 2860 aliisque..-

1459 2865 1747 2914 Ecclefiasticis
1773 2865 2010 2917 sententiis,
2042 2863 2245 2915 censuris,
2279 2867 2319 2907 &
2347 2865 2468 2921 paenis
2486 2887 2502 2911 ,

1459 2926 1481 2971 εὶ
1505 2924 1621 2983 jure,
1653 2926 1720 2971 vel
1737 2926 1787 2972 ab
1804 2926 2150 2982 homine,quavis
2172 2924 2380 2967 occasione
2397 2951 2412 2976 ,
2438 2921 2503 2965 vel

1459 2982 1573 3031 causa
1600 2985 1722 3038 latis,
1755 2987 1780 3032 si
1804 2987 1951 3042 quibus
1974 2983 2287 3043 quomodolibet
2313 2981 2500 3025 innodati

1457 3045 1631 3092 existunt
1659 3073 1673 3098 ,
1715 3044 1765 3088 ad
1795 3045 1983 3093 effe-stum
2018 3042 2273 3100 praesentium
2300 3043 2505 3085 duntaxat

1456 3102 1811 3161 consequendum,
1845 3106 1990 3150 harum
2017 3103 2123 3147 serie
2144 3102 2406 3144 absolventes
2422 3129 2437 3150 ,
2466 3099 2507 3142 &

1453 3162 1658 3212 absolutos
1685 3162 1774 3207 fore
1797 3163 2009 3208 censentes
2028 3193 2040 3214 ,
2084 3159 2316 3218 hujusmodi
2346 3157 2503 3214 suppli-

1452 3223 1681 3268 cationibus
1697 3223 1884 3269 inclinati
1897 3250 1911 3273 s
1936 3221 2209 3267 Fraternitati
2227 3221 2343 3270 Tuae,
2359 3220 2506 3262 Frater

1450 3281 1769 3340 Archiepiscope
1784 3312 1799 3333 ,
1816 3282 1883 3327 seu
1902 3280 2150 3328 Discretioni
2167 3291 2262 3330 tuae,
2277 3278 2355 3321 Fili
2375 3277 2505 3320 Vica-

1451 3344 1605 3399 rie,per
1621 3341 2167 3398 praesentes.committimus,
2189 3340 2230 3380 δι
2243 3336 2499 3387 mandamus,

1449 3413 1650 3458 quatenus
1668 3402 1841 3445 constito
1859 3404 1953 3446 Tibi
1968 3403 2020 3446 de
2035 3395 2337 3456 praemiffis,eisd
2346 3410 2411 3437 em
2427 3409 2505 3439 ex-

1451 3464 1697 3518 ponentibus
1716 3490 1730 3513 ,
1763 3461 1870 3516 quod
1903 3461 1970 3518 ipsi
2003 3455 2213 3515 praefatum
2243 3455 2360 3497 fitum
2387 3457 2410 3500 a
2436 3455 2505 3497 di-

1451 3521 1521 3562 &is
1538 3520 1758 3564 canonicis
1783 3519 2056 3575 Regularibus
2073 3517 2154 3558 emi
2181 3511 2347 3567 facere,
2383 3516 2422 3556 δι’.
2448 3514 2499 3559 ad

1452 3594 1545 3622 eum
1574 3579 1641 3628 se,
1671 3581 1711 3622 ὃς
1745 3579 1910 3622 illorum
1939 3581 2207 3622 Conventum
2235 3574 2468 3618 transferre
2487 3602 2500 3625 ,

1454 3635 1721 3696 perfectisque
1752 3636 2104 3686 habitationibus,
2134 3637 2174 3678 δι
2196 3634 2373 3690 Capella
2406 3647 2504 3688 prae·

1454 3697 1574 3749 fatis,
1590 3698 1703 3740 situm
1721 3697 1872 3739 veteris
1887 3699 2130 3738 Conventus
2150 3693 2381 3750 hujusmodi
2402 3706 2503 3734 ven-

1455 3757 1496 3799 di
1527 3757 1666 3801 facere
1690 3787 1705 3808 ,
1735 3757 1775 3796 &
1807 3756 1942 3811 pretio
1979 3753 2130 3795 exinde
2160 3753 2433 3809 proveniente
2466 3750 2503 3792 in

1456 3814 1651 3861 fabricam
1678 3815 1772 3859 dieti
1799 3815 1893 3857 novi
1918 3817 2165 3857 Conventus
2195 3813 2286 3865 uti,
2323 3825 2396 3855 nec
2424 3824 2502 3851 non

2361 3865 2443 3914 offa
