2774 4068
524 174 551 184 κ

390 187 550 270 108
1009 176 1014 182 '
1151 176 1668 266 Provincia

634 302 1453 400 GREKGORIUS
1560 349 1889 399 PAPA
1993 351 2150 401 XIII.

1068 464 1139 511 Ad
1147 462 1348 525 suturam
1374 467 1436 508 rei
1458 466 1684 510 memoriam
1699 495 1713 509 .

408 578 446 618 D
471 575 716 638 instituendam
727 575 769 613 in
780 575 1000 627 Monasteriis
1012 569 1226 612 Martialium
1237 599 1248 616 ,
1258 577 1353 611 nunc
1387 573 1511 612 rimam
1531 573 1578 610 ad
1589 574 1846 623 Omnipotentis
1857 575 1939 613 ‘Dei
1953 575 2088 614 laudem
2101 577 2219 616 erefiis
2231 580 2243 622 ,'
2255 579 2450 628 regularem

314 580 407 672 A
433 626 649 677 disciplinam
659 628 811 676 apprime
830 627 988 669 intenti,
1037 622 1174 673 erfimas
1185 623 1256 661 illis
1266 631 1339 672 pra
1364 635 1439 660 cere
1476 623 1615 661 udemus
1628 623 1769 660 idoneas
1785 636 1797 664 ς
1818 624 1911 661 unde
1922 647 1935 668 ,
1946 637 2022 662 cum
2034 628 2262 676 acceperimus
2285 631 2325 666 in
2342 631 2452 669 Civi-

315 687 391 718 tate
412 675 662 726 Mediolanensi
668 678 689 711 d
709 675 839 712 Dilefio
848 674 936 712 Filio
949 630 1057 760 mylro
1077 672 1213 717 Carolo‚
1226 671 1327 710 tituli
1340 673 1368 709 S
1370 683 1416 708 an
1447 683 1473 708 ae
1486 673 1657 722 Rraxedis
1678 671 1885 719 Presbytero
1899 672 2105 719 cardinali,
2117 675 2263 725 e'usdem
2278 679 2456 717 Civitatis

313 737 359 764 ex
385 725 637 776 dispensatione
649 722 841 774 Apostolica
852 723 978 773 ‘Praesu
993 736 1023 767 e,
1035 719 1314 773 Monasterium
1329 719 1540 758 Martialium
1555 720 1707 758 Ordinis
1737 721 1859 770 primae
1884 719 2027 770 Regula
2051 724 2093 762 S.
2111 688 2223 762 (ilarae
2255 727 2458 778 Capacina-

314 787 397 813 rum
419 783 700 823 nuncupatorum
724 773 921 825 institutum
940 770 1043 824 susse
1054 796 1070 815 ,
1094 771 1138 814 ὠ·
1160 772 1206 809 ad
1218 770 1308 808 illud
1344 769 1480 808 eliciter
1492 770 1704 819 regendum,
1729 771 1773 811 Φ·
1791 769 2050 818 informandum
2069 772 2291 820 regularibus
2310 775 2454 827 institua

315 825 366 863 tis
390 824 558 874 Personas
578 832 680 860 atate
688 821 866 871 provefiias
881 850 889 863 ,
914 824 999 860 vitae
1027 833 1068 858 ac
1083 832 1214 858 morum
1229 821 1298 870 san
1329 820 1419 856 itate
1439 820 1605 867 praeditas
1630 816 1811 870 neceffario
1839 819 2111 857 introducendas
2138 820 2224 874 effe,
2249 824 2395 863 Dilefiis
2408 827 2451 863 in

315 871 451 923 Christo
464 870 620 909 Filiabus
632 881 782 919 quatuor
803 870 1049 911 monialibus
1064 869 1268 920 Monasterii
1299 868 1559 917 Capacinarum
1587 868 1759 906 Civitatis
1775 864 1911 917 Nostra
1924 867 2067 919 ‘Perusii
2078 893 2092 914 ,
2116 882 2202 919 quas
2224 871 2446 913 Ordinarius

316 923 375 961 ati
389 921 528 959 idoneas
553 920 599 957 ad
612 920 672 957 hoc
686 919 812 969 elegit,
836 920 1012 959 licentiam
1038 919 1157 956 damus
1171 947 1179 961 ,
1205 927 1248 956 ut
1271 916 1418 966 ejusdem
1429 915 1621 954 Ordinarii
1643 916 1811 964 constnsu.
1829 916 1994 954 deeodem
2019 917 2230 969 Monasterio
2251 923 2454 973 Capucina·

313 982 422 1016 rum,
448 972 488 1006 tn
509 982 575 1019 quo
598 981 692 1007 nunc
707 970 839 1017 degunt
853 994 866 1014 ,
890 982 931 1007 ac
952 970 1050 1020 profe
1077 979 1103 1004 ae
1117 967 1225 1015 sunt,
1253 966 1300 1003 ad
1323 964 1450 1003 diffium
1467 964 1713 1016 Monasterium
1735 963 1969 1003 Mediolanen.
1984 965 2162 1016 aliquibus
2181 972 2453 1021 propinquiori.

322 1020 389 1056 bus
398 1019 593 1057 earumdem
604 1042 617 1062 ,
640 1017 701 1054 vel
718 1019 799 1056 aliis
810 1019 951 1070 honestis
963 1028 1025 1068 per
1045 1019 1119 1052 onis
1134 1040 1146 1058 ‚
1161 1017 1204 1052 ab
1216 1014 1329 1053 eodem
1343 1013 1542 1051 Ordinario
1563 1013 1772 1063 deputandis
1784 1036 1799 1058 2
1810 1013 1857 1050 ad
1867 1016 2161 1054 concomitandum
2190 1030 2248 1055 eas
2270 1020 2312 1056 in
2323 1021 2452 1059 itinere

322 1065 499 1120 affumptis
511 1092 525 1113 ‚
550 1068 800 1116 quamprimum
808 1069 848 1117 se
859 1067 1054 1117 ‘transferre
1063 1065 1182 1115 poffint
1192 1089 1206 1110 ,
1219 1063 1416 1112 eleemosinis
1441 1062 1666 1101 nihilominus
1681 1062 1900 1114 Monasterio,
1908 1064 1948 1100 in
1959 1077 2024 1115 quo
2033 1063 2286 1126 profeffaesunt,
2301 1078 2449 1119 tempore

323 1117 470 1155 illarum
515 1116 695 1166 rofesstonis
707 1115 865 1166 elargitis
880 1140 894 1160 ‚
920 1115 1202 1159 remanentibus,
1227 1126 1282 1157 ac,
1288 1111 1460 1162 postquam
1472 1111 1538 1150 illae
1552 1113 1600 1162 sic
1624 1111 1804 1150 translata
1820 1111 1991 1161 fuerint,
2013 1124 2055 1152 ut
2089 1126 2200 1154 etitur
2213 1141 2228 1162 ,
2252 1118 2342 1167 insu
2365 1119 2458 1156 erio·

319 1174 378 1205 res
395 1168 460 1215 seu
473 1126 647 1216 gffieiales
664 1165 747 1201 dieti
761 1167 843 1202 novi
856 1163 1090 1214 &nonasterii
1097 1163 1202 1212 juxta
1211 1162 1395 1212 providam
1404 1161 1643 1212 dispositionem
1660 1160 1812 1210 praedieii
1838 1160 1958 1200 Caroli
1972 1163 2044 1202 Car
2070 1164 2176 1202 inalis
2191 1193 2203 1209 ‚
2225 1167 2269 1209 &¹
2338 1167 2449 1204 rchie.

311 1216 445 1266 pifiopi
465 1215 628 1263 deputari
637 1215 870 1261 permittimus
883 1238 894 1256 ,
921 1226 961 1249 ae
973 1212 1039 1262 quo
1054 1210 1220 1260 honestius
1244 1211 1365 1249 eaedem
1379 1210 1548 1248 Moniales
1572 1211 1611 1246 in
1623 1212 1753 1248 itinere
1778 1220 1819 1248 ex
1836 1210 1995 1250 Civitate
2007 1212 2173 1264 Perusina
2196 1216 2242 1252 ad
2256 1216 2451 1254 Civitatem

315 1263 558 1304 Mediolanen.
569 1261 711 1309 hospitio
727 1263 948 1311 excipiantur
962 1288 971 1302 ‚
996 1261 1165 1310 universis
1179 1258 1370 1312 &singulis
1384 1257 1585 1309 ‹Abbatiffis
1595 1283 1608 1303 ‚
1632 1260 1676 1302 ὼ·
1697 1257 1914 1297 Monialibns
1927 1260 2215 1311 Monasteriorum
2235 1264 2451 1310 Civitatam,

319 1311 516 1349 Terrarum
531 1334 545 1354 ‚
567 1310 613 1352 ἐν
630 1309 780 1347 locorum
802 1310 951 1360 ejusdem
966 1335 977 1351 ,
1002 1310 1046 1352 ὠ·
1059 1321 1096 1346 eo
1117 1308 1297 1358 deficiente
1310 1307 1478 1354 ,alterius
1492 1308 1647 1359 cujusvis
1672 1308 1825 1346 Ordinis
1851 1310 1895 1345 ab
1918 1310 1993 1359 ists
2008 1309 2255 1360 affociantibus
2277 1313 2452 1363 eligendo-

313 1372 395 1400 rum
408 1387 417 1403 ,
438 1368 502 1408 per
515 1370 589 1407 quae
600 1358 730 1407 easdem
743 1358 917 1396 Moniales
930 1360 1000 1397 iter
1006 1359 1128 1408 facere
1139 1384 1148 1398 ,
1171 1371 1212 1396 ac
1224 1359 1389 1408 hospitari
1409 1360 1598 1407 contigerit
1608 1383 1622 1403 ‚
1647 1359 1686 1394 in
1698 1359 1835 1395 virtute
1849 1358 1911 1406 lan
1941 1370 1967 1395 ae
1983 1358 2204 1398 Obedientiae
2224 1370 2285 1411 per
2304 1363 2454 1412 praesen-

313 1420 367 1450 tes
394 1408 595 1445 mandamus
610 1434 621 1450 ‚
646 1417 817 1456 quatenus
842 1408 919 1458 visis
940 1409 1187 1458 praesentibus,
1224 1407 1385 1457 nulloque
1406 1406 1474 1443 alio
1495 1409 1539 1444 ab
1561 1419 1680 1445 earum
1698 1408 1949 1456 Superioribus
1964 1432 1978 1452 ‚
2002 1409 2064 1446 vel
2093 1413 2114 1446 ά
2142 1410 2260 1449 Nobis
2288 1412 2456 1461 expefiiato

312 1457 502 1502 mandato,
527 1456 588 1494 vel
610 1455 754 1494 licentia
768 1481 780 1500 ,
805 1466 869 1494 aut
882 1458 1042 1507 consensu
1066 1457 1195 1506 easdem
1218 1467 1368 1506 quatuor
1381 1456 1553 1495 Mouiales
1577 1458 1676 1494 intra
1691 1455 1814 1504 septa,
1843 1456 1887 1498 ὠ·
1909 1456 2057 1508 claustra
2085 1459 2195 1496 Mona
2221 1461 2373 1498 eriorum
2395 1473 2457 1498 ea-

314 1506 471 1546 rumdem
491 1506 639 1554 benigno
653 1505 795 1554 bospitio
808 1507 987 1555 excipiant
998 1530 1010 1550 ,
1026 1507 1229 1556 sinceraque
1241 1507 1281 1542 in
1298 1506 1457 1542 Domino
1482 1506 1656 1543 charitate
1677 1504 1828 1542 trafiient
1842 1530 1853 1541 .
1883 1504 2108 1555 lnjungentes
2123 1508 2181 1556 eju
2198 1507 2273 1546 dem
2288 1509 2456 1560 Monoste·

320 1557 374 1594 rii
388 1554 624 1595 Mediolanen.
639 1553 869 1594 Monialibus,
894 1563 968 1591 tum
979 1555 1147 1605 singulis.
1169 1565 1243 1592 tum
1255 1556 1294 1591 iu
1307 1553 1510 1603 universum
1523 1578 1536 1598 ‚
1562 1554 1606 1596 ὠ·
1618 1553 1698 1590 aliis
1722 1553 1870 1595 subditis
1885 1576 1900 1597 ‚
1925 1554 1968 1598 ὠ·
1989 1555 2143 1604 personis
2158 1557 2429 1607 quibuscumque
2441 1583 2453 1594 .

314 1615 359 1645 ut
387 1603 509 1654 eisdem
522 1628 536 1648 ,
555 1602 728 1653 postquam
753 1604 793 1639 in
807 1603 977 1653 Officiales
993 1603 1137 1652 fuerint
1158 1603 1263 1642 eleffiae
1275 1629 1288 1648 ,
1314 1605 1352 1639 in
1367 1603 1420 1640 his
1433 1632 1442 1646 ‚
1468 1615 1542 1652 quae
1568 1602 1710 1653 officium
1733 1613 1853 1639 earum
1865 1613 2080 1641 concernunt
2095 1631 2104 1645 ,
2130 1616 2170 1642 ac
2183 1608 2382 1645 animarum
2392 1607 2457 1656 sa-

317 1654 425 1693 lutem
438 1676 451 1697 ,
473 1651 711 1701 regularisque
733 1652 920 1701 disciplinae
944 1653 1162 1700 observandae
1182 1655 1350 1691 rationem
1363 1653 1554 1702 respiciunt
1568 1679 1578 1695 ‚
1598 1649 1752 1700 prompt?
1764 1675 1778 1695 ,
1790 1663 1830 1687 oe
1844 1650 2021 1689 humiliter
2040 1662 2192 1703 pareant
2209 1655 2252 1697 ὠ·
2263 1656 2427 1694 obediant
2440 1680 2455 1702 ,

314 1701 409 1745 Non
432 1701 641 1752 obstantibus
665 1701 997 1752 Constitutionibus,
1025 1702 1068 1743 ἐν
1093 1702 1391 1739 Ordinationibus
1408 1700 1626 1751 eApoJlolicis
1642 1725 1651 1739 ‚
1679 1711 1719 1736 ac
1747 1698 2034 1750 Monosteriorum
2050 1725 2063 1745 ,
2087 1703 2131 1744 ὠ·
2154 1702 2310 1741 >Ordinis
2331 1704 2455 1755 hujus-

317 1751 409 1790 modi
428 1775 440 1795 ,
454 1752 559 1788 etiam
568 1751 765 1800 juramento
780 1774 793 1794 ,
818 1749 1073 1798 confirmatione
1087 1751 1294 1836 ‘Apollolica
1312 1778 1320 1792 ,
1347 1749 1406 1788 vel
1415 1751 1541 1798 quavis
1555 1749 1730 1797 firmitate
1741 1748 1814 1784 alia
1826 1750 1996 1787 roboratis
2013 1749 2161 1800 statutis
2176 1777 2191 1797 ,
2216 1753 2260 1794 &⁶
2272 1754 2455 1802 consuetus·

317 1801 462 1839 dinibus
476 1826 485 1841 ‚
508 1798 709 1848 privilegiis
733 1811 865 1847 quoque
876 1824 890 1843 ,
916 1798 1065 1837 indultis
1081 1826 1090 1842 ,
1116 1812 1156 1837 oc
1184 1802 1285 1838 iteris
1302 1798 1501 1850 Apostolicis
1515 1825 1526 1842 ,
1540 1798 1663 1846 eisdem
1677 1796 1896 1847 Monasteriis
1911 1822 1925 1844 ‚
1946 1797 2152 1849 illorumque
2176 1802 2423 1849 Superioribus
2440 1826 2455 1847 ,

319 1848 526 1898 &personis
538 1848 607 1898 sub
643 1848 886 1897 uibuscumque
909 1849 1111 1892 tenoribus,
1135 1850 1179 1892 ὠ·
1192 1849 1340 1898 formis,
1366 1861 1406 1885 ac
1420 1860 1495 1885 cum
1518 1846 1697 1895 quibusvis
1720 1845 1911 1897 clausulis,
1936 1848 1980 1890 &⁶
2003 1849 2164 1894 decretis,
2187 1851 2227 1885 in
2237 1853 2455 1889 contrarium

310 1897 436 1950 Jbrsan
460 1861 704 1947 quomodolibet
730 1897 876 1946 coneeffis
912 1898 1108 1945 approbatis
1133 1899 1176 1941 ὼ·
1206 1898 1405 1935 innovatis.
1432 1897 1575 1949 Qbus
1600 1896 1755 1933 omnibus
1769 1921 1779 1934 ‚
1801 1907 1984 1945 eorumque
1994 1907 2144 1944 tenores,
2154 1900 2382 1949 praesentibus
2389 1908 2454 1949 pro

315 1946 471 1996 expreffls
486 1946 530 1988 ὠ·
549 1946 690 1995 insertis
703 1945 865 1983 habentes
877 1970 890 1990 ‚
905 1946 976 1982 illis
990 1946 1079 1983 alias
1093 1947 1203 1996 insuo
1217 1947 1336 1984 robore
1347 1946 1581 2030 permarzuris
1595 1972 1605 1987 ,
1629 1945 1692 1981 hac
1705 1946 1781 1982 vice
1795 1944 1977 1983 dumtaxat
1995 1947 2197 1998 specialiter
2207 1972 2220 1992 ,
2247 1949 2290 1991 ἀπ’
2302 1947 2454 1998 express&

318 1996 544 2043 derogamus.
572 1995 770 2043 caeterisque
793 1997 983 2032 contrariis
1005 1995 1293 2044 quibuscumque.
1320 1995 1453 2033 Datum
1512 2006 1588 2034 omae
1600 1994 1692 2044 apud
1705 1993 1870 2033 Sanfium
1883 1994 2114 2048 Petrumsub
2137 1997 2284 2036 Annulo
2296 1996 2456 2047 Piscato-

319 2045 376 2083 τίς
398 2045 456 2080 die
472 2056 528 2092 30.
543 2044 699 2094 Augusti
717 2043 818 2091 1578.
833 2043 1062 2092 pontificatus
1078 2042 1206 2129 ΝΞΙὶνο
1217 2044 1325 2080 Anno
1333 2045 1478 2094 septimo
1491 2069 1502 2081 .

419 2089 567 2130 Indum
580 2094 698 2140 postea
726 2093 874 2136 regulari
889 2093 1071 2140 distiplma
1084 2117 1096 2136 ,
1149 2094 1258 2130 uabus
1285 2093 1501 2130 Monialibus
1517 2091 1692 2131 Perufium
1706 2092 1895 2131 reversuris
1909 2116 1923 2138 ,
1944 2095 1988 2131 ab
2003 2094 2280 2145 Archiepiscopo
2306 2095 2452 2139 Medion,

319 2142 454 2180 lanenfi
468 2142 654 2179 nonnullas
674 2141 796 2179 Sacras
813 2141 997 2190 Reliquias
1010 2140 1204 2187 confignati
1216 2169 1226 2185 ,
1255 2143 1377 2183 Sixtus
1390 2143 1483 2190 Papa
1500 2142 1550 2179 V.
1567 2142 1789 2190 sequentibus
1814 2142 1920 2180 literis
1934 2144 2120 2182 ratihabuit
2131 2169 2142 2181 .

323 2242 360 2278 A
377 2250 494 2286 tergo.
524 2237 669 2278 Dileiiis
693 2238 733 2273 in
749 2237 882 2288 Christo
896 2239 1055 2278 Filiabus
1070 2239 1308 2292 Euphrostnae,
1332 2239 1376 2283 ὰ
1390 2240 1573 2292 Chrisiinae
1593 2239 1634 2278 de
1646 2239 1756 2288 vgbis
1781 2239 2000 2279 Monialibus
2022 2241 2229 2294 Monafterii
2253 2243 2456 2294 Capacina-

321 2301 402 2339 rum
425 2298 619 2339 nuncupat.
630 2287 786 2337 Perustn.
800 2287 952 2326 Ordinis
968 2291 1010 2329 S.
1026 2288 1141 2329 Clarae
1156 2315 1167 2327 .

722 2388 1857 2446 SIXTUSPAPA
1999 2395 2066 2442 V.

616 2505 787 2549 Dilestae
814 2506 854 2550 in
876 2508 1045 2552 Christo
1066 2508 1176 2553 Filiae
1200 2509 1384 2553 Salutem
1399 2537 1415 2561 ,
1444 2507 1484 2548 δι
1508 2504 1781 2563 Apostolicam
1808 2506 2145 2554 Benedie‘tionem
2160 2542 2173 2554 .

409 2615 484 2654 Ro
503 2623 606 2666 parte
630 2615 741 2666 vestra
761 2615 903 2652 dilefiius
923 2613 1033 2652 Filius
1047 2617 1160 2665 Caesar
1184 2617 1226 2654 de
1239 2614 1489 2665 vghis‚Frater
1503 2615 1698 2653 Germanus
1721 2611 1963 2665 vester,Nobis
1974 2617 2150 2666 exposuit,
2176 2618 2269 2667 quod
2279 2616 2384 2656 Vobis
2408 2619 2455 2657 ad

423 2664 670 2715 Monasterium
684 2663 830 2714 vestrum
846 2665 1000 2715 Perufin.
1011 2690 1023 2708 ,
1050 2677 1091 2702 ex
1104 2678 1169 2714 quo
1192 2666 1238 2702 ad
1250 2664 1495 2714 Monasterium
1520 2663 1653 2703 Saneiae
1669 2663 1837 2701 Praxedis
1851 2687 1864 2707 ‚
1883 2666 2021 2712 pariter
2050 2668 2308 2716 Capucinarum
2326 2681 2461 2707 nuncu.

317 2726 484 2768 patarum
509 2715 548 2750 in
560 2714 720 2751 Civitate
736 2712 972 2751 Mediolanen.
997 2712 1018 2750 ἃ
1030 2714 1122 2751 bonae
1137 2715 1313 2752 Memoriae
1327 2713 1451 2753 Carolo
1478 2711 1666 2752 Cardinali
1691 2711 1822 2750 Sanfiae
1845 2713 2016 2751 Praxedis
2039 2716 2185 2753 ercfilum
2197 2742 2210 2761 ,
2231 2718 2325 2754 utin
2337 2729 2376 2754 eo
2399 2730 2457 2755 re-

348 2766 478 2802 ularem
489 2762 704 2811 disciplinam
729 2763 999 2800 introduceretis
1015 2787 1028 2808 ‚
1051 2763 1093 2800 de
1107 2764 1215 2800 Anno
1243 2764 1342 2810 1578.
1368 2761 1547 2800 translatos
1562 2761 1680 2812 fuistis
1695 2786 1703 2799 .
1725 2759 1766 2797 de
1778 2759 1922 2798 licentia
1943 2763 2055 2814 nostra
2083 2767 2219 2803 reverti
2240 2768 2454 2815 parantibus

318 2779 545 2855 ‘llenerahilis
567 2810 692 2848 Frater
713 2811 848 2860 Gaspar
862 2812 1149 2862 Archiepiscopus
1174 2812 1367 2850 Mediolan.
1395 2810 1576 2849 nonnullas
1590 2808 1794 2847 Sanfiorum
1815 2809 2002 2861 Reliquias
2024 2813 2111 2849 dono
2139 2814 2245 2857 dare,
2273 2814 2319 2850 ad
2326 2816 2457 2864 praedi·

322 2863 411 2902 tium
435 2860 583 2913 vestrum
607 2859 855 2909 Monasterium
869 2860 1072 2908 deferendas
1082 2887 1096 2907 ,
1110 2864 1259 2902 obtulit.
1280 2862 1314 2912 si
1326 2861 1437 2912 nostra
1463 2860 1558 2898 adid
1573 2858 1712 2896 accedat
1723 2857 1867 2897 licentia
1883 2888 1891 2896 .
1917 2857 1996 2899 Nos
2010 2862 2199 2911 spirituali
2216 2862 2333 2915 vestra
2344 2863 2460 2913 eonfi-

323 2911 475 2955 lationi,
502 2911 545 2953 Θ
570 2908 653 2945 dim
678 2908 940 2958 Archiepistopi
958 2911 1182 2958 gratitudini
1198 2912 1326 2962 favere
1351 2912 1528 2960 cupientes
1550 2935 1562 2954 ,
1589 2906 1708 2958 vestris
1726 2906 2041 2958 supplicationibus
2063 2911 2243 2958 inclinati,
2264 2913 2352 2950 dieto
2363 2911 2455 2951 oir-

319 2961 527 3011 chiepiscopo
540 2957 725 3007 Reliquias
749 2957 929 3007 praediffias
946 2960 1041 2996 vobis
1067 2960 1178 2997 dandi
1191 2988 1201 3005 ,
1226 2961 1270 3003 (ἓν
1293 2961 1391 2998 vobis
1403 2959 1483 2997 illas
1506 2956 1718 3006 accipiendi,
1745 2969 1785 2993 ac
1800 2958 1844 2994 ad
1865 2957 2111 3010 Monasterium
2135 2962 2283 3013 vestrum
2294 2962 2456 3020 ‘'Perusin.

322 3013 364 3049 in
391 3011 466 3060 ejus
489 3007 631 3046 Eccleta
655 3006 866 3044 collocandas
881 3033 895 3052 ,
923 3009 967 3051 ὠ·
992 3020 1194 3048 reverenter
1208 3008 1429 3062 offervandas
1456 3006 1637 3059 deferendi
1650 3031 1659 3047 2
1682 3005 1904 3045 Aufilritate
1929 3009 2121 3061 Apostolica
2134 3036 2147 3056 ,
2171 3021 2289 3049 tenore
2307 3015 2456 3060 prasen-

322 3062 414 3101 tium
427 3088 438 3105 ‚
464 3058 639 3096 licentiam
651 3082 664 3102 ‚
689 3057 733 3100 ὠ·
747 3056 955 3105 facultatem
981 3059 1220 3105 concedimus,
1245 3056 1334 3098 Non
1361 3058 1569 3111 obstantibus
1590 3055 1892 3107 constitutionibus
1906 3082 1917 3099 ,
1938 3059 1983 3102 ὼ·
2007 3059 2287 3098 ordinationibus
2312 3058 2456 3111 Aposto-

324 3109 404 3149 licis
414 3136 429 3156 ,
456 3108 655 3158 caterisque
667 3108 856 3143 contrariis
870 3108 1138 3158 quibuscumque
1151 3136 1162 3148 .

317 3208 348 3262 s
419 3159 555 3245 gotum
566 3156 682 3194 Roma
690 3155 783 3205 apud
793 3157 959 3197 santiam
972 3157 1118 3197 Petrum
1133 3157 1203 3209 sub
1216 3155 1362 3195 Annulo
1374 3155 1565 3208 Pisttatoris
1590 3155 1649 3194 die
1666 3167 1719 3206 19-
1736 3155 1838 3208 ‘Julii
1857 3155 1957 3206 1586.
1968 3156 2196 3208 Pontificatus
2210 3156 2334 3210 Nostri
2345 3159 2455 3195 Anno

340 3219 426 3247 ecun
452 3218 470 3245 o
482 3231 498 3244 .

1825 3254 1970 3295 Thomas
1996 3257 2267 3297 Gualterutius.

522 3306 638 3345 Breve
651 3305 842 3357 formatum
855 3307 896 3343 in
906 3307 1018 3346 Arch.
1035 3308 1237 3348 Conventus
1251 3305 1581 3359 Monia1.5‘²erufis.‘

328 3406 385 3446 lta
396 3405 516 3446 floruit
540 3406 576 3441 in
602 3406 669 3444 hoc
684 3405 848 3444 Pesufino
874 3406 1088 3446 Monasterio
1115 3407 1268 3456 Spiritus
1284 3406 1530 3455 Paupertatis,
1553 3415 1621 3450 ut,
1645 3413 1885 3454 quantumque
1906 3415 2066 3444 numerus
2091 3401 2300 3443 Mani-lium
2323 3404 2366 3441 nd
2391 3407 2451 3454 36.

425 3454 458 3493 se
488 3456 710 3499 emendent,
734 3458 847 3493 Dotes
871 3464 981 3494 tamen
1006 3459 1025 3494 a
1046 3458 1197 3496 puellis.
1222 3468 1291 3493 non
1315 3459 1571 3504 reciperentur,
1597 3457 1694 3504 quod
1714 3456 1748 3492 &
1776 3455 1814 3493 S.
1827 3457 2072 3502 Congregatio
2084 3455 2196 3504 Epire.
2211 3454 2247 3491 ἃ
2262 3455 2354 3501 aeg.

825 3507 1057 3553 approbavit,
1071 3506 1180 3544 literis
1198 3506 1239 3542 ad
1254 3506 1463 3555 Episcopum
1474 3504 1560 3542 inibi
1585 3505 1701 3551 datis,
1726 3515 1766 3542 ut
1789 3504 1965 3553 sequitur.

1004 3603 1150 3655 Illustris
1163 3628 1177 3651 ,
1200 3604 1243 3648 ὃν
1267 3605 1318 3643 Α.
1340 3602 1389 3640 R.
1404 3603 1553 3643 Domine
1573 3605 1630 3642 usi
1651 3602 1776 3643 Frater
1789 3630 1798 3642 .

333 3695 700 3811 OEandoqutdem
723 3704 872 3755 Amplit·
891 3701 968 3742 Tua
993 3702 1133 3741 illarum
1146 3703 1355 3742 Monialium
1370 3676 1631 3753 Capucinaruni
1642 3714 1764 3741 morem
1777 3701 1870 3739 circa
1884 3700 2005 3746 Dotes,
2017 3699 2040 3737 d
2050 3699 2183 3740 Puellis
2197 3700 2454 3740 Monac-bandis

458 3757 531 3803 non·
547 3753 756 3798 recipiendas
771 3768 790 3790 a
810 3755 936 3803 probat
949 3778 962 3798 ,
985 3765 1026 3791 ac
1046 3752 1087 3791 de
1096 3754 1271 3808 praeterito
1286 3752 1424 3843 illosbfe
1438 3764 1513 3790 cum
1517 3751 1604 3802 solis
1621 3751 1816 3810 eleemosinis
1836 3758 1900 3798 per
1911 3751 2055 3809 §orores
2067 3774 2081 3795 ,
2106 3763 2179 3799 quae
2193 3761 2320 3807 erceunt
2330 3778 2342 3795 ,
2367 3763 2460 3801 quae-

469 3795 548 3845 stus
561 3804 764 3840 manutenui
789 3815 807 3840 e
825 3801 995 3852 fignificat
1008 3826 1023 3852 ,
1045 3803 1157 3853 visum
1178 3802 1222 3855 est
1233 3804 1350 3855 ⁰56⁰OE
1399 3803 1638 3854 ongregationg
1650 3810 1703 3851 sta
1717 3808 1918 3849 continuari
1935 3799 1978 3850 &ss
1989 3799 2146 3851 deinceps
2162 3801 2341 3852 observari
2354 3798 2455 3858 poste,

2358 3857 2412 3887 sta
