2762 4088
406 254 535 337 scii.
850 244 2064 337 PROPOSIT‘JO

331 359 656 455 gularibus
676 407 691 441 ,
717 368 843 432 'vel
883 370 1077 433 etiam
1116 365 1258 452 ipsis
1285 365 1672 441 Ordinibus,
1722 364 2318 455 Congregationibus
2340 419 2355 446 ,
2388 372 2485 437 In-

316 465 603 548 stitutis,
649 457 726 528 ΕΞ)
754 460 1161 527 Societatibus
1186 509 1201 534 ,
1245 461 1443 523 etiam
1469 460 1772 525 Societati
1785 461 1830 542 J
1838 462 1934 546 esti
1973 510 1988 536 ,
2035 477 2145 525 aut
2185 464 2328 546 ejus‘
2359 461 2484 529 Cle—

337 558 524 630 riciS,
551 555 665 638 seu
708 554 1122 649 Presbyteris,
1172 551 1430 639 aliisque
1459 555 1734 639 personis
1760 549 2078 639 proedic‘lis
2115 569 2506 646 quacunque,

336 650 407 716 de
443 648 622 734 causa
650 696 668 723 ,
725 650 920 714 etiam
970 646 1040 712 de
1094 643 1428 730 neceffitate
1476 646 1913 732 exprimenda,
1950 649 2285 732 occastme,
2317 668 2475 737 prae-

341 758 509 811 textu
530 790 546 816 ,
570 742 694 807 0vel
728 742 921 807 colore
944 791 960 816 ,
1001 742 1200 806 etiam
1234 740 1469 803 intuitu
1492 788 1509 813 ,
1543 741 2052 826 contemplatione
2073 790 2089 816 ,
2112 743 2226 827 seu
2265 743 2352 808 ad
2379 747 2475 810 in-

319 838 638 925 stantiam
670 835 1068 922 Imperatoris
1088 883 1104 909 ,
1153 832 1399 919 Regum
1419 882 1434 908 ,
1486 830 1563 901 ΕΞ
1586 834 1951 919 Principum
1978 856 2472 925 quorumcunque

345 946 457 995 aut
502 929 667 995 alias
716 922 1161 1016 quomodolibet
1210 924 1471 1016 conceffa
1496 975 1512 1001 ,
1578 928 1825 992 illorum
1873 943 2115 993 tenores
2155 933 2475 1017 prasenti-

344 1025 450 1088 bus
490 1039 608 1107 pro
657 1019 919 1108 expreffis
966 1021 1258 1086 habentes
1296 1067 1312 1094 ,
1376 1035 1589 1086 tenore
1627 1022 2024 1107 praestntiztm
2055 1045 2423 1088 revocamus
2458 1049 2475 1099 ³,

341 1116 644 1207 caffamus
668 1162 684 1189 ,
731 1117 1039 1190 tollimus,
1078 1112 1452 1199 abrogamus
1476 1162 1492 1188 ,
1546 1110 1623 1181 ΕΞ)
1664 1115 2093 1190 annullamus,
2141 1138 2215 1181 ac
2256 1116 2326 1181 de
2369 1139 2476 1183 ccc-

339 1226 471 1276 tero
504 1225 834 1283 revocata,
864 1207 1069 1298 caffa,
1086 1206 1382 1291 sttb'lat'a,
1421 1207 1768 1294 abrogata,
1820 1205 1897 1276 ΕΞ)
1941 1211 2275 1274 annullata
2312 1259 2327 1284 ,
2380 1212 2472 1276 vi-

340 1303 623 1391 ribusque
644 1350 658 1375 ,
709 1300 785 1369 ΕΞ)
819 1297 1028 1388 ffrclu
1051 1321 1248 1365 vacua
1273 1298 1381 1390 effe
1404 1347 1420 1374 ,
1445 1297 1522 1368 ΕΞ
1546 1300 1698 1386 fore
1717 1349 1733 1376 ,
1756 1303 2026 1390 nullique
2040 1305 2288 1389 prorsus
2308 1303 2476 1370 dein-

343 1414 473 1482 ceps
506 1390 865 1481 suffragari
892 1393 1050 1484 poffe
1075 1415 1259 1468 ,xnec-
1294 1391 1503 1460 debere
1541 1394 1958 1461 declaramus.
2009 1397 2318 1484 Preterea
2341 1447 2357 1473 ,
2405 1414 2474 1462 ut

329 1494 645 1577 presentes
682 1490 864 1575 litere
898 1487 1173 1553 omnibus
1195 1535 1211 1561 ,
1261 1484 1340 1555 ΕΞ
1351 1486 1765 1573 fingulis,ad
1778 1511 1923 1576 quos
1942 1486 2186 1575 speclat
2211 1537 2227 1563 ,
2257 1489 2335 1557 ΕΞ)
2355 1509 2471 1578 pro

339 1598 608 1667 tempore
618 1578 923 1667 spefflabit
947 1629 963 1655 ,
1011 1583 1838 1670 quantocitius‘innotescant-
1858 1632 1873 1658 ,
1909 1583 2220 1656 omnibus,
2243 1581 2321 1650 ΕΞ)
2333 1586 2501 1669 sin-⁹

329 1677 499 1762 gulis
523 1671 922 1740 Generalibus
941 1723 957 1749 ,
1009 1672 1086 1743 ΕΞ)
1110 1676 1256 1741 aliis
1298 1695 1646 1763 quocunque
1695 1678 1942 1740 nomine
1972 1680 2336 1762 nuncupatis
2360 1678 2472 1742 Su-

330 1767 681 1856 perioribus
727 1789 1222 1855 quorumcunque
1261 1768 1577 1833 Ordinum
1601 1817 1617 1843 ,
1667 1769 2082 1844 Societatum,
2131 1773 2326 1835 etiam
2365 1771 2471 1835 So-

277 1915 288 1926 .
340 1861 585 1929 cietatis
624 1861 821 1946 Jesu,
871 1857 947 1929 ΕΞ)
995 1861 1041 1942 J
1049 1862 1475 1947 nslitutorum,
1503 1862 1619 1944 sub
1663 1864 2343 1937 excommunicationis,
2391 1885 2464 1928 ac

328 1957 726 2038 privationis
765 1951 1087 2040 officiorum
1111 2003 1127 2029 ,
1179 1952 1256 2022 ΕΞ)
1295 1955 1712 2042 dignitatum,
1760 1977 1990 2024 necnon
2014 1959 2178 2022 vocis
2214 1953 2424 2044 ablioe
2447 2003 2464 2031 ,

338 2046 417 2116 ΕΞ)
449 2043 673 2136 paffive
709 2051 904 2135 poenis
932 2048 1055 2134 ipso
1070 2044 1252 2135 fado
1300 2049 1690 2114 incurrendis
1715 2050 2125 2136 precipimus,
2174 2047 2252 2118 ΕΞ)
2292 2072 2465 2118 man-

334 2142 552 2207 damus
587 2190 602 2216 ,
660 2157 726 2205 ut
773 2140 950 2227 infra
999 2158 1129 2207 tres
1179 2143 1408 2227 menses
1446 2144 1760 2227 proximos
1808 2143 1848 2205 a
1896 2142 1990 2208 die
2027 2144 2462 2230 publicationis

324 2234 712 2323 presentium
747 2234 1174 2319 computandos
1211 2284 1227 2310 ,
1290 2257 1534 2310 omneS,
1587 2231 1665 2302 ΕΞ)
1691 2236 1971 2323 singulos
2027 2238 2462 2305 Provinciales

334 2326 661 2394 eorundem
686 2329 944 2412 sporum
970 2328 1286 2394 Ordinum
1309 2377 1325 2403 ,
1371 2327 1976 2414 Congregationum,
2023 2332 2407 2396 Societatum
2443 2379 2458 2404 ,

314 2422 527 2487 'ctiam
546 2476 551 2486 .,
575 2420 906 2489 Societatis
924 2421 969 2503 J
976 2422 1071 2507 esu
1091 2469 1107 2496 ,
1148 2419 1225 2489 ΕΞ)
1250 2421 1692 2508 institutorum,
1741 2421 1810 2487 de
1840 2422 2058 2506 eisdem
2078 2423 2462 2511 presentibus

331 2514 533 2579 literis
568 2516 855 2580 certiores
883 2513 1148 2600 faciant
1170 2563 1186 2589 ,
1233 2513 1687 2602 earundemque
1729 2516 2118 2603 presentium
2145 2519 2461 2602 ‘exempla-

329 2610 436 2673 ria
461 2608 603 2672 ‹illis
649 2607 1096 2692 transmittant
1120 2644 1152 2682 ,
1184 2611 1292 2697 qui
1332 2608 1575 2696 quidem
1615 2608 2044 2673 Provinciales
2073 2609 2190 2695 sub
2234 2609 2457 2694 eisdem

318 2703 522 2789 poenis
563 2700 1680 2787 teneantur-singulis„Superioribus
1705 2699 2233 2788 Adonasteriorum'
2254 2751 2269 2777 ,
2307 2701 2458 2767 Con·

327 2810 656 2870 ventuum,
707 2792 1146 2880 Collegiorum,
1195 2791 1530 2860 Domorum
1556 2843 1572 2870 ,
1619 2791 1701 2862 ΕΞ)
1744 2795 2005 2860 locorum
2045 2796 2458 2883 Regularium

317 2891 654 2975 praecipere
678 2937 693 2963 ,
752 2904 818 2951 ut
866 2887 1101 2972 easdem
1138 2889 1458 2974 presentes
1482 2920 1486 2926 ·
1485 2887 1753 2974 subditis
1782 2889 1921 2973 fitis
1945 2937 1961 2963 ,
2005 2904 2071 2953 ut
2123 2892 2313 2955 moris
2347 2889 2459 2976 est,

315 2981 624 3070 publicent
647 3028 660 3043 .
710 2978 1137 3047 Decernentes.
1159 2982 1764 3067 prcesenteslitteras
1785 3029 1802 3056 ,
1820 2984 2016 3047 etiam
2040 3004 2209 3048 exeo
2234 3033 2250 3058 ,
2300 2981 2467 3071 quod

327 3075 672 3164 quicunque
711 3075 782 3140 in
819 3070 1120 3161 premiffi’s
1138 3073 1420 3165 interest}
1455 3075 1745 3140 habentes
1767 3123 1783 3149 ,
1828 3076 1932 3141 vel
1958 3075 2180 3141 habere
2207 3092 2455 3163 preten-

325 3169 548 3238 dentes,
581 3167 671 3231 ad
703 3167 809 3232 hoc
847 3170 1090 3243 vocati,
1139 3165 1218 3236 ΕΞ)
1262 3167 1467 3233 auditi
1509 3190 1631 3233 non
1662 3167 1919 3253 fuerint
1949 3217 1966 3244 ‚
2014 3168 2084 3234 de
2119 3169 2456 3255 stibreptio-

322 3266 460 3337 nis,
507 3263 611 3328 vel
643 3260 1246 3347 obreptionisvitio,
1292 3277 1402 3326 aut
1430 3263 1809 3345 ,intentionis
1847 3262 2077 3348 Nostroe
2111 3311 2127 3337 ,
2172 3264 2286 3350 seu
2327 3262 2450 3326 alio

242 3387 244 3390 ·
320 3358 613 3444 quopiam
652 3351 884 3438 dcfcblu
926 3357 1176 3429 notari,
1200 3357 1618 3441 impugnari,
1666 3355 2025 3421 invalidari
2047 3403 2063 3430 ,
2113 3354 2452 3441 redargui,

316 3452 387 3513 in
414 3452 562 3532 jus,
605 3447 1220 3532 vel-controversiam
1263 3452 1511 3523 oocari,
1559 3463 1671 3514 aut
1712 3447 1802 3515 ad
1833 3450 2061 3523 viam,
2119 3445 2202 3515 ΕΞ)
2234 3449 2452 3512 termi-
2528 3520 2531 3522 .

321 3564 428 3606 nos
427 3543 605 3623 juris
629 3540 869 3614 reduci,
894 3540 1039 3624 sive
1057 3539 1345 3624 adversus
1363 3542 1506 3606 illas
1529 3541 1928 3630 quodcunque
1932 3542 2112 3627 juris
2131 3588 2147 3614 ,
2178 3541 2449 3626 gratioe,

319 3635 423 3698 vel
442 3630 615 3716 fabii
642 3633 982 3701 remedium
1002 3635 1341 3719 impetrari
1361 3636 1710 3701 nullatenus
1737 3631 1895 3723 poffe
1917 3681 1934 3706 ,
1961 3633 2085 3719 sed
2113 3633 2264 3699 ’illas
2286 3634 2451 3719 stm-

308 3745 423 3813 per
466 3724 746 3799 validas,
787 3724 865 3795 ΕΞ)
914 3721 1172 3811 efficaces
1194 3727 1470 3813 existere,
1506 3726 1584 3797 ΕΞ)
1612 3727 1764 3814 fore
1786 3726 2086 3816 ,ficosque
2105 3727 2452 3814 plenarios*³

2152 3817 2230 3889 ΕΞ)
2272 3823 2364 3886 in-
