2762 4108
741 1371 762 1388 ,
966 1346 1056 1376 cum
1084 1324 1219 1375 eadem
1245 1327 1379 1372 tenuit
1400 1324 1640 1391 gubernium
1655 1362 1670 1385 ,
1694 1326 1816 1395 usque
1841 1327 1936 1375 dum
1950 1324 2152 1397 subsequa
2167 1328 2291 1381 Anno
2314 1335 2461 1388 1679.

760 1390 774 1447 ἶ.
826 1401 1007 1466 partitio
1038 1400 1204 1466 utrique
1214 1394 1450 1465 fingularis
1476 1394 1715 1447 Provinciae
1745 1399 1921 1450 contulit
1939 1412 2073 1463 praero
2102 1402 2253 1453 ativas
2270 1434 2283 1447 .

933 1468 1008 1520 Ex
1037 1485 1083 1519 ea
1099 1504 1115 1527 ,
1151 1467 1237 1517 vel
1259 1467 1395 1516 adhuc
1424 1469 1542 1515 unita
1560 1502 1578 1525 ,
1612 1469 1693 1518 vel
1708 1467 1855 1537 divisa
1870 1504 1887 1527 ‚
1917 1468 2186 1535 pullularunt
2212 1466 2309 1518 Viri
2340 1470 2465 1519 tum-i

755 1541 758 1548 '
834 1537 981 1608 officiis
996 1539 1175 1592 Ordinis
1189 1574 1206 1598 ,
1241 1553 1330 1588 tum
1352 1536 1554 1609 prosapie
1576 1539 1801 1603 claritate,
1830 1557 1918 1589 tum
1943 1541 2132 1594 virtutis
2161 1540 2311 1589 honore
2329 1575 2345 1598 ,
2372 1557 2463 1589 tum

410 1622 416 1625 “
457 1615 476 1641 s
490 1612 579 1642 ΜΦ
679 1620 774 1644 *⁸³¹³*
820 1611 1049 1678 sanilioris
1076 1614 1186 1663 vitae
1211 1607 1329 1659 odore
1359 1606 1563 1677 conspicui
1580 1644 1593 1658 .

458 1682 510 1733 In
534 1683 709 1732 Ordinis
728 1682 877 1749 officiis
889 1718 907 1740 ,
943 1680 1113 1754 fflget
1144 1681 1197 1733 P.
1214 1679 1424 1730 Antonius
1450 1678 1477 1729 ἃ
1502 1677 1711 1743 Mutina,
1750 1678 1963 1731 Minifler
1986 1678 2207 1732 Generalis
2239 1678 2466 1739 Fratrum,

316 1761 370 1804 ἔθ’
403 1753 558 1804 Frater
588 1752 816 1805 Germanus
846 1752 1020 1802 celebris
1050 1757 1098 1803 in
1127 1751 1315 1819 Historia
1343 1750 1463 1807 Belli
1497 1750 1674 1817 Ducis,
1721 1758 1774 1802 65
1813 1752 1990 1803 Comitis
2018 1751 2264 1819 Raymundi
2293 1750 2469 1803 Monte·

314 1826 481 1884 cuculi,
514 1826 565 1876 de
591 1844 668 1894 quo
693 1828 834 1893 primo
862 1822 1024 1891 videsis
1065 1821 1188 1874 Tom.
1213 1842 1253 1877 1.
1275 1819 1369 1891 fil.
1384 1841 1471 1883 92.

454 1896 535 1947 Ad
554 1915 697 1946 munus
728 1895 915 1946 Procure
939 1894 1161 1952 Generalis
1193 1893 1367 1947 evodus
1397 1894 1450 1962 est
1489 1891 1565 1941 Fr.
1586 1889 1825 1942 Felicianus
1859 1892 2124 1944 Placentinus
2142 1931 2158 1955 ,
2193 1898 2267 1965 qui
2296 1894 2469 1945 heredi·

315 1972 470 2018 tariam
503 1986 558 2017 ex
585 1965 883 2019 Marchionum
919 1963 1304 2035 Lampugnanorum
1338 1963 1545 2032 Sanguine
1574 1964 1839 2014 nobilitatem
1866 1967 2073 2031 peculiari
2106 1971 2216 2018 vitae
2247 1970 2470 2036 integrita-v

313 2055 357 2090 te
374 2041 627 2098 ‚cumulavit
639 2074 656 2099 ,
699 2045 754 2090 ὃ
768 2043 880 2106 jara
892 2036 1133 2110 Religionis
1147 2073 1166 2098 ,
1213 2043 1267 2094 69'
1300 2035 1591 2086 auc‘loritatem
1618 2034 1743 2106 nostri
1772 2033 1825 2086 P.
1842 2036 2132 2092 Procuratoris
2149 2037 2284 2087 Curiae
2311 2041 2468 2094 acriter

313 2111 363 2162 dt
383 2112 496 2163 eredit
510 2148 524 2163 .
1662 2107 1667 2110 ξ

348 2110 402 2181 f
455 2182 609 2252 Offi'cio
634 2181 887 2249 Definitoris
911 2179 1131 2231 Generalis
1153 2178 1301 2249 sunHi
1321 2178 1457 2247 fiant:
1510 2174 1586 2226 Fr.
1616 2175 1875 2229 Romualdus
1914 2175 1941 2225 ἃ
1973 2173 2127 2229 Parma
2158 2215 2174 2239 ,
2219 2198 2275 2229 ex
2304 2177 2468 2247 Illustri

321 2252 526 2303 Comitum
545 2253 867 2303 Caflellinarum
883 2248 1017 2300 Gente
1033 2285 1050 2310 ,
1086 2270 1203 2320 quem
1229 2248 1511 2315 Sereniffi'mus
1527 2248 1638 2296 Dux
1655 2248 1873 2298 Odoardus
1905 2245 1996 2297 Lue
2034 2250 2274 2318 Epidemica
2309 2250 2467 2301 Parmae

314 2325 524 2393 grafficnte
540 2323 679 2389 ,ficum
708 2318 1001 2371 Vice‡·Ducem
1018 2359 1033 2383 ,
1069 2328 1123 2371 &
1149 2317 1448 2389 Illustriffimus
1478 2317 1551 2369 D.
1569 2319 1789 2387 Epist-opus
1811 2319 1932 2386 fisum
1960 2318 2171 2371 Vicarium
2202 2320 2466 2389 constituire5

316 2414 432 2463 quem
466 2392 745 2458 Serenifflmus
777 2391 1022 2455 Raynutius
1040 2390 1111 2441 II.
1147 2391 1197 2438 ob
1216 2396 1379 2460 gravia
1409 2395 1571 2458 negotia
1601 2391 1660 2439 ad
1690 2390 1953 2439 catholicum
1985 2390 2282 2459 Hispaniarum
2311 2394 2468 2462 Regem

314 2465 539 2534 ablegavit
558 2499 571 2523 ,
608 2465 662 2513 (θ’
687 2467 732 2512 in
768 2467 884 2528 cujus
910 2467 1097 2537 exequiis
1127 2466 1344 2511 turmatim
1374 2460 1579 2529 confluens
1608 2460 1792 2529 Populus
1817 2462 1938 2511 illius
1964 2468 2153 2522 exuvias
2167 2500 2183 2523 ,
2208 2464 2286 2534 seu
2315 2464 2358 2515 S.
2380 2466 2467 2515 Re·

316 2538 473 2605 liquias
508 2536 676 2602 collegit
694 2570 708 2585 .

457 2607 535 2656 Fr.
557 2605 800 2663 Joacbimus
836 2601 863 2651 ἃ
891 2602 1072 2653 soranea
1106 2639 1123 2663 ,
1166 2605 1292 2671 sacra
1331 2604 1386 2652 ό·
1417 2605 1632 2670 prophana
1669 2603 1899 2659 eruditione
1925 2600 2119 2653 illustris.
2140 2640 2158 2668 2
2207 2612 2260 2655 ξεῖ
2291 2605 2463 2673 Lingua

317 2677 531 2727 Hebraicae
562 2679 748 2743 apprim?
773 2692 926 2743 gnarus
942 2709 959 2732 ,
992 2678 1058 2723 ita
1072 2708 1088 2731 ,
1120 2690 1165 2723 ut
1186 2674 1447 2727 Hebraeorum
1474 2674 1695 2741 perfidiam
1712 2671 2018 2791 sbpiuupfelici
2036 2674 2151 2724 lucro
2178 2674 2462 2742 confunderet.

455 2747 563 2798 Obie
590 2749 666 2796 hoc
694 2747 801 2796 idem
828 2763 967 2796 munus
995 2748 1040 2794 in
1065 2744 1283 2812 praesentia
1321 2744 1397 2792 Fr.
1418 2741 1599 2801 Ioannes
1621 2738 1776 2792 Maria
1806 2740 1832 2790 ἃ
1894 2761 2009 2792 arma
2025 2779 2041 2802 ‚
2080 2748 2148 2792 cui
2175 2751 2334 2796 nativa
2366 2751 2465 2796 vir-

316 2835 386 2867 tus
411 2822 592 2886 regimen
624 2817 864 2874 Provinciae
882 2851 897 2873 ,
927 2815 1231 2881 Commiffi‘ones
1259 2830 1385 2862 extra
1421 2813 1696 2864 Provinciam
1716 2849 1733 2878 2
1768 2819 1822 2862 ὣ*
1848 2813 2045 2881 Officium
2078 2814 2332 2884 Conficltoris
2358 2814 2464 2865 San-

319 2890 379 2939 Hi
401 2889 548 2956 Qffi'cii
573 2886 859 2955 Inquisitionis
880 2884 1036 2940 Parme
1056 2889 1177 2952 prius
1204 2884 1449 2951 imposuerat
1469 2919 1482 2932 .
1933 2912 1939 2918 -
2159 2887 2163 2890 ’

459 2957 576 3008 Inter
618 2957 742 3006 Viros
765 2957 961 3022 prosapiae
979 2957 1174 3005 claritate
1199 2955 1433 3020 praestantes
1450 2953 1653 3020 recenstoz
1694 2949 1812 3006 Fu]
1812 2969 1976 3002 oannem
1995 2954 2225 3020 Baptistam
2238 2991 2253 3019 2
2278 2958 2354 3024 stu
2377 2957 2458 3006 Al-

315 3030 508 3099 phonfiem
534 3026 601 3078 ΙΙ.
637 3026 844 3078 Μντίηε
875 3026 1035 3074 Ducat
1048 3058 1066 3082 ,
1097 3026 1150 3076 de
1176 3043 1254 3094 quo
1289 3028 1334 3072 in
1365 3024 1585 3072 Bullarum
1608 3023 1722 3091 serie
1747 3019 1888 3089 fiafior
1924 3026 2079 3074 redibit
2109 3030 2304 3076 memoria
2320 3064 2333 3077 .

460 3101 536 3150 Fr.
567 3098 856 3148 Eleutherium
885 3094 912 3143 ἃ
935 3094 1186 3153 Placentia,
1224 3113 1279 3143 ex
1313 3098 1485 3162 antiqua
1516 3095 1822 3161 Aragoniorum
1843 3094 2030 3160 Appiani
2059 3095 2245 3147 Familia
2269 3134 2284 3156 ,
2320 3099 2457 3148 olim

320 3171 532 3221 Plumbini
555 3167 749 3235 Principe
767 3203 783 3226 ‚
818 3170 892 3235 qui
918 3169 965 3215 in
986 3165 1188 3232 prediHa
1217 3164 1445 3234 Hispanica
1478 3163 1706 3234 Legatione
1742 3162 1809 3214 Ῥ.
1829 3162 2060 3216 Romualdt
2075 3166 2171 3235 ficit
2200 3170 2342 3219 Comes
2357 3205 2375 3227 ,
2400 3174 2455 3217 Β

317 3245 490 3292 ultimus
513 3244 670 3290 unitam
701 3239 835 3288 adhuc
864 3238 1138 3289 Provinciam
1157 3271 1173 3294 ,
1201 3254 1271 3285 ceu
1292 3233 1496 3303 Minister
1524 3234 1818 3293 Provincialis
1845 3235 2106 3302 gubernavit
2126 3273 2138 3284 .

458 3314 535 3363 Fr.
575 3312 846 3360 Ludovicum
882 3307 909 3356 ἃ
938 3306 1090 3358 SanHo
1118 3306 1299 3357 Secundo
1313 3342 1331 3367 ,
1364 3325 1420 3356 ex
1446 3308 1645 3374 preclaro
1683 3305 1734 3356 de
1767 3305 1928 3356 Rubeis
1961 3308 2190 3358 Stemmate
2217 3344 2233 3367 ,
2269 3310 2455 3360 Comita-

321 3386 392 3434 tiaes
406 3384 452 3434 S.
467 3384 638 3434 Secundi
653 3383 832 3432 Domino
851 3414 865 3435 ,
885 3379 934 3427 de
950 3398 1028 3449 quo
1039 3414 1056 3437 ‚
1067 3377 1165 3434 dum
1179 3382 1329 3430 avitos
1345 3379 1513 3428 honores
1528 3379 1607 3427 ille
1610 3376 1693 3445 fieb
1709 3394 1813 3427 rare
1829 3377 2088 3429 humilitatis
2105 3378 2291 3431 Lacerna
2318 3384 2454 3432 occul-

318 3461 441 3509 tavit
456 3491 473 3515 ,
507 3453 651 3521 Typus
673 3452 863 3519 publicus
883 3450 1146 3517 splendorem
1165 3451 1354 3500 virtutis
1387 3450 1611 3501 exaltavit
1628 3484 1639 3497 .

459 3526 608 3576 Oculis
637 3524 791 3573 noflris
819 3521 1096 3589 obversantur
1122 3519 1221 3569 Viri
1241 3534 1367 3585 parto
1397 3524 1583 3569 virtutis
1602 3519 1977 3591 honorefielgentes
1992 3555 2007 3577 ,
2034 3520 2238 3570 videlicet
2266 3522 2344 3575 Fr.
2363 3528 2452 3577 An.

319 3601 458 3646 tonius
487 3594 644 3647 Maria
676 3595 927 3661 Pifiatorius
957 3590 983 3641 ἃ
1008 3590 1159 3641 Parma
1177 3625 1193 3648 ,
1230 3590 1573 3657 Archt'episcopus
1609 3590 1835 3659 Ephessnus
1854 3595 1991 3660 primo
2010 3625 2028 3650 ,
2062 3592 2117 3640 θ’
2132 3596 2234 3657 jam
2263 3594 2385 3646 Eccle
2403 3618 2450 3648 1ae

318 3667 632 3734 Gallipolt'taenae
661 3665 820 3732 Praefitl
833 3700 849 3722 ,
882 3665 931 3712 de
963 3683 1038 3731 quo
1077 3660 1198 3711 Tom.
1228 3681 1267 3709 x.
1290 3660 1381 3728 fil.
1401 3669 1516 3713 216.

456 3736 534 3785 Fr.
575 3734 778 3786 Michael
798 3736 983 3803 Angelus
1008 3733 1033 3783 ἃ
1063 3732 1227 3800 Rhegio
1261 3730 1446 3799 Lepidi,
1485 3731 1605 3783 Sacri
1630 3732 1793 3785 Palatii
1815 3733 2041 3807 Apostolici
2067 3733 2342 3787 Concionator
2358 3773 2372 3795 ,
2398 3739 2449 3789 de

315 3826 400 3878 quo
425 3808 474 3856 in
488 3807 603 3873 sirie
627 3807 853 3856 Bullarum
874 3842 885 3855 .
2277 3806 2380 3856 San-
