2774 4068
1036 201 1679 323 Bononiensis.

305 315 384 362 oss·
402 317 685 363 defunctorum
698 315 885 359 Fratrum
903 313 1163 370 hujusmodi,
1191 322 1343 364 &alia.

306 392 399 480 ἓξὲξ
430 374 1217 495 {51:22252‘131222⁰20‘?1'53.st¹;:¹2232
1230 378 1341 479 ἓὲἶξ

309 507 458 541 ventus
484 493 534 537 ad
564 490 787 535 Ecclesiam
813 490 909 532 novi
933 493 1179 534 Conventus
1210 494 1343 550 hujus-

309 553 418 598 modi
446 547 673 596 transferre
699 548 860 600 libere,
891 550 931 591 δι
959 550 1073 593 licite
1102 550 1275 607 possint,
1304 555 1344 596 δι

308 611 502 661 valeant,
534 608 763 666 praedit‘tam
792 609 1002 652 licentiam
1030 638 1046 662 ,
1084 611 1345 654 Audon-itate

303 668 451 717 Nostra
465 667 698 725 Apostolica
713 669 918 712 concedas
935 697 948 721 ,
978 668 1207 726 dictamque
1226 682 1340 712 vete-

301 741 390 774 rem
405 726 633 771 Ecclesiam
663 725 907 783 profanare,
939 729 979 770 δι
1004 728 1055 771 ad
1079 728 1308 785 prophanos
1324 759 1340 781 ,

299 801 383 834 non
409 797 545 830 tamen
576 786 758 830 sordidos
776 786 864 830 usus
882 816 896 838 ‚
929 786 1126 830 reducas.
1159 789 1254 829 Non
1271 790 1343 828 ob-

297 847 496 891 stantibus
514 874 529 899 ,
543 856 743 903 quatenus
761 860 862 902 opus
878 844 941 898 fit,
960 847 1071 889 Pauli
1089 848 1143 889 11.
1156 874 1170 897 ,
1185 846 1225 888 &
1238 846 1340 888 alio-

292 919 389 951 πω
407 907 690 949 Romanorum
717 903 960 949 Pontificum
976 933 990 956 ,
1004 903 1343 949 Praedecessorum

298 964 562 1016 nostrorum,
593 964 647 1007 de
684 964 808 1006 rebus
839 963 1025 1007 Ecclefiae
1053 979 1131 1007 non
1160 962 1341 1007 alienan-

295 1025 388 1076 dis,
421 1024 586 1080 aliisque
617 1023 1012 1076 constitutionibus,
1042 1025 1081 1066 Sc
1102 1023 1339 1067 Ordinatio·

300 1083 416 1128 nibus
432 1082 706 1140 aspostolicis,
738 1082 983 1147 caeterisque·
1004 1083 1222 1125 contrariis
1248 1084 1339 1137 qui—

296 1141 558 1197 bust-unque.
594 1144 743 1184 Datum
772 1143 911 1184 Romae
947 1141 1050 1198 apud
1077 1148 1118 1186 S.
1137 1143 1340 1186 Petrum..

294 1200 368 1244 sub
394 1199 563 1246 Annulo
590 1201 805 1243 Piscatoris
823 1229 837 1252 ‚
865 1201 941 1242 Die
956 1215 1058 1243 xxvi
1077 1215 1089 1242 t
1107 1218 1138 1243 t.
1160 1205 1341 1244 Novem-

291 1260 378 1304 bris
398 1273 620 1304 mocxtttt.
655 1257 925 1303 Pontificatus
964 1260 1101 1304 Nostri
1126 1263 1254 1303 Anno
1280 1260 1335 1304 vi-

292 1319 610 1377 gefimoprimo.

834 1430 894 1472 Μ.
910 1429 962 1471 Α.
983 1428 1193 1473 Marasdus
1208 1457 1220 1470 .

292 1514 293 1517 Ἰ
354 1552 506 1603 Autog.
529 1546 573 1588 in
592 1546 713 1589 Arcb.
742 1550 888 1591 secret.
905 1551 1022 1592 Brev.
1034 1545 1167 1605 Apost.
1181 1547 1315 1607 Mens:
1323 1577 1341 1600 ,

411 1608 460 1656 θ’
492 1609 601 1649 Anni
621 1606 751 1663 pred.
765 1605 848 1666 fol.
866 1620 965 1665 73²·

289 1856 520 1907 Fr.Vitali
538 1856 565 1905 ὲ
578 1858 802 1916 Bononia,
817 1859 1019 1908 Novitio
1037 1894 1054 1918 ,
1071 1858 1338 1910 Alexandro

357 1924 556 1977 Bonfioli
585 1929 630 1976 in
649 1924 810 1978 saeculo
829 1942 1122 1997 nuncupato,
1146 1950 1253 1980 cum
1276 1929 1338 1981 ob

357 2016 417 2048 τε
434 1998 638 2047 alienum
696 2001 789 2049 rius
820 2001 1110 2051 contrabium
1129 2037 1144 2060 ‚
1176 2003 1234 2052 ad
1256 2006 1335 2052 Sa·

356 2086 482 2120 cram
494 2065 630 2119 Profe
687 2087 822 2121 onem
845 2071 1030 2122 admitti
1052 2090 1140 2122 non
1162 2071 1303 2142 posset
1318 2109 1333 2131 ,

357 2139 620 2208 opportune
673 2142 877 2192 rovideri
893 2178 909 2201 ,
942 2141 991 2193 &
1021 2141 1172 2193 debita
1191 2163 1247 2193 ex
1263 2147 1335 2193 Fi-

358 2209 608 2261 deicommi
646 2228 676 2259 o
691 2246 706 2268 ‚
723 2209 811 2260 fine
831 2213 963 2274 hujus
977 2215 1239 2280 praejudicio
1254 2212 1337 2264 sol—

352 2282 433 2339 vi,
451 2278 814 2349 Archiepiscopo
834 2282 1103 2332 Bononiensi
1115 2319 1132 2343 ‚
1150 2281 1226 2334 seu
1240 2290 1333 2350 ejus

355 2352 554 2401 Vicario
576 2352 797 2402 Generali
813 2355 1070 2403 committit
1089 2389 1106 2413 ,

285 2494 322 2537 Α
357 2501 478 2548 tergo
495 2520 508 2533 .
547 2490 765 2535 Venerabili
782 2496 930 2538 Fratri
949 2492 1243 2550 Archiepe'liopo
1257 2500 1333 2538 Bo-

342 2550 521 2601 noniensi
532 2579 547 2601 ,
561 2550 648 2608 sive
669 2553 823 2594 Dileflo
842 2552 976 2603 Filio,
1006 2553 1087 2611 ejus
1125 2555 1275 2599 Vicario

513 2613 558 2651 in
556 2609 849 2668 spiritualibus
879 2616 1032 2656 Genera
1038 2614 1070 2655 le
1081 2641 1093 2654 .

282 2727 914 2786 INNOCENTIUS
982 2734 1201 2783 PAPA
1258 2735 1325 2783 X.

291 2854 527 2901 Venerabilis
543 2858 692 2900 Frater
704 2886 719 2910 ‚
741 2859 820 2904 h've
839 2858 994 2902 nile&
1010 2860 1095 2903 Fili
1108 2858 1303 2919 ,sblutem
1314 2888 1329 2912 ,

458 2914 509 2962 θ’
535 2916 796 2972 Apssoucam
820 2917 1152 2962 Besantionem.

385 3031 522 3086 Xponi
541 3033 670 3076 Nobis
697 3047 827 3091 nuper
854 3032 954 3077 fecit
986 3035 1169 3078 Dilectus
1202 3035 1324 3078 Filius

415 3092 559 3135 Frater
592 3092 738 3134 vitalis
766 3092 821 3135 de
843 3093 1054 3144 Bononia,
1082 3094 1325 3137 Alexander

282 3147 456 3192 Bonfioli
472 3161 590 3192 antea
607 3151 646 3193 in
666 3150 808 3194 s'aeculo
820 3162 1095 3207 nuncupatus,
1106 3153 1214 3208 quod
1228 3154 1326 3197 alias

282 3209 336 3252 ab
350 3212 445 3251 octo
468 3208 666 3252 mensibus
680 3211 849 3253 circiter
863 3210 1067 3253 Ordinem
1093 3213 1325 3255 Fratrum...

282 3268 586 3324 Capucinorum
608 3266 802 3325 ingressus
826 3269 913 3319 est,
940 3269 1081 3311 verum
1096 3298 1110 3321 ‚
1126 3271 1219 3327 quia
1247 3283 1325 3314 aere

283 3324 438 3380 alieno,
451 3328 501 3370 ad
520 3327 628 3372 scuta
644 3337 822 3384 quatuor
836 3327 963 3370 millia
980 3340 1151 3372 monetae
1169 3332 1320 3373 Roma-

281 3398 342 3428 οε
366 3384 619 3430 ascendente
635 3417 647 3438 ,
677 3397 863 3442 gravatus
882 3387 1116 3442 reperitur,
1142 3388 1181 3430 δι
1206 3388 1318 3431 illius

282 3445 531 3489 creditores
568 3446 714 3490 instant
739 3443 953 3496 satisfieri,
986 3445 1167 3490 nitet-‘tus
1197 3446 1319 3490 filius

283 3502 505 3547 modernus
527 3506 744 3550 Generalis
771 3504 866 3547 dini
887 3504 1051 3545 Ordinis
1078 3505 1320 3549 licentiam„

283 3559 527 3617 profitendi,
547 3564 614 3606 nili
633 3564 741 3620 prius
756 3563 898 3607 solutis
910 3563 1060 3605 debitis
1074 3561 1320 3619 hujusmodi,

283 3619 395 3675 juxta
410 3620 509 3663 dieii
523 3622 690 3665 Ordinis
702 3623 1025 3667 constitutiones
1039 3650 1054 3673 ‚
1084 3622 1318 3677 Exponenti

282 3676 473 3737 praedieto
488 3680 723 3724 concedere
740 3696 833 3723 recu
841 3679 894 3723 sat
912 3709 923 3722 .
943 3683 1051 3722 Cum
1066 3692 1203 3723 autem
1216 3708 1231 3731 ,
1246 3678 1318 3722 stc·

283 3748 329 3781 ut
360 3734 507 3778 eadem
544 3739 754 3794 Expositio
783 3739 1079 3795 subjungebat,
1107 3738 1319 3795 predic-lus

282 3799 502 3854 Exponens
527 3798 696 3841 omnino
714 3799 904 3843 intendat
930 3797 1214 3855 professionem
1244 3799 1319 3840 hu-

1404 324 1575 380 jusmodi
1590 321 1814 374 emittere,
1834 333 1909 364 nec
1919 322 2083 367 aliunde
2099 340 2146 370 τε
2160 241 2339 372 stieng-u
2366 334 2438 373 hu-

1402 377 1815 440 jusmodidissolvere
1842 380 1985 438 possit,
2012 385 2129 437 quim
2158 389 2437 433 venditum„

1404 439 1752 494 insi-ascripturum
1774 439 1991 489 bonorum,
2007 441 2324 488 fideicommissa
2349 446 2438 489 sub-

1402 498 1623 557 jectorum.
1659 499 1760 539 ldeo
1777 497 1906 539 Nobis
1924 498 2132 540 humiliter
2149 502 2358 558 supplicari
2378 503 2438 548 fe-

1406 558 1462 600 cit
1483 559 1697 611 Exponens
1712 554 1895 611 praefatus
1912 583 1925 606 ,
1958 567 2000 596 ut
2013 555 2100 609 ejus
2114 561 2216 599 votis
2233 587 2248 611 ,
2268 577 2312 604 ac
2336 564 2435 608 ,1523

1406 615 1444 657 in
1463 612 1905 670 praemisstsopportun'e
1918 615 2139 667 providere
2153 645 2167 666 ,
2180 617 2233 659 de
2257 620 2439 675 benigni-

1401 682 1487 716 tate
1513 671 1740 727 apostolic·
1762 673 2051 728 dignaremur.
2086 676 2172 715 Nos
2200 675 2324 730 ig⁷tur
2356 681 2437 720 Te-

1402 732 1689 775 stamentorum
1720 731 2029 775 fideicommissi
2063 731 2287 785 hujusmodi
2317 746 2437 777 teno-

1396 803 1467 833 res
1481 818 1494 840 ,
1512 790 1635 831 etiam
1653 792 1832 832 veriores
1845 820 1859 841 ,
1876 804 1920 833 ac
1934 790 2127 847 speciales
2146 818 2160 842 ,
2177 791 2437 847 praesentibus

1403 862 1478 906 pro
1506 847 1695 905 expressis
1729 850 1955 901 habentes,
1987 849 2194 907 ipsumque
2220 855 2437 905 Exponen-

1404 919 1489 951 tem
1503 907 1686 964 specialis
1700 908 1837 960 gratiae
1855 906 1998 951 favore
2018 907 2206 965 prosequi
2226 910 2437 964 volentes,

1403 980 1564 1011 necnon
1591 967 1612 1008 d
1638 965 1841 1023 quibusvis
1868 968 2304 1010 excommunicationis
2321 997 2333 1019 ,
2361 968 2439 1012 sul:-

1396 1025 1600 1083 pensionis
1626 1054 1640 1078 ,
1667 1026 1900 1078 interdicti,
1941 1025 2107 1082 aliisque
2154 1027 2438 1070 Ecclesiasticis

1401 1085 1613 1129 sententiis
1626 1114 1642 1136 ,
1660 1083 1838 1129 censuris
1856 1114 1870 1137 ,
1892 1086 1931 1127 δι
1944 1086 2074 1141 poenis
2090 1115 2103 1136 ‚
2130 1086 2150 1127 :i
2165 1085 2253 1142 jure·
2269 1115 2281 1136 ‚
2306 1088 2371 1128 vel
2387 1089 2439 1129 ab

1403 1147 1594 1193 homine,
1625 1145 1767 1201 quavis
1782 1145 1992 1188 occasione
2009 1173 2022 1196 ,
2051 1145 2118 1187 vel
2133 1144 2351 1187 causalatis
2369 1175 2383 1196 ,
2412 1146 2437 1187 si

1431 1205 1546 1247 uibus
1559 1202 1872 1261 quomodolibet
1891 1204 2107 1247 innodatus
2121 1205 2263 1247 exiliat
2276 1233 2289 1256 ,
2312 1203 2361 1246 ad
2378 1202 2439 1246 ef-

1401 1219 1551 1306 ?estum
1579 1262 1830 1319 praesentium
1861 1262 2056 1306 duntaxat
2078 1265 2439 1319 consequendum,

1403 1324 1544 1366 harum
1565 1324 1664 1366 serie
1675 1321 1935 1366 absolventes
1950 1352 1966 1374 ,
1997 1324 2038 1365 ὅτ.
2062 1321 2290 1365 absolutum
2310 1321 2438 1367 sot-22

1401 1381 1645 1435 censentes,
1675 1392 1830 1426 certam
1857 1392 1995 1425 tamen
2028 1381 2081 1424 de
2103 1381 2299 1438 praemisiis
2326 1383 2440 1425 noti-

1402 1441 1498 1484 tiam
1515 1456 1597 1484 non
1627 1442 1822 1486 babentes
1838 1469 1853 1492 ,
1882 1440 2108 1495 hujusmodi
2130 1441 2439 1497 supplicationi-

1402 1501 1474 1543 bus
1500 1501 1711 1554 inclinati,
1745 1501 2152 1549 fraternitatiruae,
2186 1503 2331 1544 frater
2359 1502 2441 1543 Ar·

1400 1559 1659 1617 chiepiscope
1673 1588 1687 1609 s
1720 1562 1785 1605 seu
1822 1560 2011 1602 nist-rem
2029 1561 2072 1601 ni
2108 1561 2206 1601 Tuae
2220 1590 2233 1611 ‚
2267 1560 2342 1603 Fili
2362 1561 2439 1602 Vi-

1399 1622 1508 1664 carie
1523 1646 1538 1668 s
1560 1634 1635 1676 per
1663 1620 1879 1677 presentes
1911 1618 2206 1661 committimus
2225 1649 2238 1670 ,
2260 1620 2300 1662 &
2323 1633 2438 1661 man·

1396 1679 1569 1729 damus,
1599 1691 1802 1736 quatenus
1819 1707 1833 1731 ,
1858 1679 2031 1721 constito
2055 1679 2146 1720 Tibi
2171 1677 2355 1734 legitime
2382 1676 2438 1719 de

1394 1737 1595 1796 praemiffis
1607 1768 1624 1790 ‚
1649 1739 1786 1781 eidem
1802 1738 2059 1793 exponenti,
2092 1748 2132 1778 ut
2150 1737 2343 1792 praedium
2358 1736 2436 1778 du-

1398 1808 1609 1842 centarum
1628 1799 1954 1842 Tornaturarum
1968 1796 2160 1846 circiter,
2179 1795 2367 1840 mensura:
2380 1794 2435 1837 il-

1399 1858 1531 1902 larum
1547 1857 1725 1914 partium
1740 1887 1754 1910 ,
1787 1860 1824 1901 in
1845 1856 2080 1900 Territorio
2095 1855 2331 1898 Bononiensi
2345 1884 2360 1906 ‚
2375 1853 2438 1911 ju-

1399 1929 1466 1961 xta
1488 1916 1574 1960 suos
1603 1917 1826 1960 notissimos
1850 1915 1948 1959 fines
1977 1915 2090 1958 fitum
2106 1942 2120 1963 ,
2146 1917 2186 1957 δε
2209 1914 2438 1958 Fideicom-

1399 1974 1510 2018 misso
1524 2004 1538 2027 ,
1552 1990 1675 2031 quem
1694 1977 1858 2020 Nicosai
1874 1976 2046 2019 Antonii
2060 2003 2074 2027 ,
2088 1976 2126 2017 &
2146 1975 2292 2017 Vitalis
2308 1974 2435 2016 etiam

1396 2035 1448 2076 de
1463 2033 1655 2077 Bonfiolis
1668 2063 1682 2086 ,
1696 2036 1898 2091 Majorum
1913 2035 2075 2077 suorum
2093 2033 2334 2089 suppositum
2349 2063 2363 2084 ,
2383 2047 2430 2074 ac

1398 2095 1531 2150 pretio
1542 2095 1717 2150 quinque
1734 2094 1911 2136 millium
1929 2094 2134 2135 scutorum
2158 2105 2329 2135 moneta·
2349 2094 2435 2132 Ro-

1395 2168 1517 2195 manae
1533 2153 1715 2204 circiter,
1745 2152 1969 2196 Peritorum
1993 2151 2144 2204 judicio
2170 2151 2431 2201 minuatum,

1395 2214 1503 2270 quod
1522 2212 1705 2267 legitime
1722 2210 1894 2268 possidet
1912 2239 1926 2262 ,
1944 2211 2038 2262 uni,
2054 2210 2117 2251 seu
2135 2211 2318 2266 pluribus
2338 2220 2433 2264 per-

1396 2271 1525 2321 sonis,
1558 2271 1655 2312 iliud
1683 2285 1825 2313 emere
1856 2269 2117 2318 volentibus,
2149 2270 2186 2310 &
2212 2269 2430 2312 meliorem

1393 2331 1671 2374 conditionem
1686 2328 1957 2374 offerentibus
1969 2358 1984 2381 ,
2001 2330 2210 2380 vendere,
2228 2330 2431 2386 pretium-

1394 2404 1474 2445 que
1501 2389 1596 2431 inde
1623 2389 1921 2445 redzgendum,
1951 2389 2143 2431 detrac'tis
2172 2402 2224 2430 ex
2252 2403 2304 2431 eo
2321 2388 2431 2444 prius

1396 2449 1518 2491 scutis
1535 2448 1647 2491 mille
1679 2478 1871 2490 .....
1905 2462 1980 2503 pro
2007 2449 2266 2503 multiplico,
2296 2449 2334 2491 &
2366 2460 2431 2488 re·

1397 2507 1676 2563 integratione
1700 2507 1839 2564 praedii
1856 2506 2110 2564 hujusmodi,
2143 2508 2179 2549 in
2206 2504 2430 2548 dissolutio·

1394 2581 1484 2611 nem
1499 2566 1594 2608 dicii
1608 2567 1694 2608 aeris
1707 2566 1832 2612 alieni
1858 2577 2108 2608 convertere
2137 2564 2265 2607 libere
2282 2562 2398 2619 ponit
2411 2593 2428 2613 ,

1390 2626 1432 2667 ἃ.
1446 2626 1579 2667 valeat
1596 2653 1611 2675 ,
1633 2626 1685 2667 d··
1703 2622 1896 2666 consensu
1912 2633 2048 2664 tamen
2060 2623 2243 2664 omnium
2261 2633 2425 2664 vota-tto-

1390 2697 1481 2726 rum
1496 2710 1511 2733 ,
1542 2683 1788 2724 aufloritate
1807 2680 1938 2722 nostra
1958 2679 2161 2724 concedas
2177 2709 2190 2729 ,
2222 2681 2263 2721 ec
2290 2678 2424 2721 indul-

1387 2755 1511 2798 geas,
1542 2740 1674 2795 sicque
1689 2754 1763 2795 per
1783 2736 2232 2794 quoscumqueJudices
2244 2737 2426 2779 Ordina-

1389 2801 1503 2849 rios,
1539 2799 1581 2839 δι
1606 2797 1846 2853 delegatos,
1877 2796 2003 2838 etiam
2029 2797 2248 2839 Causarum
2279 2795 2420 2839 Palatii

1390 2856 1614 2913 Apoflolici
1632 2857 1854 2899 Auditores
1870 2882 1882 2904 ,
1909 2868 1954 2896 ac
1971 2857 2119 2898 Sanctae
2138 2857 2326 2897 Romanae
2347 2857 2424 2896 Fe·

1390 2917 1518 2959 cleliae
1533 2914 1806 2965 Cardinales,
1834 2912 1957 2956 etiam
1982 2913 2036 2955 de
2065 2915 2191 2955 latere
2211 2916 2387 2969 Legatos
2405 2941 2421 2964 ,

1389 2973 1662 3029 vicelegatos
1676 3002 1691 3024 ,
1720 2972 1915 3028 dit‘iaeque
1939 2972 2054 3014 Sedis
2070 2973 2255 3014 Nuncios
2270 3000 2285 3022 ,
2316 2970 2422 3027 judi-

1386 3033 1469 3076 cari
1489 3061 1502 3082 ,
1517 3034 1558 3074 δι
1573 3031 1734 3074 definiri
1759 3031 1917 3073 debere
1932 3059 1946 3080 ,
1977 3044 2022 3072 ac
2042 3030 2298 3072 voluntatem
2322 3028 2418 3071 dieti

1391 3091 1551 3135 Nicolai
1571 3088 1768 3139 Bonfioli,
1798 3089 1868 3144 qui
1888 3087 2252 3131 fideicommissum
2281 3085 2417 3143 hujus-

1387 3150 1680 3192 modiinsiituit
1696 3179 1711 3200 ,
1739 3147 2008 3199 sustinente-r,
2030 3150 2069 3190 &
2086 3146 2273 3203 expresse
2287 3175 2301 3197 ,
2316 3160 2416 3201 qua-

1386 3220 1503 3252 tenus
1519 3223 1619 3259 opus
1647 3207 1721 3256 fit,
1751 3217 2011 3258 commutes,
2043 3207 2200 3248 irritum
2227 3219 2416 3261 quoque,

1383 3268 1555 3311 &inane
1569 3269 1797 3317 decernas,
1832 3266 1855 3308 si
1872 3265 1985 3307 secus
2018 3267 2133 3319 super
2161 3266 2245 3313 his,
2271 3263 2291 3304 i
2310 3278 2412 3321 quo.

1382 3340 1526 3383 quam,
1551 3328 1690 3384 quavis
1704 3327 1967 3374 auctoritate,
1983 3322 2155 3365 scienter
2171 3350 2185 3371 ,
2212 3322 2280 3363 vel
2295 3323 2414 3379 igno-

1381 3395 1549 3436 ranter,
1579 3385 1796 3441 contigerit
1813 3383 2032 3432 attentari,
2065 3395 2142 3422 non
2164 3378 2412 3425 obstantibus

1381 3444 1585 3501 premissis
1600 3471 1615 3493 ‚
1642 3459 1688 3488 ac
1704 3441 2073 3488 constitutionibus
2091 3469 2104 3489 ,
2118 3440 2412 3482 &Ordnatio-

1380 3505 1495 3546 nibus
1516 3503 1788 3559 Apostolicis,
1813 3515 1884 3543 nec
1897 3513 1975 3542 noo
1991 3498 2156 3541 Ordinis
2173 3495 2405 3550 huiusmodi

1379 3561 1538 3609 statutis
1564 3591 1579 3613 ,
1619 3562 1745 3605 etiam
1773 3561 2000 3615 juramento
2017 3586 2032 3608 ,
2062 3555 2409 3603 confirmatione—2

1379 3620 1615 3675 Apostolica
1629 3649 1644 3672 ,
1661 3621 1724 3663 vel
1740 3618 1877 3676 quavis
1889 3614 2081 3658 firmitate
2097 3616 2175 3659 alia
2191 3618 2409 3667 roboratis,

1378 3678 1607 3734 Privilegiis
1618 3692 1782 3735 quoque
1797 3702 1811 3725 ‚
1838 3674 2015 3718 indultis
2033 3703 2047 3725 ,
2074 3676 2115 3717 δι
2133 3675 2280 3719 Literis
2298 3678 2407 3727 Apo-

1380 3737 1556 3787 stolicis,
1582 3737 1717 3781 eidem
1747 3734 1927 3785 Ordini,
1958 3733 2145 3791 illiusque
2175 3733 2407 3789 Superiori-

1378 3799 1480 3849 bus,
1505 3798 1544 3838 &
1567 3797 1776 3854 personis,
1803 3788 1874 3837 sub
1901 3792 2223 3850 quibuscumque
2250 3791 2404 3891 Lenori-

2280 3863 2350 3901 us,
