2710 4108
381 250 414 319 3
439 244 542 301 η

314 336 445 376 Nobis
469 330 768 385 nuper'exponi
794 329 946 377 fecisti,
973 329 1174 372 Moniales
1203 329 1355 384 praedi-·

313 395 382 432 e‘tae
398 418 413 440 ,
444 404 493 431 ex
512 390 564 430 sui
582 390 746 432 Ordinis
765 390 954 431 instituto
977 388 1109 443 aliqua
1138 390 1245 430 Bona
1269 388 1343 430 sta·-

311 452 406 491 bilia
444 447 643 502 poffidere
669 463 748 491 non
784 448 924 503 poffint
949 473 964 496 ,
1001 447 1131 503 ficque
1168 446 1343 502 praedisti

314 508 477 565 joannis
496 508 661 549 Thomae
675 508 738 562 pia
757 508 941 549 voluntas
957 533 972 555 ,
1002 506 1136 560 quoad
1155 506 1342 548 redditus

317 580 473 608 annuos
488 565 605 621 ipfis,
629 564 695 607 seu
724 566 835 607 dicto
848 579 987 607 eorum
1004 565 1275 613 Monasterio‚
1301 573 1349 607 ut

321 625 538 681 praefertur
551 653 565 675 ,
599 624 757 680 legatos
772 654 784 675 ,
804 622 911 665 suum
926 624 1112 666 debitum
1126 623 1349 667 effectum.)

316 683 451 726 sortiri
470 693 677 738 nequeat,
713 684 764 725 ad
776 683 986 725 Fabricam
999 683 1333 725 antedictiMma«

315 742 423 784 sterii
441 743 590 783 Sanetae
604 741 734 784 Clara:
748 768 763 791 ,
794 741 953 783 &illius
971 742 1181 789 Ecclefiae,
1210 743 1247 783 in
1265 740 1338 782 suis

312 801 514 843 structuris
532 828 547 850 ,
574 801 613 842 δε
638 799 812 841 aedificiis
841 799 1125 842 absolvendam
1144 829 1159 851 ,
1182 816 1229 843 ac
1254 803 1344 843 Mo·

317 860 534 902 nasterium
551 859 674 913 ipsum
688 858 828 900 debita
856 859 1036 902 clausura
1052 859 1314 901 muniendum
1328 885 1342 907 ,

315 916 642 973 paramentisque
658 945 672 968 ,
708 919 982 966 ornamentis,
999 918 1314 972 supellectilibus
1329 946 1344 968 ,

313 978 437 1018 etiam
457 975 689 1018 utenfilibus
703 1004 716 1026 ,
743 974 908 1032 aliisque
923 977 1038 1019 rebus
1055 986 1138 1018 tam
1150 977 1200 1018 ad
1216 976 1344 1017 divini

312 1036 448 1077 cultus
471 1064 483 1085 ,
498 1047 614 1090 quam
631 1033 801 1089 ipsarum
823 1034 1060 1078 Monialium
1078 1033 1187 1075 usum
1206 1032 1347 1076 neces-

312 1092 422 1136 sariis
439 1091 692 1135 fulciendum
707 1120 721 1143 ,
741 1094 928 1135 maximas
943 1092 1138 1148 impensas
1157 1093 1345 1135 sustinere

314 1161 502 1207 oporteat
523 1165 535 1193 ε
566 1153 606 1192 &
622 1151 837 1194 verisimile
854 1151 897 1192 fit
911 1180 923 1202 ,
958 1151 1064 1207 quod
1083 1151 1208 1193 dictus
1227 1153 1348 1208 Joan-

312 1212 428 1262 nes,s1
447 1210 575 1252 adhuc
591 1209 782 1265 superstes
797 1206 954 1262 effet,&
979 1210 1346 1263 animadverteret,

314 1273 410 1312 Mon
419 1269 516 1311 iales
530 1269 734 1323 praedietas
755 1261 953 1311 bondrum
970 1268 1166 1311 stabilium
1181 1271 1347 1324 incapa-

313 1342 380 1369 ces
395 1326 480 1368 fore
494 1353 508 1374 ,
532 1327 612 1381 ipse
637 1340 737 1382 opus
753 1328 929 1371 Fabricae
947 1325 1173 1384 hujusmodi
1199 1330 1275 1372 suis
1289 1326 1346 1371 sa—

313 1386 531 1428 cultatibus
548 1394 814 1440 promoveret
829 1412 843 1433 ³
872 1402 916 1429 ac
937 1388 1061 1429 etiam
1086 1387 1342 1441 venditioni,

313 1447 352 1487 &
378 1443 611 1486 alienationi
643 1442 874 1487 reddituum
901 1444 1128 1503 hujusmodi
1155 1446 1206 1488 ad
1222 1460 1338 1488 eum-

312 1503 409 1544 dem
425 1501 608 1544 effectum
627 1501 745 1545 facile
762 1504 1007 1547 consentiret
1019 1533 1036 1555 ,
1059 1506 1099 1546 δι
1114 1515 1334 1561 propterea

314 1562 377 1604 Tu
398 1559 562 1604 eosdem
578 1560 784 1611 redditus,
810 1563 879 1618 qui
894 1562 1052 1605 infimul
1079 1563 1129 1606 ad
1145 1566 1331 1606 summam

312 1621 417 1662 ostio
450 1628 636 1662 entarum
662 1619 851 1662 librarum
885 1621 1069 1664 similium
1095 1624 1333 1667 annuatim„

313 1679 400 1720 asce
460 1687 555 1726 unt,
581 1681 782 1734 perpetuo
805 1679 983 1722 vendere
1011 1709 1024 1731 ,
1059 1683 1099 1723 δι
1128 1682 1332 1733 alienare,

313 1735 571 1793 pretiumque
586 1737 731 1779 exinde
745 1739 992 1793 proveniens
1016 1742 1053 1783 in
1073 1754 1174 1796 opus
1194 1741 1333 1783 Fabri-

314 1809 367 1838 cae
380 1821 395 1843 2
418 1809 465 1837 ac
480 1804 729 1850 emptionem
742 1809 1068 1850 paramentorum
1082 1828 1096 1850 ,
1118 1813 1331 1841 ornamen«

313 1866 477 1903 torum,
515 1852 852 1906 supellectilium,
888 1857 928 1897 δι
956 1858 1182 1900 utenfilium
1209 1856 1341 1914 hujus-

313 1910 421 1953 modi
437 1922 680 1954 convertere
698 1911 948 1966 summopere
960 1914 1162 1960 desideres
1179 1946 1190 1958 .
1225 1920 1308 1958 Nos
1327 1946 1344 1968 ,

313 1968 381 2025 qui
409 1969 581 2012 honestis
608 1972 837 2024 petentium
869 1973 974 2014 votis
999 1975 1177 2018 libenter
1203 1975 1343 2017 annui-

315 2042 432 2079 mus,
462 2041 594 2083 eaque
613 2028 816 2071 favoribus
843 2029 1119 2087 prosequimur
1147 2043 1343 2088 opportu-

310 2087 370 2129 nis
389 2114 402 2135 ,
430 2086 706 2139 Testamenti,
735 2089 771 2129 &
801 2088 1014 2132 literarum
1037 2093 1258 2134 nostrarum
1276 2093 1347 2134 hu-

310 2144 479 2202 jusmodi
507 2155 704 2195 tenores,
738 2160 783 2188 ac
805 2146 1038 2191 reddituum
1067 2151 1344 2203 praediftorum

312 2204 530 2259 qualitates
547 2204 798 2258 praesentibus
813 2219 888 2260 pro
912 2208 1101 2261 expreffis
1118 2210 1311 2253 habentes
1326 2240 1343 2261 ‚

309 2261 404 2317 huju
414 2260 537 2304 smodi
554 2262 908 2318 supplicationibus
925 2266 1135 2317 inclinati,
1150 2270 1342 2312 Circum·

311 2318 501 2375 spenioni
522 2323 641 2372 Tuae,
668 2321 722 2364 de
738 2337 815 2379 qua
833 2325 872 2366 in
888 2323 947 2365 his
963 2351 976 2373 ,
1001 2327 1040 2368 &
1066 2327 1150 2370 aliis
1167 2329 1341 2382 plenam

308 2378 349 2421 in
373 2379 550 2421 Domino
576 2378 764 2422 fiduciam
792 2383 1024 2427 obtinemus
1041 2414 1057 2437 ,
1082 2398 1123 2428 ut
1153 2386 1338 2430 redditus.

308 2437 518 2493 praedic-tos
532 2438 627 2487 uni,
641 2438 705 2480 vel
721 2439 901 2495 pluribus
919 2444 1095 2497 personis
1114 2446 1223 2488 laicis
1235 2475 1251 2495 ,
1271 2445 1334 2488 seu

307 2495 484 2550 Clericis
497 2526 515 2547 ,
531 2494 740 2539 meliorem
755 2500 1032 2545 conditionem
1047 2503 1305 2546 offerentibus
1317 2532 1331 2554 ,

308 2568 385 2609 pro
405 2553 446 2595 se
459 2582 473 2606 ,
501 2568 722 2609 eorumque
737 2558 975 2601 Haeredibus
995 2590 1008 2612 ,
1032 2562 1073 2605 δι
1089 2559 1329 2604 Succeffori-

307 2615 377 2655 bus
399 2610 540 2663 fimul,
566 2613 629 2655 vel
648 2611 858 2658 successive
888 2622 1088 2674 perpetuo
1115 2623 1325 2673 vendere,

304 2673 345 2713 δι
359 2671 536 2714 alienare
550 2697 564 2717 2
588 2673 847 2729 pretiumque
861 2677 1009 2720 exinde
1024 2681 1267 2734 prov-eniens
1284 2682 1324 2723 in

304 2743 403 2785 opus
427 2730 627 2781 Fabricae,
653 2744 697 2773 ac
715 2733 945 2787 Clausurae‘,
969 2750 1015 2777 ac
1042 2739 1322 2791 emptionem,

302 2798 664 2844 paramentorum,
703 2805 1063 2847 ornamentorum,
1097 2795 1328 2852 supelleeti-

302 2847 402 2889 lium
417 2876 430 2898 ,
458 2847 686 2889 utenfilium
699 2873 713 2900 ,
728 2852 767 2893 ὃς
789 2851 955 2895 aliarum
972 2868 1108 2898 rerum
1127 2855 1326 2912 hujusmo-

302 2905 542 2958 di,arbitri0
558 2916 628 2950 tuo
643 2920 887 2954 convertere
902 2912 1032 2955 libere
1047 2943 1061 2966 ,
1073 2915 1239 2958 &licite
1256 2928 1324 2959 va·

304 2966 388 3006 leas
406 2993 420 3013 ,
456 2963 638 3020 plenam,
667 2966 868 3022 liberam,
901 2973 941 3014 &
966 2974 1238 3017 omnimodam
1268 2974 1324 3015 sa-

301 3022 497 3066 cultatem
511 3050 525 3072 ,
549 3026 851 3076 auctoritatem,
882 3031 923 3072 δε
938 3032 1177 3086 potestatem
1192 3062 1206 3084 ,
1220 3033 1325 3075 dieta

300 3082 540 3125 auctoritate
552 3094 727 3131 ,tenore
744 3087 950 3142 praesentiu
959 3106 994 3131 m
1007 3119 1019 3142 ,
1035 3091 1296 3134 concedimus
1309 3118 1324 3141 a

301 3142 632 3195 &impartimur.
665 3146 719 3186 Et
746 3146 1004 3190 nibilominus
1036 3149 1326 3203 venditiones,

302 3202 342 3241 &
358 3199 622 3243 alienationes
637 3202 861 3257 hujulinodi
886 3221 934 3249 ex
958 3222 1094 3259 nunc,
1123 3220 1245 3263 prout
1272 3224 1320 3252 ex

302 3270 398 3302 tunc
415 3287 427 3310 ,
449 3261 486 3300 &
502 3259 525 3300 ὲ
541 3270 683 3301 contra
698 3289 712 3312 ,
739 3263 945 3319 postquam
957 3263 1064 3309 fac'tae
1083 3265 1235 3310 suerint
1249 3295 1263 3317 ,
1279 3283 1325 3311 ac

299 3318 430 3360 omnia
446 3345 459 3367 ,
481 3319 521 3360 &
537 3317 684 3373 singula
700 3320 738 3362 in
754 3322 1030 3367 instrumentis
1049 3325 1219 3382 desiiper
1231 3341 1324 3370 con-

299 3375 482 3418 ficiendis
523 3388 714 3421 contenta
738 3406 752 3427 ,
792 3381 904 3424 licita
951 3393 1085 3428 tamen
1114 3413 1129 3436 ,
1169 3387 1210 3428 &
1251 3387 1325 3427 ho-

302 3433 408 3499 nesta
435 3465 449 3485 ‚
497 3449 543 3477 ac
594 3437 726 3480 Sacris
761 3442 994 3484 Canonibus
1043 3458 1120 3486 non
1157 3456 1323 3489 contra-

302 3505 359 3534 ria
377 3520 391 3542 ,
414 3494 656 3538 austoritate
668 3522 682 3544 ,
705 3498 905 3542 &tenore
920 3501 1112 3556 praedistis
1127 3506 1325 3559 approba-

303 3564 416 3617 mus,
440 3553 480 3593 δε
509 3553 819 3608 confirmamus,
846 3572 893 3600 ac
920 3559 1002 3602 illis
1031 3562 1246 3616 plenariae‚
1284 3566 1324 3606 &

304 3609 544 3651 inviolabilis
560 3610 756 3657 firmitatis
771 3617 895 3659 robur
908 3617 1116 3675 adjicimus
1132 3649 1144 3671 ,
1167 3622 1324 3664 omnes-

301 3681 380 3722 que
394 3693 408 3715 ,
434 3669 473 3709 &
490 3668 657 3724 fingulos
670 3703 685 3724 ,
717 3683 797 3716 tam
815 3675 912 3731 juris
926 3706 940 3728 ,
968 3683 1087 3734 quam
1103 3678 1193 3722 faeti
1207 3679 1324 3723 defe-

300 3729 411 3777 ctus,
439 3726 462 3767 fi
479 3729 547 3781 qui
561 3730 890 3787 intervenerint,
918 3737 956 3778 in
984 3737 1135 3781 eisdem
1161 3738 1323 3795 supple-

298 3799 382 3829 mus
397 3813 408 3826 .
439 3789 534 3830 Non
546 3787 788 3836 obstantibus
807 3793 1017 3841 voluntate
1031 3798 1322 3856 ipfiusJoannis

998 285 1000 289 J
1072 210 1635 300 'Provincia

1410 330 1601 376 Thomae,
1643 340 1760 382 quam
1786 326 1827 371 in
1843 354 1858 377 a
1879 329 1920 373 &
1947 326 2081 385 quoad
2106 328 2184 370 hoc
2210 338 2435 374 commuta-

1403 401 1514 437 mus,
1526 385 1691 442 aliisque
1708 386 1907 442 praemiffis
1918 417 1935 438 ,
1949 386 2319 443 necnomqu'atenu‘s
2333 402 2433 443 opus

1403 448 1447 488 sit
1462 474 1476 497 ,
1490 445 1564 488 fel.
1579 445 1739 487 record.
1766 447 1881 489 Pauli
1914 449 2029 501 Papae
2041 449 2097 488 11.
2127 445 2432 489 Praedecess'oris

1403 505 1571 558 Nostri,
1600 503 1654 547 de
1683 505 1803 548 rebus
1837 504 2026 549 Ecclefiae
2062 519 2145 549 non
2184 505 2408 548 alienandis
2421 533 2438 557 ,

1408 562 1833 621 aliisque'Apostolicis
1848 593 1864 614 ,
1889 578 1935 605 ac
1956 563 1997 605 in
2017 563 2340 610 Provinciahbus
2355 591 2370 616 ,
2394 565 2436 606 &

1410 621 1684 678 synodalibus
1699 621 1898 664 Conciliis
1915 620 2051 671 editis,
2063 623 2319 678 generalibus
2335 649 2352 672 ,
2368 622 2434 665 vel

1400 679 1646 738 specialibus
1670 679 2035 726 constitutionibus
2052 708 2067 731 ,
2090 681 2129 721 δε
2147 681 2437 724 ordinationi-

1401 742 1474 783 bus
1488 769 1502 792 ,
1529 753 1692 782 necnon
1707 739 1947 782 Monasterii
1962 767 1975 790 ,
1993 739 2033 779 &
2045 738 2208 783 Ordinis
2227 739 2438 796 praedieto-

1405 813 1496 841 rum
1511 827 1524 849 ,
1541 796 1771 854 juramento
1785 826 1800 849 ,
1830 795 2139 840 confirmatione
2168 798 2403 853 Apostolica
2418 825 2433 847 ‚

1409 858 1473 900 vel
1494 853 1633 912 quavis
1649 854 1843 898 firmitate
1859 854 1938 898 alia
1961 855 2162 898 roboratis.
2186 855 2343 900 statutis
2359 882 2379 909 ,—
2395 859 2433 898 &

1408 913 1761 959 consuetudinibus
1776 943 1791 965 ,
1832 911 2060 970 ceterisque
2099 916 2310 957 contrariis
2350 916 2435 969 qui·-

1407 974 1655 1030 buscumque
1670 1001 1680 1013 .
1715 973 1913 1023 Volumus
1929 980 2068 1016 autem
2083 999 2098 1023 ,
2123 971 2233 1028 quod
2257 974 2437 1029 pretium

1405 1047 1455 1076 ex
1469 1031 1574 1073 dicta
1593 1029 1830 1073 venditione
1844 1031 2087 1086 proveniens
2103 1058 2116 1082 ,
2133 1030 2264 1074 donec
2281 1032 2320 1076 in
2338 1046 2438 1087 prae-

1405 1092 1532 1134 dictos
1549 1092 1636 1132 usus
1650 1100 1919 1133 convertatur
1933 1118 1947 1140 ,
1967 1103 2092 1146 penes
2111 1088 2255 1131 AEdem
2270 1088 2437 1139 sacram,

1407 1151 1474 1192 vel
1493 1148 1703 1205 personam
1716 1147 1797 1191 fide
1808 1175 1822 1196 a
1834 1150 1873 1190 ὃ(
1886 1146 2147 1195 facultatibus
2162 1148 2351 1192 idoneam
2364 1149 2439 1192 de·-

1407 1217 1582 1264 ponatur
1596 1237 1608 1248 .
1643 1210 1794 1249 Datum
1834 1210 1975 1249 Romae
2015 1206 2120 1262 apud
2151 1209 2337 1251 Sanctum
2364 1210 2435 1251 Pe.

1407 1279 1517 1311 trum
1533 1266 1600 1309 sub
1617 1266 1781 1308 Annulo
1798 1264 2011 1308 Piscatoris
2037 1265 2105 1307 die
2120 1264 2276 1308 decima
2288 1269 2439 1323 Janua-

1407 1326 1456 1369 rii
1472 1339 1674 1373 Monxxlx·
1688 1323 1951 1372 Pontificatus
1969 1324 2102 1366 Nostri
2119 1337 2223 1366 anno
2238 1325 2432 1382 septimo.

1910 1382 2041 1426 caesar
2055 1381 2284 1427 Glorierius
2303 1411 2316 1426 .

1452 1509 1511 1548 Ex
1533 1502 1836 1557 Archivopraed.
1853 1504 1947 1556 Reg.
1963 1502 2193 1557 annipraed.
2200 1499 2281 1558 fol.
2300 1516 2339 1554 3:-

1592 1619 1595 1621 .
1629 1598 2432 1620 ss———a-——v--ss--u—ss———u

1393 1703 1502 1754 Alia
1539 1704 1616 1752 Pia
1654 1705 1859 1773 Legata,
1896 1715 2178 1752 commutata
2226 1697 2436 1750 Testato-

1461 1791 1565 1825 rum
1604 1775 1841 1824 voluntate
1873 1773 2072 1826 Fabricae
2104 1771 2256 1821 eidem
2293 1771 2436 1837 appli-

1471 1844 1561 1891 cari
1575 1879 1593 1902 ,
1610 1841 1969 1912 Archiepiscopo
1984 1843 2131 1896 eidem
2147 1842 2405 1892 committit
2416 1871 2432 1889 .

1430 1962 1586 2008 Βίζεὲἶο,
1606 1960 1708 2007 Filio
1736 1963 1873 2005 carolo
1895 1963 2021 2006 Tituli
2047 1962 2202 2006 sunm
2218 1956 2401 2005 Praxedit

1674 2022 1894 2077 Presbytero
1921 2021 2130 2067 Cardinalt·
2144 2050 2156 2063 .

1405 2142 1908 2195 GREGORIUS
1982 2142 2199 2191 PAPA
2272 2141 2428 2190 XIII.

1490 2268 1644 2312 Dileffe
1683 2268 1768 2311 Fili
1805 2266 1946 2323 Noster
1966 2297 1982 2319 ,
2032 2269 2208 2310 Salutem
2236 2297 2253 2318 ,
2291 2267 2344 2318 ὁ·

1615 2326 1870 2385 Apostolicam
1889 2326 2191 2369 Benedicteonem
2205 2355 2216 2367 .

1497 2446 1632 2501 Xponi
1649 2443 1777 2487 Nobis
1793 2458 1918 2500 nuper
1929 2441 2073 2495 fecisti,
2089 2443 2316 2500 qu0d‚cum
2331 2441 2430 2485 aliis

1522 2507 1698 2546 interTe
1712 2530 1725 2551 ‚
1740 2503 2004 2545 &nonnullos
2017 2502 2184 2554 alios,ac
2201 2501 2432 2556 Religiosos

1391 2565 1512 2606 Viros
1541 2564 1756 2605 tra-Statum
1780 2561 1914 2605 fuisset
1940 2562 1992 2604 de
2020 2561 2253 2604 fabricando
2278 2560 2319 2600 in
2355 2558 2434 2601 Ci-

1390 2623 1517 2665 vitate
1541 2622 1814 2665 Mediolanen.
1842 2619 2086 2665 Monasterio
2102 2617 2339 2662 Monialium
2359 2645 2373 2669 ,
2387 2617 2428 2659 in

1385 2696 1466 2739 quo
1498 2683 1687 2736 Virgines
1713 2694 1911 2736 pauperes
1940 2679 2020 2722 sine
2057 2678 2161 2720 dote
2193 2678 2432 2732 reciperen-

1387 2753 1453 2784 tur
1476 2769 1491 2792 ,
1522 2755 1565 2783 ac
1593 2740 1713 2783 multi
1741 2737 1971 2781 obtulissent
2003 2737 2095 2779 satis
2125 2736 2325 2780 notabiles
2354 2748 2428 2790 pe·

1387 2800 1594 2842 cuniarum
1622 2800 1791 2841 summas
1817 2797 1866 2840 ad
1895 2795 2087 2840 fabricam
2111 2794 2337 2853 hujusmodi
2362 2792 2424 2834 fa-

1385 2857 1598 2905 ciendam,
1629 2859 1668 2899 &
1692 2857 1740 2900 ad
1769 2856 1985 2899 emendum
2013 2856 2146 2911 aliqua
2176 2855 2282 2898 bona
2306 2851 2425 2895 stabi-

1384 2915 1543 2969 lia,seu
1559 2916 1645 2973 jura
1666 2917 1703 2957 δι
1731 2915 2000 2970 proprietates
2017 2942 2031 2964 ,
2063 2929 2112 2956 ex
2140 2927 2312 2970 quorum
2337 2908 2425 2952 sru-

1386 2978 1510 3019 &ibus
1524 2976 1641 3017 dictis
1662 2974 1894 3030 Virginibus
1914 2974 2107 3016 alimenta
2124 2973 2422 3029 praestarentur,

1387 3037 1494 3078 inter
1517 3034 1646 3086 alios,
1677 3033 1742 3088 qui
1776 3035 1814 3076 se
1842 3031 1937 3074 dieti
1965 3033 2100 3089 operis
2131 3033 2356 3079 Fautores,
2388 3029 2426 3072 δε

1386 3094 1594 3150 adjutores
1609 3092 2107 3147 exbibuerunt,quondam
2126 3089 2347 3133 Brocardus
2369 3086 2423 3129 de

1389 3153 1554 3197 Persicis
1582 3152 1735 3207 legavit
1762 3165 1838 3206 pro
1863 3151 1972 3195 dieto
1993 3164 2120 3207 opere
2152 3144 2432 3206 perficiendo,

1386 3211 1599 3269 quamdam
1621 3211 1888 3268 pecuniarum
1909 3210 2126 3256 summam,
2158 3220 2315 3250 necnon
2343 3214 2431 3247 tre-

1385 3281 1526 3314 centos
1550 3269 1796 3326 aureos,post
1811 3268 1895 3327 ejus
1911 3266 2117 3312 decessum
2134 3279 2206 3323 per
2228 3264 2432 3307 haeredcm

1387 3332 1495 3372 (uum
1521 3327 1836 3385 persolvendos,
1866 3329 1958 3370 &in
1977 3326 2089 3370 usum
2111 3326 2221 3381 pium
2247 3322 2429 3364 arbitrio

1387 3399 1459 3432 tuo
1474 3388 1771 3432 distribuendos
1785 3416 1798 3440 ,
1813 3402 1857 3430 ac
1874 3384 2102 3430 Franciscus
2128 3381 2416 3433 Bernardinus,

1387 3449 1511 3502 vulgo
1522 3449 1782 3491 Francesinus
1798 3453 2045 3500 nuncupatus
2059 3439 2426 3492 summam,ducen-

1385 3518 1526 3549 torum
1553 3506 1755 3549 scutorum
1771 3505 1856 3547 auri
1880 3516 1954 3559 per
1977 3499 2157 3544 haeredes
2183 3498 2288 3550 suos,
2315 3498 2424 3555 post-

1387 3579 1504 3622 quam
1532 3568 1682 3608 distum
1709 3577 1809 3619 opus
1825 3561 2040 3604 stabilitum
2057 3557 2426 3610 foret,solvendam

1385 3624 1520 3667 eidem
1549 3623 1790 3668 Monastcrio
1817 3621 1996 3676 legauit,
2028 3628 2149 3674 prout
2176 3619 2217 3661 in
2251 3631 2426 3663 eorum,

1385 3683 1634 3729 testamentis
1655 3713 1671 3734 ,
1718 3680 1782 3724 seu
1809 3678 2075 3721 instrumentis
2105 3677 2275 3734 publicis
2304 3675 2426 3718 desu-

1384 3757 1459 3798 per
1493 3740 1687 3786 confeetis
1727 3740 1883 3795 plenius
1916 3737 2068 3780 dicitur
2101 3736 2334 3780 contineri·
2370 3734 2427 3775 Et

1383 3801 1530 3845 deinde
1559 3801 1643 3858 post
1675 3809 1850 3846 mortem
1878 3796 2107 3850 Brocardi,
2137 3798 2175 3840 &
2206 3790 2427 3895 Bernantjldi-
