2762 4088
863 211 1798 310 ISAGOGES
2184 232 2319 318 xv.

824 396 1498 494 SECTIO
1642 406 1852 493 IV.

337 592 443 662 De·
478 588 677 658 dubiis
723 593 890 660 circa
939 593 1476 682 Reformationem
1523 601 1686 667 vivoe
1738 599 1908 667 Vocis
1927 599 2333 672 Oraculorum

1202 705 1457 756 exortzs.

272 924 274 926 -
465 877 549 944 IX
569 877 857 966 praedi&a
875 879 1276 946 Oraculorum
1291 878 1673 947 Reformatio
1691 885 1895 957 audita
1916 882 2002 949 est
2019 934 2037 960 ,
2064 884 2384 952 nasceban-

494 988 592 1037 tur
637 972 803 1037 illico
848 974 1060 1060 gravia
1106 973 1327 1051 dubia,
1374 997 1444 1039 ac
1489 975 1959 1053 controversiae,
2001 979 2059 1042 8(
2107 1003 2183 1043 eo
2221 979 2384 1068 ipsi),

266 1068 442 1160 quod
485 1066 805 1132 revocatio
852 1064 922 1130 fit
968 1065 1212 1147 odiosa,
1257 1066 1542 1158 impensi)
1579 1068 1777 1134 studio
1816 1067 2044 1135 salvare
2081 1070 2385 1162 quqfitum

264 1162 412 1238 fuit,
459 1158 634 1250 quod
656 1156 870 1223 salvari
893 1183 1264 1252 quocunque
1287 1162 1466 1227 titulo
1497 1178 1770 1251 poterat.
1801 1162 1998 1239 Hinc,
2032 1188 2175 1229 cum
2210 1187 2284 1229 ex
2305 1162 2387 1227 su-

264 1279 375 1346 pra
422 1268 765 1318 memorata
808 1253 1266 1322 Constitutione
1295 1256 1578 1344 Gregorii
1603 1258 1764 1320 XIII.
1811 1258 1931 1345 qua
1967 1254 2387 1321 conceffiones

261 1352 316 1413 S.
327 1348 419 1413 Pii
442 1349 513 1412 V.
555 1346 876 1411 revocavit
894 1349 1109 1422 ,etiam
1154 1371 1527 1439 quaecunque
1545 1349 1862 1415 Minoritis
1888 1347 2163 1414 conceffa
2197 1351 2388 1439 privi-

262 1443 422 1530 legia
467 1459 756 1506 revocata
790 1440 1150 1519 videantur,
1196 1441 1541 1508 dubitatum
1583 1441 1721 1506 fuit.

445 1532 487 1594 Ι.
532 1533 639 1596 An
683 1534 1026 1623 privilegiis
1066 1539 1369 1603 revocatis
1390 1583 1408 1611 ,
1452 1534 1808 1619 censeantur
1851 1537 2077 1625 pariter
2102 1553 2387 1602 revocata

266 1629 426 1695 vivae
449 1627 640 1690 Vocis
668 1627 962 1692 Oracula2
1000 1628 1106 1692 Ad
1136 1630 1307 1720 quod
1338 1630 1687 1694 communis
1721 1631 2018 1718 reperitur
2040 1630 2386 1693 Doctorum

266 1719 524 1811 opini0,
572 1720 748 1809 quod
794 1742 926 1786 non
970 1740 1257 1788 revocata
1304 1723 1756 1810 intelligantur,
1793 1746 1870 1787 ex
1910 1720 1988 1792 eo
2010 1770 2027 1796 ‚
2061 1723 2231 1810 quod
2261 1720 2388 1809 spe-

267 1813 477 1887 cifica,
523 1811 583 1876 8(
627 1810 896 1902 expressa
944 1813 1266 1903 indigeant
1307 1817 1631 1880 mentione
1654 1863 1673 1899 ‚
1719 1817 1805 1881 uti
1853 1830 2020 1880 tenet
2061 1816 2282 1880 Portel.
2317 1818 2388 1880 in

269 1906 431 1974 Dub.
447 1904 659 1992 Regul.
685 1906 850 1972 verb.
872 1906 1151 1974 Oracula
1194 1931 1358 1974 num.
1379 1933 1433 1991 3.
1464 1909 1705 2001 Peyrin.
1740 1925 1783 1974 t.
1814 1932 1861 1973 1.
1895 1909 2110 1994 privil.
2124 1908 2384 1974 Minim.

266 2005 337 2068 in
357 1997 594 2085 Constit.
627 2022 720 2081 17.
743 1999 789 2081 J
794 2001 908 2068 ulii
930 2023 953 2064 1
975 2023 1023 2073 1,
1064 2007 1114 2084 ς.
1137 2025 1183 2065 1.
1222 2025 1384 2095 mfm.
1406 2026 1456 2067 2.
1495 2002 1583 2066 Sa
1604 2005 1674 2068 in
1698 2004 1950 2088 stemma
1981 2001 2143 2066 verb.
2152 2004 2384 2085 gratia

269 2116 435 2160 num.
467 2112 563 2173 13.
610 2092 872 2159 Lezana
917 2112 1072 2181 oper.
1117 2096 1325 2183 Regul.
1364 2094 1526 2161 verb.
1563 2095 1845 2160 Oracula
1877 2117 2038 2158 num.
2057 2118 2115 2175 4.
2162 2096 2230 2158 in
2262 2091 2384 2156 fine

269 2185 376 2253 ubi
406 2186 491 2250 ait
513 2233 529 2260 ‚
576 2183 811 2251 etiamfi
860 2187 1346 2254 Constitutiones
1388 2190 1808 2275 Derogatoriae
1853 2185 2120 2251 habeant
2163 2184 2387 2251 clausu-

271 2281 396 2345 lam
442 2298 566 2344 non
601 2279 996 2366 obstantibus.

283 2395 288 2398 ·
446 2372 526 2436 ΙΙ.
570 2373 676 2436 An
723 2394 835 2461 per
880 2373 1071 2439 distas
1110 2372 1597 2442 constitutiones
1641 2373 1927 2461 Gregorii
1950 2375 2082 2437 XV.
2104 2420 2121 2446 ,
2167 2371 2225 2435 8(
2272 2371 2389 2436 Ur-

273 2462 417 2530 bani
438 2463 595 2530 VIII.
642 2462 867 2530 fuerint
897 2485 1181 2533 revocata
1199 2468 1529 2554 Privilegia
1547 2515 1564 2541 ‚
1607 2469 1765 2532 vivae
1792 2466 1980 2530 Vocis
2001 2465 2267 2529 Oraculo
2286 2465 2390 2524 Su-

273 2555 620 2647 perioribus
653 2577 869 2623 contra
905 2558 1176 2626 subditos
1205 2558 1520 2625 concessa?
1544 2560 1645 2622 Ad
1671 2559 1841 2647 quod
1861 2553 2389 2643 dubiumrespon-

274 2653 383 2717 det
430 2649 752 2716 Bardonus
796 2673 931 2717 var.
980 2654 1140 2739 rel‘ol.
1182 2675 1280 2733 31.
1327 2674 1489 2716 num.
1515 2675 1565 2714 2.
1612 2651 2058 2736 negative‚·ex
2096 2648 2332 2711 ratione
2369 2694 2386 2720 ,

272 2744 447 2834 quod
483 2741 713 2834 praefati
753 2743 987 2810 Summi
1009 2745 1335 2810 Pontifices
1371 2746 1450 2809 de
1498 2739 1847 2825 hujusmodi
1880 2740 2218 2827 privilegiis
2256 2759 2388 2801 non

274 2836 451 2925 loqui
500 2838 865 2911 videantur,
914 2838 999 2901 uti
1048 2839 1372 2911 deducitur
1403 2857 1475 2900 ex
1513 2832 1682 2898 causa
1714 2831 1914 2907 finali,
1958 2832 2096 2894 illos
2117 2833 2194 2895 ad
2215 2852 2388 2894 revo-

274 2930 588 2994 cationem
630 2929 977 3010 faciendam
1031 2945 1327 2993 movente
1358 2975 1375 3000 ,
1426 2927 1486 2989 8(
1528 2927 1594 2987 in
1638 2948 1715 2988 eo
1760 2920 2118 2989 confistente
2155 2971 2171 2996 ,
2218 2922 2387 3008 quod

275 3022 524 3087 illorum
564 3019 738 3096 usu8‚
785 3037 849 3084 ut
884 3021 1215 3108 plurimum
1255 3023 1321 3084 in
1365 3014 1787 3082 Ecclefiastieae
1815 3012 2154 3101 Discipline
2190 3012 2388 3101 preju-

276 3114 513 3178 dicium
559 3129 876 3202 vergeret,
921 3112 1007 3175 uti
1056 3127 1224 3199 patet
1256 3133 1329 3175 ex
1361 3107 1599 3173 verbis:
1643 3109 1845 3171 minus
1866 3103 2176 3170 Canonica
2200 3107 2387 3168 inter-

272 3209 628 3293 pretatione
661 3203 939 3278 extendi,
1007 3203 1085 3273 δέ)
1117 3221 1446 3289 perperam
1479 3202 1548 3264 in
1590 3197 1937 3283 Dg‘fhiplinoe
1973 3194 2383 3280 Ecclesiqsticae

283 3297 750 3366 Detrimentum
797 3297 1136 3361 executioni
1167 3292 1565 3359 demandari.
1602 3287 1795 3355 Causa
1835 3307 2036 3354 autem
2075 3286 2266 3350 finalis
2302 3308 2390 3350 re·

283 3389 561 3479 stringit,
604 3405 706 3453 aut
753 3389 1010 3474 ampliat
1047 3385 1571 3450 Constitutionem
1603 3381 1927 3445 ad‘limites
1970 3377 2103 3442 {iios
2146 3380 2180 3443 l.
2212 3399 2390 3440 cum.)

283 3481 488 3551 Pater
532 3490 587 3565 ᾗ.
626 3477 960 3562 dulczffimis
979 3475 1060 3566 ff
1090 3478 1160 3544 de
1191 3478 1413 3564 Legat.
1434 3500 1485 3541 2.
1535 3471 1613 3542 &³
1658 3472 1821 3537 docet
1870 3470 2123 3555 Hostien.
2147 3519 2163 3546 ,
2209 3490 2391 3558 quem

283 3575 503 3650 refert,
548 3576 607 3639 8(
655 3573 918 3663 stquitur
966 3571 1315 3639 Panormit.
1350 3567 1545 3654 Caput
1578 3564 1828 3650 Ecclesz'e
1866 3562 1934 3627 de
1960 3562 2261 3627 Immonit.
2288 3559 2394 3624 Ec-

287 3669 418 3754 clell
457 3690 620 3735 num.
648 3690 696 3749 5.
717 3717 735 3743 ‚
779 3663 857 3735 ὅθ
881 3674 936 3731 6.
971 3661 1125 3729 Usus
1146 3679 1352 3728 autem
1377 3658 1690 3748 privilegii
1712 3655 2104 3743 Superiorum
2139 3670 2397 3808 ecgngra..

381 3799 387 3803 .
2206 3771 2240 3809 u
2284 3782 2307 3792 -
