2774 4068
349 198 519 255 210

286 294 350 332 tes
364 315 378 339 ,
398 286 447 328 ad
464 298 563 342 quos
582 280 849 326 Sanetiffimus
870 280 1067 325 Dominus
1085 279 1235 324 Noster
1251 294 1322 323 re..

288 346 471 400 scripsit,
508 352 553 384 ut
587 342 886 398 providerent3
924 339 1196 398 Amplitudini
1223 342 1321 384 Tuae

290 404 552 448 scribendum
591 403 840 445 censuerunt
881 431 895 455 ‚
947 401 1058 456 quod
1109 397 1278 442 facimus
1302 429 1318 454 ,

288 474 493 521 quatenus
522 489 537 513 ,
579 461 639 505 his
669 462 848 517 acceptis
876 490 890 512 ‚
938 458 1091 504 efficiat
1113 485 1128 507 2
1167 469 1214 503 ut
1239 462 1319 502 Pa-

287 524 440 567 rochus
483 534 577 565 cum
619 520 684 566 sua
713 524 850 564 Cruce
876 519 995 563 funus
1029 518 1155 563 ducat
1182 518 1232 562 ad
1259 519 1325 563 di-

284 586 390 625 etam
408 581 631 625 Ecclesiam
659 581 992 637 Capucinorum,
1018 579 1086 637 qui
1113 578 1206 622 satis
1235 580 1324 633 est,

286 653 332 686 ut
361 640 411 685 ad
438 655 588 685 eorum
616 639 803 683 Ecclesiae
827 649 965 696 portas
980 640 1220 695 expectent.
1254 642 1321 683 Ita

286 703 413 759 igitur
427 698 765 756 AmplitudoTua
781 699 1059 742 inconstanter
1070 706 1319 755 exequatur,

284 773 412 817 atque
440 758 490 802 ad
520 762 688 802 Sacram
703 759 1083 816 Congregationem
1107 757 1322 814 paritionis

286 821 582 864 documentum
598 815 871 870 transmittat3
907 819 1036 874 Eique
1051 817 1185 859 omnia
1213 817 1323 872 pros-

285 893 385 937 pera
401 890 615 935 precamur
630 877 652 920 ἐι
675 876 877 921 Domino.
911 879 1052 922 Romae
1090 889 1156 919 ιι.
1180 876 1322 923 Martii

290 940 414 995 1679.

342 995 517 1053 Amplit.
538 998 635 1040 Tuae

677 1090 745 1131 Uti
765 1092 914 1133 Frater

457 1148 511 1201 F.
529 1147 656 1198 Ca'rd.
677 1150 875 1199 Columna
890 1146 1158 1217 ‘Praefic‘lus-

342 1266 479 1325 steph.
489 1270 731 1312 Braneatius
745 1268 870 1327 Epss.
893 1266 1106 1311 viterbien.
1118 1271 1265 1311 secret.

340 1387 517 1442 Exempl.
535 1386 661 1430 Auth.
677 1383 720 1428 in
735 1386 857 1429 Arch.
867 1399 1005 1442 gener.
1031 1386 1126 1431 Ord.
1155 1389 1322 1430 Armar.

394 1446 616 1490 Provincia
641 1446 854 1489 Marchiae.

278 1588 392 1602 ῃ
397 1586 1322 1603 -m———p—-u-——n-

482 1697 524 1739 D
584 1696 620 1739 E
683 1697 723 1738 C
782 1697 822 1739 R
884 1697 920 1738 E
982 1695 1019 1737 T
1080 1697 1118 1739 O

421 1813 556 1863 Sacrae
603 1812 948 1884 Congu-gationis
968 1815 1151 1865 Concilii
1170 1851 1183 1865 .

284 1946 656 1997 Revocationem
679 1945 829 1995 oneris
846 1981 862 2003 ,
891 1944 1128 1995 Fratribus
1141 1948 1333 1996 S.Seve·

355 2018 444 2067 rini
461 2015 837 2066 hebdomadatim
855 2013 1082 2066 ferculum
1103 2052 1119 2075 ,
1146 2016 1222 2067 seu
1242 2018 1332 2084 pie-

354 2089 550 2137 tantiam
589 2104 638 2148 4.
663 2088 890 2150 juliorum
924 2085 1162 2155 praestandi
1191 2123 1207 2148 ,
1239 2106 1330 2138 non

357 2155 590 2208 subsistere
603 2156 866 2207 declaratur
880 2193 892 2207 .

439 2290 482 2330 S.
498 2286 677 2330 Severini
706 2285 972 2347 Fra-stationis
997 2291 1182 2334 Ferculi.

408 2405 599 2448 Eetorem
614 2418 688 2460 pro
705 2414 894 2463 tempore
909 2406 1123 2458 Beneficii,
1141 2407 1206 2451 seu
1220 2412 1332 2466 Cap-

434 2464 553 2521 pellae
585 2468 655 2507 SS.
671 2467 855 2507 Severini
878 2494 892 2517 ,
930 2467 970 2507 &
987 2467 1184 2509 Victorini
1208 2469 1257 2510 ab
1282 2483 1334 2511 eo

288 2527 467 2572 erectae,
497 2533 622 2580 atque
647 2523 796 2566 dotatae
825 2525 975 2567 Lucius
1002 2526 1251 2568 Puccitellus
1281 2527 1333 2572 de

286 2597 394 2625 anno
414 2583 537 2625 1666.
553 2582 740 2640 gravavit
761 2598 888 2626 onere
913 2585 1122 2640 praestandi
1148 2586 1334 2642 qualibet

286 2642 544 2686 hebdomada
560 2643 771 2684 Fratribus
789 2643 1009 2698 Capucinis
1026 2642 1246 2695 ferculum,
1265 2645 1333 2688 seu

287 2701 528 2758 pietantiam
565 2701 715 2743 valoris
753 2699 950 2759 juliorum
973 2716 1016 2754 4.
1050 2730 1064 2753 ,
1100 2702 1166 2745 sed
1205 2717 1334 2759 nuper

292 2761 504 2811 dubitans,
521 2762 682 2803 Fratres
706 2759 893 2815 praefatos
930 2761 1008 2803 effe
1033 2760 1261 2820 hujusmodi
1278 2777 1339 2806 re-

289 2820 371 2864 listi
390 2819 622 2875 incapaces,
640 2819 742 2862 illud
760 2821 1007 2873 revocavit,
1039 2823 1078 2862 &
1102 2821 1154 2865 ab
1167 2820 1339 2880 ejusino-

289 2878 333 2921 di
362 2879 618 2935 praestatione
645 2879 869 2923 Rectorem
883 2895 959 2936 pro
983 2891 1173 2936 ternpore
1201 2880 1337 2923 absol-

290 2939 351 2981 vit
370 2967 382 2979 .
415 2938 570 2982 Habito
586 2938 763 2995 proinde
781 2938 943 2983 recursu
969 2940 1020 2982 ad
1050 2941 1154 2983 hanc
1171 2944 1337 2983 Sacram

289 2998 707 3055 Congregationem‚
734 3008 820 3041 tum
850 2997 967 3055 ipfius
988 3001 1232 3043 Fundatoris
1262 3014 1338 3042 no-

290 3057 430 3109 mine,
462 3066 552 3099 tum
581 3056 771 3100 hodierni
790 3059 982 3101 Rectoris
1007 3073 1085 3115 pro
1111 3057 1337 3103 obtinenda

290 3115 576 3159 declaratione
618 3116 840 3160 validitatis
883 3118 995 3160 dietae
1035 3118 1335 3172 revocationis,

291 3177 421 3219 auditi
437 3173 607 3219 fuerunt
625 3176 910 3232 Episcopus,&
926 3179 1174 3221 Procurator
1193 3180 1335 3220 Gene-

290 3236 387 3280 ralis
398 3236 566 3279 Ordinis
579 3261 594 3283 ‚
626 3250 797 3291 quorum
812 3237 966 3291 primus
982 3238 1123 3280 retulit
1136 3236 1343 3280 Fundato·

292 3309 381 3337 rem
405 3297 725 3352 nonagenarium
740 3323 753 3345 ,
781 3296 819 3336 &
837 3307 972 3339 mente
987 3294 1236 3342 imbecillem
1250 3294 1346 3340 fuis-

293 3352 335 3395 se
365 3357 388 3398 ὲ
404 3357 585 3398 Βεᾶοτε
610 3354 835 3412 deceptum
850 3367 1044 3411 praetextu
1058 3354 1209 3400 atsertae
1226 3356 1340 3400 inca-

296 3413 487 3469 pacitatis
513 3415 845 3470 Capucinorum.
879 3417 1091 3460 Secundus
1117 3416 1215 3459 vero
1239 3431 1340 3458 cen-

297 3471 357 3514 set
371 3499 385 3522 2
402 3475 709 3518 revocationem
722 3505 737 3526 ,
770 3483 814 3517 ut
830 3474 943 3529 supra
963 3474 1106 3519 factam
1121 3504 1134 3527 ,
1145 3474 1350 3521 subsistere

299 3542 470 3586 propter
501 3537 696 3577 Fratrum
723 3533 1037 3588 incapacitatem
1060 3566 1076 3586 ,
1107 3533 1215 3578 unde
1242 3550 1349 3592 quae-

299 3589 430 3634 ritur?
467 3597 531 3635 An
557 3594 722 3651 praefata
748 3594 959 3639 revocatio
992 3595 1290 3640 substineatur?

360 3710 441 3752 Die
458 3722 549 3752 vm.
563 3713 674 3764 ‘julii
688 3726 963 3758 moetxxxw.
993 3717 1031 3758 5.
1050 3719 1168 3771 Cong.
1184 3716 1352 3759 Concllt‘d

301 3770 451 3830 censin't
476 3768 701 3815 exhibendos
733 3773 803 3833 ‘ff'
834 3773 943 3819 affut
972 3774 1227 3835 impositionis
1249 3788 1349 3837 onc-

1055 161 1591 253 Provincia

1384 279 1442 322 ris
1468 304 1484 329 2
1522 274 1803 332 acceptatiom‘s
1833 274 2011 335 Epifiopi
2020 281 2040 329 3
2069 275 2124 328 ἀι
2153 279 2428 340 νευοεατίοηίι,

1760 396 1814 447 F.
1842 395 1971 448 card.
2005 397 2204 448 Columna
2231 384 2363 469 Praef

1879 519 1933 560 A.
1958 518 2133 562 Altoviu'
2158 521 2304 561 Secret-

1442 639 1622 757 Eysseg.
1634 635 1713 693 stu
1737 634 1806 678 lib.
1833 646 1900 691 32.
1947 638 2034 677 sac.
2068 639 2259 694 congreg.
2293 638 2427 694 praed.

1519 711 1538 738 o
1557 726 1568 737 .
1590 706 1684 754 195.

1443 825 1648 869 Exhibitis
1676 833 1813 867 autem
1837 822 2118 867 instrumentis
2156 826 2427 882 impositionis

1382 888 1552 938 oneris,
1583 887 1620 927 Sc
1646 883 1920 927 revocationis
1937 910 1949 934 ,
1980 883 2021 923 ὃς
2047 885 2280 941 repopofita
2299 887 2427 931 'causa

1384 946 1537 988 eodem
1565 943 1692 987 dubio
1716 958 1728 986 ε
1772 945 1838 986 An
1875 944 2088 986 revocatio
2121 941 2222 987 faeta
2250 947 2275 991 ἓι
2301 947 2426 991 Puci-

1387 1003 1493 1048 tello
1516 1003 1780 1047 sustineatur?
2056 1053 2062 1056 p
2385 1023 2388 1029 ·

1448 1124 1529 1165 Die
1553 1135 1706 1164 xvttt.
1735 1120 1970 1165 Novembris
1998 1136 2266 1166 moetxxxrv.
2294 1124 2425 1167 eadem

1387 1184 1512 1224 Sacra
1540 1185 1798 1238 Congregatio
1821 1179 2019 1238 respondit
2034 1182 2228 1237 Negatio?
2242 1211 2254 1223 .

1444 1302 1624 1418 Εἴρξας.
1640 1331 1656 1351 ,
1676 1299 1750 1353 stu
1775 1296 1847 1341 lib.
1867 1312 1938 1355 34.
1974 1303 2133 1343 Decret.
2153 1303 2273 1356 Cong.
2298 1301 2434 1357 pred.

1522 1373 1541 1400 o
1562 1388 1573 1398 .
1590 1373 1609 1415 3
1617 1373 1688 1416 9¹·

1394 1442 1508 1455 .-

1660 1539 1701 1580 D
1734 1538 1770 1579 Ε
1803 1537 1841 1578 C
1875 1538 1916 1580 R
1948 1537 1982 1578 E
2018 1537 2055 1578 T
2089 1537 2129 1580 Ο
2147 1566 2161 1578 .

1416 1656 1613 1726 Ejusdem
1651 1653 1785 1705 Sacrae
1815 1654 2154 1724 Congregationis
2187 1655 2371 1707 Concilit‘
2385 1691 2400 1707 .

1388 1795 1568 1841 Fratres
1607 1785 1844 1836 Tolentini
1884 1798 2095 1852 quartam
2139 1783 2437 1838 funeralernJ

1456 1858 1637 1911 solvere
1671 1873 1763 1905 non
1797 1858 1940 1906 teneri
1966 1856 2259 1908 declaratur.

1798 1988 2002 2031 Tolentina
2017 2015 2028 2028 .

1467 2111 1507 2151 N
1536 2106 1844 2162 Capucinorum
1871 2104 2055 2149 Ecclefia
2078 2105 2326 2162 sepulturam
2349 2104 2441 2148 elei

1485 2165 1544 2222 git
1569 2163 1777 2220 quondam
1802 2165 1981 2207 Thomas
1996 2165 2211 2208 Carlettus
2227 2193 2241 2217 ,
2264 2166 2304 2206 &
2325 2166 2365 2207 in
2390 2178 2440 2207 ea

1390 2231 1472 2271 fine
1486 2224 1811 2268 contradictione
1827 2221 1904 2264 fuit
1921 2224 2139 2268 tumulatus
2155 2227 2230 2268 &c-
2247 2225 2352 2267 Ideo
2367 2227 2440 2267 Pa-

1391 2287 1538 2332 rochus
1564 2292 1750 2341 quartam
1779 2281 2006 2325 funeralem
2033 2281 2101 2326 fibi
2133 2283 2276 2326 deberi
2309 2281 2331 2325 a'i
2352 2285 2440 2325 Ca-

1393 2346 1551 2404 pucinis
1566 2372 1580 2394 ‚
1612 2342 1752 2384 institit
1775 2370 1789 2393 ,
1819 2342 1960 2399 quibus
1976 2350 2111 2385 tamen
2134 2340 2440 2394 recusantibus,

1393 2417 1586 2461 tanquam
1607 2402 1938 2443 Mendicantium
1959 2402 2174 2458 privilegio
2197 2402 2343 2444 innixis
2356 2403 2441 2444 &c-

1394 2461 1594 2509 Canonici
1612 2459 1845 2515 Regulares
1867 2461 2005 2502 literas
2037 2475 2111 2516 pro
2141 2458 2438 2504 informatione

1396 2522 1598 2578 Episcopo
1623 2518 1795 2561 dimetas
1821 2519 2086 2562 obtinuerunt
2102 2548 2115 2570 ‚
2147 2520 2215 2576 qui
2241 2518 2374 2563 refert
2398 2520 2443 2563 in

1396 2582 1581 2626 Civitate
1608 2577 1943 2620 consuetudinem
1972 2578 2139 2632 vigere,
2170 2578 2279 2632 quod
2296 2592 2444 2620 omnes

1397 2640 1628 2696 Regulares
1647 2666 1660 2691 ‚
1678 2638 1799 2680 etiam
1811 2637 2098 2680 Mendicantes
2114 2665 2127 2688 ‚
2139 2639 2345 2696 Qartam
2360 2636 2446 2680 sol-v

1398 2710 1494 2745 vant
1527 2706 1674 2755 praeter
1705 2696 1830 2739 dictos
1859 2697 2122 2752 Capucinos,
2153 2698 2222 2753 qui
2251 2693 2377 2740 semel
2404 2698 2445 2739 δι

1399 2762 1551 2804 iterum
1577 2755 1689 2813 juxta
1710 2755 1868 2798 casuum
1893 2755 2192 2810 contingentias
2222 2755 2443 2809 recusant,

1400 2817 1656 2877 proindeque
1675 2815 1865 2859 Partibus
1879 2814 2189 2858 informantibus
2218 2814 2445 2872 dignentur

1400 2881 1488 2925 EE.
1509 2878 1603 2919 VV.
1634 2874 1890 2918 decernere.

1458 2942 1522 2981 An
1546 2935 1643 2978 dieti
1671 2937 1752 2978 ΡΡ.
1782 2933 2002 2988 Capucinis
2032 2944 2252 2978 teneantur
2281 2932 2446 2977 solvere

1400 3006 1588 3056 quartam
1613 2992 1871 3038 funeralem?

1456 3118 1536 3158 Die
1555 3111 1692 3170 prima
1717 3114 1870 3158 Martii
1892 3112 2015 3170 1692.
2044 3116 2168 3156 Sacra
2182 3112 2446 3167 Congregatio

1405 3173 1795 3232 Eminenttfflmorum
1822 3177 1944 3227 sacr-5
1969 3175 2143 3226 Romans
2169 3167 2328 3225 Ecclcslf
2343 3174 2447 3212 Cor-

1405 3235 1599 3278 dinalium
1646 3231 1813 3277 Concidit·
1861 3232 2087 3275 Tridentini
2127 3234 2392 3285 Interpretum
2424 3258 2440 3280 ‚

1404 3303 1578 3349 utraque
1607 3302 1731 3351 parte
1777 3289 2020 3352 informante
2049 3319 2064 3344 ,
2097 3286 2297 3346 respondit
2327 3300 2448 3344 nega-

1401 3354 1484 3400 tivc’
1502 3385 1515 3397 .

1553 3473 1611 3524 G.
1645 3470 1775 3523 Card.
1804 3469 2105 3539 Marfiiottus
2139 3465 2374 3535 Pro-Praefi

1976 3591 2026 3633 R.
2056 3591 2161 3632 Patt.
2187 3592 2332 3632 Secret.

1470 3717 1529 3758 Ex
1548 3712 1737 3767 Reg.‚sc'‘u
1751 3708 1818 3754 lib.
1835 3720 1903 3761 4².
1921 3711 2065 3751 secret.
2074 3708 2288 3766 pred-fol.
2299 3718 2390 3764 109.
2407 3705 2451 3748 de

1526 3784 1603 3829 quo
1620 3771 1794 3828 Exempl·
1812 3767 2008 3820 Authenr.
2029 3768 2072 3812 in
2088 3769 2211 3815 Arch.
2242 3765 2453 3870 Genjlarv.
