2762 4030
389 149 493 207 10
1107 109 1747 213 monumenta

1128 283 1197 348 N
1288 284 1351 349 O
1445 285 1506 348 T
1599 286 1688 350 A.

406 428 577 472 OntificiA
589 425 806 476 benignitate
818 428 839 468 a
851 437 1007 476 tempore
1024 425 1166 464 Urbani
1184 425 1253 463 PP.
1268 423 1341 465 Vll
1348 428 1377 465 1.
1392 427 1570 477 hucusque
1583 427 1786 466 continuata
1799 451 1813 474 ,
1835 430 1997 469 omnibus
2019 430 2242 470 Ecclesiam&
2256 429 2378 471 stam,
2391 434 2473 473 Do.-

422 484 534 521 mibus
545 506 559 525 ,
584 481 643 518 seu
657 479 906 516 conventibus
919 477 1092 515 annuatim
1102 486 1192 515 certa
1206 473 1300 515 Salis
1323 477 1442 524 portio
1455 478 1490 514 in
1505 478 1739 537 elemosynam
1753 480 1955 517 conceditur
1965 505 1978 524 ‚
1999 482 2035 519 &
2061 481 2201 530 quidem
2228 480 2373 518 cuilibet
2393 484 2476 521 loco

321 533 501 584 separatim
513 555 526 574 ‚
537 531 571 568 8<
585 529 623 567 vi
639 528 871 571 Mandat1,in
888 530 984 572 supra
1001 524 1107 573 polita
1123 525 1236 563 forma
1250 525 1427 572 relaxati,
1440 527 1476 564 8c
1491 538 1551 575 per
1566 527 1872 565 Eminentiffimum
1885 530 1990 566 Card.
2006 530 2261 575 Camerarium,
2276 531 2332 566 vel
2345 531 2381 567 in
2397 532 2482 569 Sta·

323 594 366 622 tu
389 582 514 638 Urbini
539 591 599 630 pet
615 577 884 616 Thesaurarium
905 575 1115 614 Generalem
1155 573 1340 624 subscripti
1359 598 1372 618 ‚
1411 588 1450 615 ac
1474 576 1606 614 nonnisi
1638 577 1819 615 additione
1844 591 2037 627 paucorum
2065 580 2262 617 Verborum
2286 579 2480 628 aliquoties

332 637 503 671 immutati
520 654 532 666 .

421 679 662 728 Sequebantur
673 675 917 714 executionem
930 675 1033 723 hujus
1046 674 1169 719 gratiae
1181 686 1250 711 non
1266 673 1367 712 semel
1380 676 1506 724 aliqua:
1532 674 1758 713 difficultates
1770 700 1782 720 ‚
1804 687 1873 714 tam
1889 700 1902 721 ,
1925 678 2022 724 quod
2045 679 2093 715 ob
2109 679 2293 716 adanam„
2320 679 2481 717 Fun-um

319 741 499 771 numerum
516 739 634 766 taxata
647 726 823 774 quantitas
839 724 1055 762 Monasteriis
1072 736 1146 760 non
1159 723 1330 760 sufficeret
1344 748 1358 768 ‚
1386 735 1454 761 tam
1466 753 1478 769 ,
1504 725 1602 773 quod
1627 726 1675 761 ob
1689 725 1902 762 diminutum
1917 727 2074 763 Fratrum
2102 739 2284 764 numerum
2296 753 2309 774 ‚
2334 727 2404 765 haee
2417 741 2483 766 ex-

323 782 458 820 cederet
470 806 483 824 ,
495 779 572 815 hinc
585 801 600 821 ‚
615 785 654 812 ut
668 776 824 812 Fratrum
837 774 1035 820 indigentiae
1054 773 1294 810 consuleretur
1306 799 1316 815 ,
1344 773 1513 822 simulque
1529 773 1734 822 praejudicio
1762 775 1982 812 Reverendae
2011 777 2166 814 Camerae
2200 787 2453 823 praecaveretur
2464 803 2478 824 ‚

322 830 426 867 varice
439 827 618 866 succeffive
633 825 833 862 emanarunt
845 823 1088 870 dispositiOnes
1102 847 1116 867 ‚
1143 834 1227 872 quas
1237 823 1291 859 hic
1302 823 1434 871 apponi
1447 823 1734 871 supervacaneum
1748 823 1909 860 censetur
1919 849 1933 868 ‚
1944 837 2021 862 cum
2036 824 2218 863 summarie
2226 827 2479 865 contineantur

322 879 359 918 in
376 879 545 919 Mandato
556 887 649 913 anno
667 874 770 923 1639.
784 873 928 921 desuper
941 872 977 909 in
991 873 1150 918 regulam
1163 872 1288 916 edito,
1313 869 1349 908 in
1364 873 1510 910 latinum
1524 872 1684 910 “adusto
1694 897 1709 918 ,
1732 873 1769 910 8<
1783 872 1839 910 hic
1848 871 2033 922 subjuneto
2053 899 2064 911 .

516 973 1388 1028 ANTONIUS
1498 975 2325 1029 s.AGATHAE

619 1094 820 1141 Diaconus
844 1095 1072 1138 cardinalis
1085 1094 1333 1138 Barba-rinus
1347 1094 1502 1138 santia·
1515 1097 1701 1139 Romana
1718 1091 1892 1150 Ecclesia
1907 1094 2164 1140 Camerarius
2175 1125 2188 1138 .

433 1217 465 1257 Ε
476 1217 645 1266 antiquus
660 1215 813 1254 camera
826 1212 1039 1264 aspostolicae
1053 1214 1177 1264 Stylus
1200 1214 1333 1265 &usus
1346 1213 1462 1264 quoad
1475 1214 1714 1265 eleemosynam
1728 1213 1826 1254 Salis
1837 1237 1849 1257 ,
1874 1212 2052 1265 Religiosis
2066 1239 2076 1257 ,
2090 1213 2310 1253 Monialibus
2325 1216 2335 1254 ‚⁷
2359 1227 2400 1252 ac
2411 1216 2484 1264 piis

446 1267 544 1306 Locis
548 1264 695 1315 speciali
705 1262 908 1312 Sanfiiffimi
917 1265 1061 1301 Domini
1073 1264 1177 1315 nostri
1190 1263 1430 1316 chirographo
1435 1265 1505 1314 sub
1518 1265 1550 1302 8.
1566 1264 1745 1315 ‘Januarii
1769 1267 1832 1314 163
1841 1274 1874 1311 3.
1885 1274 2043 1302 emanato
2063 1265 2247 1302 roboratus
2256 1289 2267 1306 ‚
2288 1264 2332 1306 ὠ·
2344 1263 2480 1302 artibus

325 1317 547 1368 infrascripti
560 1314 666 1365 nostri
678 1341 689 1357 ‚
715 1313 759 1355 ὁ·
771 1313 865 1350 diiiae
881 1312 1034 1350 Camerae
1046 1311 1201 1352 Notarii
1214 1314 1366 1364 insertus
1382 1339 1393 1357 .
1405 1316 1607 1366 tenoresque
1619 1314 1841 1367 Instrumenti
1852 1313 2063 1360 contrarius,
2075 1325 2153 1352 cum
2165 1313 2480 1364 ‘Appaltatoribus

331 1368 443 1407 initi,
467 1364 664 1402 altercatur
679 1387 693 1408 ‚
720 1362 764 1403 (θ’
774 1363 813 1398 in
824 1360 988 1399 damnum
1000 1362 1096 1400 difiae
1112 1365 1264 1402 Camerae
1277 1364 1322 1407 dr
1333 1363 1608 1415 Appaltanrum
1629 1375 1703 1403 tam
1723 1365 1765 1402 in
1778 1366 1888 1406 Statu
1901 1363 2034 1401 vri-im·
2047 1390 2058 1407 ‚
2085 1374 2188 1413 quam
2211 1365 2251 1400 in
2265 1374 2482 1413 quacumque

329 1414 403 1454 alia
416 1416 578 1453 Civitate
592 1438 602 1454 ‚
629 1411 743 1450 Terra
756 1436 765 1451 ‚
790 1408 850 1447 vel
860 1409 929 1446 loco
940 1411 1069 1449 Status
1081 1411 1298 1463 Ecclefiastici
1303 1423 1562 1463 pervertantur
1579 1427 1591 1451 ε

425 1461 507 1503 Nos
519 1463 560 1500 de
572 1462 734 1499 mandato
746 1461 828 1499 Sua
837 1460 866 1497 S
868 1459 1046 1499 ani'litatis
1061 1460 1180 1500 Nobis
1197 1464 1292 1500 vivae
1305 1465 1399 1501 vocis
1413 1463 1569 1502 Oraculo
1590 1464 1672 1503 dato
1686 1489 1698 1507 ,
1723 1466 1768 1509 ὡ·
1788 1463 1995 1503 ακδῖονὶηιιε
2007 1461 2112 1514 nostri
2135 1462 2404 1503 Camerariatfis
2430 1462 2483 1512 ofl,

323 1513 405 1564 ficii
416 1537 429 1557 ,
455 1525 496 1550 ac
511 1514 633 1560 vigore
646 1509 729 1546 dmi
743 1509 851 1547 Chiro
877 1509 981 1558 raphi
997 1509 1197 1548 ordinamus
1211 1511 1255 1554 &⁶
1267 1513 1470 1550 mandamus
1483 1542 1491 1550 .

424 1561 555 1599 Primo
564 1585 574 1597 .
601 1557 664 1600 Ne
679 1557 772 1596 ullus
785 1559 834 1596 Sa
850 1559 991 1595 inarum
1001 1560 1219 1608 Appula-ator
1230 1586 1240 1602 ‚
1264 1561 1324 1599 vel
1338 1562 1613 1612 Subappaltator
1623 1587 1637 1607 ,
1650 1562 1820 1613 Officialis
1829 1587 1840 1604 ,
1853 1571 1918 1598 aut
1928 1560 2092 1610 Minister
2107 1560 2213 1599 ullam
2224 1558 2321 1597 Salis
2334 1561 2484 1608 quanti-J

325 1621 432 1651 tatem
445 1611 485 1647 in
497 1609 716 1658 elemosynam
728 1635 737 1649 ‚
758 1606 804 1643 ad
811 1606 980 1656 praediffiae
998 1609 1150 1646 Camerae
1164 1619 1356 1659 computum
1376 1612 1541 1649 extrudat
1554 1638 1567 1656 ,
1590 1612 1677 1660 quin
1691 1611 1753 1661 ipfi
1762 1610 1822 1648 vel
1832 1610 1906 1659 ipsis
1921 1636 1932 1652 ‚
1951 1611 2147 1660 consuetum
2173 1607 2352 1647 Camerale
2369 1608 2484 1647 Mane

324 1661 446 1698 datum
457 1661 478 1696 ἄ
493 1657 610 1699 Nobis
622 1657 817 1707 expeditum
828 1683 836 1697 ‚
865 1657 908 1699 (ς’
921 1658 964 1693 ab
980 1656 1194 1710 Illustrtffimo
1217 1660 1266 1698 D.
1281 1658 1513 1712 Commiffario
1529 1662 1680 1700 Camerae
1695 1688 1705 1704 ‚
1730 1661 1752 1696 ἂ
1768 1671 1832 1708 quo
1856 1657 2028 1710 inflantia
2060 1659 2201 1699 videri,
2226 1657 2271 1700 (ς’
2282 1657 2480 1696 examinari
2487 1672 2495 1675 ··

324 1709 450 1747 debent
462 1735 472 1752 ,
488 1710 591 1758 prius
597 1708 714 1758 fuerit
731 1706 925 1744 exhibitum
937 1733 948 1743 .

424 1757 584 1798 Secundo
599 1784 609 1795 .
635 1756 743 1808 Qd
754 1755 864 1806 major
876 1759 1058 1805 quantitas
1068 1783 1077 1799 ‚
1096 1770 1200 1807 quam
1214 1772 1288 1809 quse
1296 1763 1337 1799 in
1348 1759 1435 1798 diflo
1448 1758 1634 1803 Mandata,
1647 1759 1694 1797 ad
1708 1760 1880 1797 rationem
1894 1757 2066 1795 librarum
2087 1768 2144 1804 ις,
2157 1764 2223 1804 pro
2245 1753 2402 1804 Persona
2414 1759 2481 1792 am·

322 1810 460 1846 unatim
473 1835 482 1850 ,
504 1809 522 1856 (
533 1815 601 1843 non
614 1806 691 1854 plus
707 1831 717 1846 ,
738 1818 799 1842 neo
813 1804 942 1854 aliter)
947 1807 1065 1855 fuerit
1088 1809 1239 1862 exprefflt
1251 1838 1261 1853 ,
1281 1811 1472 1861 consignari
1497 1819 1646 1860 nequeat
1660 1836 1670 1846 .
1699 1810 1880 1857 Cumque,
1900 1818 2081 1845 numerum
2104 1802 2361 1852 Religiosorum
2373 1828 2384 1844 ‚
2411 1804 2477 1852 qui

323 1866 472 1907 tempore
496 1857 649 1906 expediti
676 1854 846 1894 Mandata·
867 1856 908 1891 in
930 1857 1152 1908 Monasteriis
1172 1863 1305 1908 degunt
1319 1888 1328 1904 ‚
1345 1860 1388 1903 cb·
1398 1869 1460 1908 pro
1479 1861 1605 1909 quibus
1629 1861 1670 1895 in
1686 1859 1859 1898 Mandata
1883 1857 2068 1906 elemosyna
2095 1853 2142 1892 ad
2157 1853 2332 1891 rationem
2356 1851 2476 1890 libra-

326 1919 407 1944 rum
426 1920 437 1944 1
445 1918 481 1955 ς.
490 1914 553 1955 pro
567 1906 730 1956 'Persona
739 1905 817 1954 fuit
819 1904 896 1954 fixa
910 1929 919 1944 ‚
940 1906 1094 1945 diminui
1107 1913 1291 1958 contingat
1306 1938 1316 1953 ,
1337 1910 1538 1947 ordinamus
1549 1933 1562 1954 ‚
1589 1909 1633 1951 ὼ·
1643 1909 1865 1950 mandamus,
1895 1916 1937 1945 ut
1950 1907 2050 1944 dietis
2062 1902 2240 1954 Religiosts
2254 1926 2268 1947 ‚
2279 1901 2354 1949 fide
2367 1905 2390 1939 ἂ
2406 1903 2484 1942 Su«

316 1956 459 2007 periore
476 1954 575 1992 locali
582 1955 707 2005 jurati
719 1979 732 2001 ‚
753 1954 798 1996 ὠ·
797 1955 998 2005 subscripta
1013 1981 1028 2002 ‚
1041 1956 1213 2008 solitoque
1226 1959 1424 2009 Religionis
1437 1958 1563 2007 Sigillo
1576 1959 1715 1996 munita
1727 1985 1738 2001 ‚
1762 1959 1864 2007 prius
1879 1968 1947 1995 non
1959 1956 2116 1995 exhibita
2129 1982 2137 1997 ,
2163 1951 2228 1992 Sal
2237 1952 2344 2001 juxta
2368 1963 2484 2001 quan·

320 2006 460 2043 ritatem
474 2005 708 2053 Perstmarum
720 2005 772 2041 ibi
786 2004 985 2052 degentium
1002 2018 1072 2043 non
1083 2009 1294 2046 extradatur
1307 2033 1317 2044 .
1341 2010 1452 2057 sique
1466 2009 1635 2059 Personas
1641 2009 1824 2057 pauciores
1836 2033 1850 2053 ,
1873 2005 1976 2056 qudm
1990 2008 2028 2043 in
2043 2003 2317 2054 Appaltatorum
2326 2000 2392 2049 seu
2405 2002 2480 2040 Di·

319 2053 488 2092 rectorum
503 2054 674 2092 Mandato
690 2054 932 2101 exprimantur
946 2078 961 2099 ‚
985 2057 1038 2092 ibi
1049 2060 1181 2094 morari
1193 2084 1206 2104 ,
1230 2070 1272 2095 ex
1293 2059 1384 2096 dieta
1387 2056 1462 2105 fide
1476 2058 1668 2110 constiterit
1680 2084 1690 2100 ,
1713 2059 1817 2095 etiam
1843 2055 1939 2095 Salis
1957 2055 2143 2105 elemosyna
2155 2052 2380 2090 diminuatur
2394 2076 2404 2092 ‚
2424 2049 2470 2092 ὁ·

324 2102 372 2141 ad
387 2105 558 2140 rationem
569 2102 740 2139 diffarum
749 2101 924 2141 librarum
939 2117 951 2141 1
959 2116 991 2152 ς.
1002 2113 1067 2153 pro
1074 2106 1228 2157 Perstma
1240 2107 1394 2160 effeiiiva
1409 2132 1418 2148 ‚
1428 2109 1472 2150 (ς’
1485 2120 1553 2145 non
1561 2106 1641 2158 plus
1654 2131 1667 2151 ‚
1681 2108 1895 2157 confignetur
1908 2131 1923 2151 ‚
1934 2104 2024 2142 alios
2034 2106 2074 2141 in
2086 2103 2165 2152 casu
2171 2100 2351 2152 praesentis
2366 2098 2477 2136 Man·

324 2152 425 2196 dati,
453 2163 521 2189 non
533 2151 707 2201 observati
717 2175 729 2196 ‚
745 2149 1053 2200 eAppaltatoribus
1079 2156 1123 2198 (ξ’
1134 2158 1508 2208 SubAppaltatoribus
1535 2159 1718 2208 quantitas
1727 2157 1825 2198 Salis
1844 2165 1966 2193 contra
1977 2155 2102 2193 harum
2115 2149 2395 2190 ordinationum
2401 2148 2479 2198 for-

320 2212 410 2239 mam
422 2201 616 2251 dispensata
627 2202 649 2236 a
657 2201 822 2250 praedifiia
837 2201 986 2240 camera
998 2216 1068 2241 non
1079 2208 1352 2257 compensabitur
1363 2234 1374 2246 .
2338 2230 2341 2232 ·

423 2250 542 2290 Tertio
556 2275 566 2287 .
592 2250 806 2288 Revocamus
830 2262 958 2289 omnem
972 2254 1069 2303 asum
1079 2255 1124 2297 ὼ·
1134 2252 1311 2296 Mandata
1333 2260 1374 2295 in
1386 2260 1605 2297 contrarium
1617 2284 1630 2303 ,
1657 2259 1762 2296 esiam
1774 2259 1796 2294 ἅ
1816 2254 2073 2305 Nobismetipsis
2097 2252 2202 2302 usque
2220 2250 2267 2288 ad
2283 2248 2482 2299 praefintem

319 2298 411 2337 diem
423 2301 582 2349 expedita
594 2325 607 2344 ,
635 2300 678 2342 ἅθ’
698 2302 916 2348 praecipimus
937 2303 1093 2341 omnibus
1104 2304 1259 2354 >locorum
1282 2309 1589 2346 Gubernatoribus
1600 2332 1613 2351 ‚
1641 2305 1947 2355 eAppaltatorihus
1976 2329 1990 2348 ,
2014 2307 2058 2346 (ς’
2083 2297 2454 2350 SubAppaltatoribus
2466 2307 2482 2337 ,¹

348 2358 496 2386 autenm
504 2349 685 2398 Praesentss
696 2348 895 2385 «ΑΠ”ΜῙΜ
910 2352 1091 2399 ⁰bservent
1104 2378 1117 2395 2
1141 2355 1185 2397 ὁ·
1201 2356 1459 2395 inviolabiliter
1476 2355 1656 2405 observari
1678 2364 1804 2393 curent
1816 2380 1825 2397 ,
1849 2352 2012 2403 diffiisque
2027 2350 2320 2402 Appaltatoribus
2333 2372 2348 2393 ‚
2362 2347 2487 2389 &SW

338 2399 478 2435 inarum
491 2396 743 2435 ‘Direfiioribus
754 2406 818 2447 pro
827 2398 990 2446 pradiiia
1002 2401 1225 2447 observantia
1237 2418 1259 2439 a
1282 2407 1401 2454 rstant.

421 2448 628 2497 Superiores
638 2446 720 2483 dein
730 2471 744 2491 ‚
769 2447 831 2495 qui
842 2458 1061 2486 memoratam
1063 2448 1172 2496 fidem
1176 2451 1317 2498 faetent
1326 2476 1339 2496 ,
1359 2465 1434 2491 eam
1451 2454 1495 2489 ab
1511 2453 1584 2501 ipfis
1597 2464 1717 2490 veram
1740 2453 1784 2494 (θ’
1792 2451 2004 2502 Justamfieri
2016 2460 2188 2488 monemus
2201 2471 2214 2490 ‚
2227 2446 2317 2483 alia's
2330 2470 2344 2490 ,
2360 2446 2396 2493 fi
2412 2453 2483 2481 non

317 2508 409 2533 vera
422 2497 462 2532 in
470 2495 566 2533 diffie
579 2496 731 2534 Camerae
741 2495 984 2545 praejudicium
993 2499 1196 2547 reperiatur
1210 2523 1222 2543 ,
1234 2511 1357 2538 contra
1371 2514 1425 2539 eos
1434 2504 1546 2550 poenis
1559 2503 1716 2551 rigorofis
1744 2501 1789 2537 ad
1799 2500 1947 2551 nostrum
1960 2499 2152 2535 arbitrium
2161 2495 2371 2543 procedetur
2386 2517 2396 2528 .
2422 2491 2472 2528 Et

317 2557 361 2581 ne
372 2546 554 2595 praesentes
569 2546 823 2583 Ordinationes
835 2543 1010 2584 declinent
1019 2547 1067 2583 ad
1075 2547 1337 2596 desuetudinem
1346 2575 1358 2596 ,
1379 2551 1537 2588 volumus
1552 2578 1562 2594 ,
1576 2552 1619 2593 ἐφ
1632 2551 1833 2588 mandamus
1844 2574 1857 2593 ‚
1871 2548 1962 2586 utin
1978 2545 2133 2596 qualibet
2145 2542 2242 2582 Salis
2257 2543 2405 2582 Camera
2414 2563 2427 2585 2
2438 2540 2480 2575 37¹

318 2592 388 2631 loco
402 2619 416 2640 ,
441 2597 482 2632 in
498 2607 563 2643 quo
575 2595 694 2631 videri
706 2604 837 2644 queant
848 2619 861 2638 ‚
886 2594 986 2643 affixa
999 2606 1188 2635 teneantur
1198 2595 1264 2649 sub
1300 2602 1527 2650 oenispariter
1539 2600 1586 2636 ad
1595 2599 1742 2650 nostrum
1755 2599 1946 2640 arbitrium
1957 2593 2162 2648 infligendis
2177 2619 2186 2629 ·

416 2643 572 2694 Infidem
583 2644 656 2686 &a
671 2644 805 2682 Datum
817 2643 935 2681 Romae
946 2647 986 2681 in
999 2646 1147 2684 Camera
1163 2609 1374 2701 ‹Apossslica
1393 2663 1404 2687 1
1418 2664 1448 2688 1.
1463 2650 1561 2690 Maii
1581 2654 1643 2697 163
1652 2662 1687 2697 9.

554 2742 684 2788 Card.
703 2743 907 2788 Antonius
922 2747 1168 2791 Barberinus
1183 2776 1196 2792 .

1384 2860 1425 2901 F.
1437 2861 1495 2901 M:
1505 2860 1698 2901 Mancinus
1709 2857 1868 2898 Auditor
1881 2881 1892 2893 .

1891 2953 2161 2994 Bartholomaeus
2175 2953 2386 2993 Brunorus,

412 3046 507 3086 Cum
523 3045 641 3096 posteo
654 3047 675 3084 ί
687 3047 867 3087 nonnullis
881 3048 1278 3097 Appaltatotibus'libra
1293 3053 1336 3090 ad
1349 3052 1519 3091 rationem
1536 3063 1589 3090 ιο.
1602 3052 1781 3090 unciarum
1795 3053 1810 3099 j
1815 3058 1896 3087 uxta
1910 3047 2051 3098 pondus
2063 3045 2245 3083 Camerale
2255 3041 2472 3089 computans

315 3098 573 3144 confignaretur
590 3119 603 3142 ‚
625 3100 661 3133 δε
675 3097 849 3136 Fratribus
860 3099 989 3137 exinde
1001 3111 1072 3136 non
1086 3102 1165 3139 leve
1176 3102 1412 3140 admisceretur
1426 3102 1665 3152 proejudicium
1679 3126 1692 3148 ‚
1718 3100 1785 3138 fuit
1798 3110 1889 3137 auno
1917 3098 2051 3147 1643.it
2063 3105 2143 3132 tunc
2159 3093 2385 3151 Procuratore
2397 3087 2472 3125 Ge·

315 3147 437 3192 nernli,
455 3146 672 3184 Reverendae
685 3147 841 3186 Camerae
853 3171 866 3193 ,
876 3159 1046 3196 quatenus
1063 3162 1118 3187 12.
1131 3149 1250 3189 uncias
1264 3163 1332 3199 pro
1345 3151 1434 3190 libra
1447 3150 1675 3199 darijuberet
1685 3176 1698 3196 ‚
1713 3149 1945 3199 supplicatum
1957 3172 1969 3192 2
1989 3146 2120 3193 fuitque
2133 3141 2196 3200 suf?
2211 3142 2266 3178 ὼε
2278 3152 2313 3188 9·
2326 3139 2480 3196 1³⁸,me

314 3196 361 3233 rii
376 3197 481 3245 1644.
491 3194 648 3244 gratioso
665 3195 849 3244 Rescripto
860 3199 970 3243 gratia
983 3199 1138 3237 concefl'a
1148 3223 1162 3243 ,
1177 3210 1281 3248 prout
1291 3202 1424 3239 constat
1438 3213 1485 3240 ex
1501 3200 1722 3239 documentis
1748 3200 1785 3237 in
1799 3195 2001 3248 supradifto
2030 3193 2194 3236 Archivn
2210 3188 2396 3228 Generalis
2407 3186 2433 3223 Ἰ
2445 3195 2486 3221 o·

324 3256 386 3284 mo
399 3243 615 3296 conjunftim
628 3256 707 3285 cum
722 3245 799 3285 aliis
817 3246 1002 3290 reservatis
1012 3272 1026 3295 ,
1049 3247 1087 3286 ἃ
1099 3260 1147 3287 ex
1155 3249 1216 3289 usu
1230 3249 1407 3299 hucusque
1422 3262 1492 3289 non
1508 3251 1712 3301 interrupto
1729 3275 1740 3289 .

2200 3781 2426 3825 DECRE-
