2762 4030
1130 190 1620 287 Romana.

303 319 378 360 ssot
393 345 409 368 2
438 314 686 358 auctoritaie
710 305 843 353 nostra
857 304 1092 365 Apostolica
1107 314 1311 359 concedas
1325 346 1337 358 .

301 381 365 420 Ac
391 374 545 418 eisdem
574 365 820 415 Provinciali
845 366 886 408 δι
914 363 1228 414 Deffinitoribus
1253 403 1269 426 ,
1296 376 1338 419 in

301 434 494 493 praedie'to
521 434 708 475 Terreno
727 428 903 470 Domum
917 425 1143 482 praedictam
1158 457 1171 479 ,
1198 431 1238 472 in
1256 447 1335 488 qu⁸

299 494 520 539 duodecim
534 487 677 530 saitem
690 486 858 529 Fratres
872 487 1119 528 commorari
1134 486 1334 544 debeam,

295 554 380 599 sine
394 562 528 596 tamen
545 546 714 602 alicu-jus
736 542 971 600 praeiudicio
984 572 998 595 ,
1011 543 1198 600 erigendi
1215 547 1341 592 licen-

297 615 397 660 tiam
418 605 602 651 fimiliter
627 602 830 647 concedas
859 632 871 644 .
916 607 977 644 Ac
1001 603 1137 646 eidem
1154 608 1302 649 Domui
1322 639 1338 663 ³

296 670 504 731 P⁰stq¹¹²m
525 666 664 708 ‘²⁸⁶stss
680 662 807 707 fuerit
821 693 838 715 ,
858 663 1022 718 eiusque
1039 659 1185 706 futuris
1195 669 1337 709 Guar-

215 755 222 764 ·
293 724 693 773 disnoscfratribus
706 753 722 778 ,
747 735 792 769 ut
809 722 994 764 omnibus
1009 725 1047 765 &
1061 725 1224 779 singuiis
1238 741 1335 782 gra.

291 788 360 832 tiis
385 816 400 839 ,
436 783 614 830 indultis
638 813 653 837 ,
694 782 1016 827 concessionibus
1042 811 1056 835 ,
1102 780 1339 841 favoribus,

290 846 624 902 exemptionibus
637 873 652 896 ,
678 842 966 894 libertatibus,
979 843 1305 888 immunitatibus
1321 877 1336 898 ,

289 905 566 963 indulgentiis
585 932 599 956 ,
625 904 666 945 δι
691 902 943 959 privilegiis,
973 903 1121 958 quibus
1137 904 1206 945 alii
1234 905 1340 948 eiust

294 965 393 1009 dem
428 964 600 1008 Ordinis
628 965 786 1006 Domus
810 988 824 1012 ,
863 962 903 1005 &
931 963 1100 1007 Fratres
1136 975 1342 1018 utuntur,

291 1024 488 1070 fruuntur
503 1055 519 1076 ,
535 1028 573 1067 &
587 1020 767 1078 gaudent
780 1050 794 1074 ‚
809 1035 856 1064 ac
874 1021 948 1072 uti,
964 1019 1072 1074 frui,
1102 1025 1143 1067 δι
1157 1024 1337 1082 gaudere

290 1084 445 1137 solent,
463 1099 509 1128 ac
525 1080 683 1140 potsunt
697 1083 738 1125 δι
753 1091 950 1138 poterunt
967 1083 1280 1138 quomodolibet
1297 1085 1336 1127 in

292 1143 481 1188 futurum
497 1171 512 1195 ,
539 1141 622 1185 fine
644 1139 778 1199 aliqua
807 1141 967 1197 prorsus
983 1141 1214 1186 differentia
1245 1145 1331 1195 uti,

290 1203 372 1248 frui
389 1231 405 1255 ‚
419 1205 458 1246 ἃ
473 1201 656 1261 gaudere
673 1199 819 1257 poffint
831 1202 873 1243 &
888 1202 1050 1246 valeant
1065 1232 1080 1254 ,
1101 1203 1246 1250 eadem
1261 1218 1334 1247 au.

289 1265 483 1307 &oritate
503 1260 649 1304 'nostra
673 1260 886 1318 indulgeas
909 1292 920 1303 .
959 1265 1053 1305 Non
1079 1264 1331 1306 obstantibus

292 1322 366 1366 fei.
389 1335 473 1365 rec.
494 1320 691 1364 Bonifacii
708 1322 788 1363 ΡΡ.
804 1322 928 1366 VIII.
947 1321 1251 1366 Praedecefforis
1265 1338 1334 1367 no.

289 1382 378 1433 stri,
394 1379 592 1425 fratribus
612 1381 944 1425 Mendicantibus
960 1396 1086 1424 novas
1102 1386 1258 1426 Domos
1282 1382 1336 1426 ad

288 1439 554 1484 habitandum
572 1439 762 1496 recipere
775 1441 1211 1499 prohibente,aliisque
1223 1447 1337 1500 Apo-

287 1499 440 1544 stolicis
454 1529 469 1552 ,
493 1514 539 1543 ac
554 1499 592 1542 in
612 1499 1338 1561 universalibus‚Provincialibusque

288 1561 331 1602 δι
356 1558 631 1615 synodalibus
656 1558 860 1604 Conciliis
899 1561 1023 1603 editis
1049 1563 1334 1618 generalibus,

289 1617 359 1661 vel
393 1617 636 1673 specialibus
660 1617 1062 1673 Constitutionibus,
1086 1623 1127 1664 ὃς
1151 1622 1331 1665 Ordina-

1474 337 1579 368 rum
1596 353 1612 378 ,
1630 332 1804 367 necnon
1821 319 1869 367 S.
1886 319 2009 369 Petri
2027 322 2071 372 in
2088 342 2268 376 earcere
2284 240 2439 384 ,Ἓξετα

1471 387 1668 439 claustra
1687 386 1925 439 existentes
1945 390 2227 446 visitantibus
2240 395 2333 448 ἃς.
2350 397 2441 447 eas-

1470 458 1577 509 dem
1597 458 1915 528 Indulgentias
1931 494 1949 518 ,
1980 479 2090 528 quas
2106 465 2328 519 vifitando
2355 475 2438 522 Ec·

1474 529 1627 582 clefias
1655 530 1890 597 praediftas
1936 530 2314 601 consequerentur
2341 577 2359 600 ,
2386 543 2437 592 in

1470 615 1743 668 perpetuum
1758 603 1957 672 largitur
1971 639 1984 653 .

1434 720 1882 777 PAULUs
1972 726 2250 776 PAPA
2340 735 2403 781 V.

1462 837 1635 880 Dilems
1669 843 1711 882 in
1734 840 1886 900 christo
1926 844 2107 888 Fi'liabus
2137 846 2378 890 Monialibas

1509 898 1670 941 Ordinis
1682 903 1720 941 5.
1740 902 1869 943 clara·
1883 906 2109 959 Capuccinis
2124 915 2339 960 nuncupat.

1530 959 1575 999 in
1605 960 1744 1000 Monte
1769 962 1984 1017 Quirinali
2015 964 2190 1006 Salutem
2215 991 2229 1014 ‚
2261 964 2310 1012 δ’

1619 1017 1880 1076 Apostolicam
1893 1021 2202 1065 Benedibiionem
2212 1051 2223 1063 .

1515 1138 1556 1178 D
1579 1135 1808 1193 augendam
1836 1139 2011 1185 vestram
2034 1140 2306 1186 devotionem
2331 1172 2347 1195 ,
2390 1159 2439 1188 ac

1542 1197 1766 1240 animarum
1780 1199 1949 1245 salutem
1968 1229 1981 1253 ,
2002 1201 2236 1245 coelestibus
2251 1203 2443 1247 Eccleliae

1397 1252 1593 1299 thesauris
1611 1255 1678 1311 pia
1690 1258 1893 1302 charitate
1909 1261 2082 1314 intenti,
2101 1261 2231 1304 Vobis
2247 1263 2437 1306 omnibus

1394 1313 1432 1353 δι
1451 1314 1615 1370 lingulis
1640 1317 1733 1359 vere
1747 1319 2041 1373 poenitentibus
2055 1351 2071 1373 ,
2099 1335 2147 1364 ac
2176 1325 2299 1365 Sacra
2311 1324 2443 1366 Com-

1400 1376 1591 1418 munione
1619 1373 1781 1420 refectis
1808 1405 1823 1428 ‚
1861 1393 1948 1436 quae
1987 1380 2183 1437 Capelias
2218 1381 2440 1438 imaginum

1400 1445 1550 1476 novem
1586 1434 1889 1490 Ecclesiarum,
1915 1452 2074 1483 necnon
2103 1441 2221 1483 Beati
2250 1442 2367 1484 Petri
2398 1444 2442 1486 in

1398 1493 1583 1538 Carcere
1615 1494 1735 1538 Urbis
1765 1495 1871 1541 intra
1899 1497 2073 1542 claustra
2090 1500 2209 1542 vestri
2238 1500 2440 1545 Monaste.

1395 1551 1446 1594 rii
1472 1554 1690 1597 existentes
1717 1555 1951 1609 visitantes,
1973 1560 2013 1601 &
2035 1559 2073 1601 in
2106 1558 2187 1602 iliis
2207 1572 2282 1616 pro
2310 1561 2440 1604 Chri·

1394 1610 1611 1656 stianorum
1661 1614 1897 1670 Principum
1934 1619 2160 1662 concordia
2187 1646 2202 1668 ,
2226 1613 2436 1663 'haeresum

287 1678 471 1721 tionibus
497 1706 513 1729 ,
556 1691 603 1720 ac
641 1676 826 1720 eiusdem
858 1678 1029 1722 Ordinis
1067 1682 1107 1727 ὃς
1134 1681 1328 1726 Ecclefiae
1389 1672 1760 1730 extirpatione,ac
1779 1678 1933 1719 Sanstae
1961 1678 2106 1720 Matris
2123 1676 2308 1721 Ecclefiae
2322 1679 2439 1722 exai-

287 1740 333 1782 S.
343 1737 515 1779 Antonii
531 1735 760 1779 huiusmodi
775 1766 790 1788 ,
804 1738 931 1781 etiam
943 1740 1021 1780 ὄις.
1039 1742 1241 1783 roboratis
1264 1742 1338 1786 sta-

286 1796 389 1841 tutis
403 1797 443 1838 δι
456 1794 1065 1854 consuetudinibus,privilegiis
1079 1814 1244 1856 quoque
1256 1803 1335 1844 &c.

288 1856 523 1913 approbatis
542 1885 553 1896 .
577 1854 738 1916 Qibus
753 1856 944 1900 omnibus
958 1886 973 1910 ,
999 1858 1039 1899 δι
1055 1857 1218 1917 lingulis
1237 1860 1334 1903 illo-

287 1929 382 1960 tum
411 1925 576 1958 tenores
607 1915 867 1971 praefentibus
880 1932 958 1974 pro
972 1919 1163 1975 expreffis
1175 1951 1192 1972 ,
1225 1921 1265 1962 δι
1279 1921 1331 1965 ad

290 1975 469 2019 verbnm
506 1973 667 2018 insertis
691 1975 889 2021 habentes
906 2006 923 2030 ,
954 1975 1035 2020 illis
1062 1978 1165 2023 aliis
1196 1980 1236 2022 in
1263 1978 1333 2023 suo

290 2034 446 2078 robore
462 2032 825 2091 permansuris,hac
841 2037 931 2080 vice
946 2035 1162 2082 dumtaxat
1182 2037 1332 2094 specia-

291 2092 393 2138 liter
418 2095 459 2137 &
485 2093 678 2150 expresse
695 2092 941 2153 derogamus
957 2125 970 2149 ,
987 2096 1224 2156 caeterisque
1239 2113 1338 2141 con-

293 2153 435 2196 trariis
474 2151 797 2212 quibufcumque
819 2185 831 2197 .
873 2159 1026 2200 Datum
1064 2159 1205 2202 Romae
1228 2158 1336 2214 apud

1402 1731 1558 1775 tatione
1571 1732 1654 1789 pias
1677 1732 1725 1775 ad
1754 1737 1891 1777 Deum
1906 1749 2050 1792 preces
2065 1735 2286 1780 effuderint
2307 1766 2320 1789 ,
2347 1753 2437 1781 om-

1398 1805 1474 1836 nes
1506 1793 1544 1834 &
1569 1792 1738 1847 singulas
1767 1794 2138 1851 indulgentias,&
2166 1808 2434 1853 peccatorum

1398 1850 1646 1895 remissiones
1677 1851 2008 1910 consequamini,
2043 1855 2205 1915 quas,si
2221 1870 2367 1900 omnes
2392 1859 2435 1901 δι

1394 1910 1568 1968 singulas
1604 1913 1788 1968 septem,
1819 1913 1885 1957 seu
1909 1929 2057 1959 novem
2090 1914 2296 1958 Ecclefias
2313 1946 2327 1968 ,
2351 1931 2432 1961 nec

1395 1985 1476 2014 non
1492 1973 1606 2014 Beati
1625 1973 1741 2015 Petri
1760 1973 1798 2014 in
1811 1977 1994 2019 Carcere
2009 1973 2212 2031 praedie'tas
2226 2006 2243 2028 ,
2271 1975 2431 2020 vifitan-

1395 2040 1460 2072 tes
1485 2031 1864 2088 consequeremini,
1889 2033 2228 2087 concedimus‚&
2244 2035 2433 2092 indulge-

1398 2103 1505 2132 mus.
1534 2090 1798 2134 Praesentibus
1819 2094 2028 2148 perpetuis
2055 2092 2205 2136 futuris
2227 2095 2431 2150 tempori·

1397 2148 1472 2192 bus
1499 2148 1685 2191 valituris
1711 2180 1722 2190 .
1764 2154 1859 2193 Non
1887 2151 2134 2194 obstantibus
2158 2153 2432 2196 Constitutio-

292 2217 338 2259 s.
350 2216 538 2256 Marcum
552 2212 622 2256 sub
637 2214 790 2258 annulo
803 2215 1022 2260 Piscatorjs
1035 2216 1103 2262 die
1124 2234 1204 2262 xv,
1217 2219 1342 2261 osto.
1402 2209 1522 2252 nibus
1537 2238 1553 2259 ,
1570 2211 1607 2250 &
1618 2209 1957 2254 Ordinationibus
1971 2213 2007 2253 A
2014 2211 2217 2267 postolicis
2228 2240 2244 2262 ‚
2269 2226 2430 2256 necnon

302 2272 388 2317 bris
401 2287 550 2319 πηοεν.
563 2272 835 2318 Pontificaius
850 2275 975 2319 nostri
988 2291 1094 2319 anno
1108 2278 1242 2332 primo
1254 2306 1267 2319 .

699 2393 763 2435 M.
785 2390 950 2449 Vestrias
963 2391 1188 2437 Barbianus
1201 2421 1215 2434 .

350 2511 498 2627 Αῗρῗ.
511 2511 557 2550 in
568 2513 714 2552 secret.
730 2509 1071 2570 Brea-Apostmeg.
1086 2514 1192 2568 Sept.
1202 2510 1253 2554 16
1256 2524 1330 2563 05·

432 2581 455 2608 o
474 2579 590 2620 445.

297 2775 586 2828 Monialibus
617 2779 799 2828 Montis
837 2779 1092 2845 Qirinalis
1120 2779 1176 2830 de
1195 2781 1330 2836 Urbe

362 2849 576 2916 Capellas
609 2851 873 2919 imaginum
911 2868 1081 2904 novem
1111 2850 1333 2914 Ecclesia-7

1085 2982 1310 3048 ΝΟ

1400 2269 1531 2312 nostra
1557 2268 1609 2311 de
1630 2282 1708 2310 non
1725 2269 1995 2312 concedendis
2013 2269 2285 2326 indulgentiis
2306 2271 2356 2313 ad
2375 2272 2430 2314 in.

1394 2326 1475 2368 star
1488 2355 1502 2378 ,
1529 2327 1743 2369 contrariis
1758 2326 2078 2384 quibuscumque
2091 2360 2102 2371 .
2122 2333 2270 2373 Datum
2286 2331 2429 2373 Roma:

1392 2387 1501 2440 apud
1540 2390 1579 2427 S.
1609 2387 1778 2428 Petrum
1809 2385 1880 2430 (ub
1918 2387 2070 2430 annulo
2105 2387 2318 2431 Piscatoris
2356 2391 2427 2434 die

1389 2445 1646 2488 xxvii-Vlunii
1674 2459 1866 2489 mecvm.
1881 2445 2153 2491 Pontificatus
2172 2446 2298 2491 nostri
2322 2463 2427 2494 anno

1390 2513 1541 2560 quarto
1557 2529 1570 2544 .

1900 2624 2028 2680 Scipio
2044 2626 2286 2669 Cabellatius
2297 2655 2308 2666 .

1449 2748 1575 2787 Breve
1580 2738 1818 2842 formatum
1839 2743 1887 2784 in
1904 2741 2028 2786 Arcb.
2056 2741 2294 2799 Manosterii
2329 2745 2420 2787 Mo·

1508 2803 1576 2842 nia
1595 2803 1679 2842 ium
1691 2827 1706 2839 .

1403 2979 1656 3044 ΤΑ.

512 3118 660 3159 Easdem
672 3118 905 3166 indulgentias
924 3122 1015 3158 Ven.
1028 3122 1099 3160 Dei
1111 3123 1217 3161 Servi
1233 3119 1453 3162 innocentius
1465 3121 1527 3160 Χῖ.
1542 3118 1788 3157 restauratione
1802 3119 1975 3159 dietat-mn
1995 3121 2222 3170 capellarum

830 3180 902 3206 non
913 3169 1067 3207 obstante
1088 3172 1331 3216 confirmavit,
1356 3171 1457 3208 Brevi
1470 3168 1680 3218 Apostolico
1692 3168 1847 3216 sequenti
1860 3194 1874 3208 .

478 3269 1685 3324 INNOCENTIUS

1789 3271 2222 3323 PP0XI.

379 3377 524 3417 Dileftis
535 3378 575 3414 in
591 3376 724 3429 Christo
737 3377 894 3415 Filiabus
909 3378 1126 3418 Martialibus
1136 3379 1287 3417 Ordinis
1299 3381 1341 3418 S.
1353 3378 1466 3418 Clara
1479 3380 1531 3418 Ca
1553 3379 1669 3416 acinis
1679 3381 1890 3430 nuncuparit
1903 3377 2138 3429 dnonaflerii
2146 3377 2185 3412 in
2195 3375 2320 3414 Mam

775 3428 966 3479 Qrinali
977 3427 1018 3463 de
1031 3428 1125 3468 vrbe
1135 3428 1293 3468 Salutem
1306 3452 1320 3474 ‚
1341 3429 1385 3471 ὁ·
1396 3429 1519 3481 Aposto
1534 3430 1621 3465 icam
1634 3427 1906 3467 Benediffionem
1920 3456 1936 3467 .

383 3527 469 3565 vM
477 3527 543 3576 sel.
555 3540 623 3565 rec.
634 3525 766 3566 Paulas
780 3526 854 3565 ΡΡ.
871 3524 914 3563 V.
926 3525 1158 3585 'Praedeeeffior
1173 3526 1280 3586 noller
1294 3552 1308 3572 ‚
1332 3527 1378 3563 ad
1390 3527 1732 3587 augendam-vestram
1744 3529 1983 3586 devotionem,
2006 3524 2408 3583 &flnt'qmwmsdlutem

399 3575 579 3627 eoelestibur
595 3575 740 3627 Ecclesia
756 3574 1012 3660 Thesauritdiiti
1023 3575 1196 3613 charitate
1207 3585 1364 3614 intentas
1379 3573 1483 3614 Vobis
1496 3577 1650 3614 omnibus
1664 3577 1856 3626 &finguln
1873 3576 1953 3613 ver&
1964 3574 2208 3623 penitentibus
2220 3597 2233 3617 ,
2260 3575 2304 3616 ὼ·
2327 3586 2408 3610 con·

284 3621 373 3671 seffis
386 3648 399 3669 ‚
423 3637 463 3662 ac
475 3627 588 3664 Sacra
599 3627 842 3665 Communione
855 3625 926 3674 refe
957 3626 988 3660 is
999 3649 1011 3668 ,
1036 3636 1109 3673 quae
1121 3625 1174 3663 Ca
1197 3624 1279 3662 ellat
1292 3626 1362 3660 ima

1385 3626 1482 3663 inum
1497 3638 1615 3663 novem
1630 3624 1848 3676 Ecclesiarum
1862 3651 1873 3668 ,
1888 3634 2016 3660 necnon
2029 3621 2131 3659 Beati
2144 3620 2245 3659 Petri
2259 3625 2298 3658 in
2314 3624 2408 3660 Car·

290 3682 368 3708 cere
382 3673 475 3711 difiae
490 3676 598 3713 vrbis
617 3676 715 3712 intra
730 3673 887 3725 Claustra
903 3671 1104 3723 Monaflerii
1119 3685 1162 3710 ve
1208 3675 1223 3710 i
1232 3673 1357 3723 praedit
1373 3674 1587 3725 iexissentes,
1598 3673 1719 3711 devote
1731 3672 1918 3725 vifieaffetis
1932 3695 1945 3716 ‚
1963 3671 2006 3713 ὁ·
2025 3672 2064 3706 in
2080 3669 2150 3706 illis
2162 3679 2224 3719 pro
2242 3671 2404 3721 Christia-

293 3730 417 3757 norum
432 3722 637 3775 Principum
649 3724 831 3761 concordia
841 3747 855 3768 ,
881 3722 1039 3772 haeresum
1052 3723 1282 3772 extirpatioue
1293 3747 1306 3767 ,
1329 3735 1369 3759 ae
1382 3724 1425 3761 S.
1437 3723 1571 3762 Matris
1585 3722 1728 3771 Ecclesia
1740 3722 1945 3760 exaltatione
1955 3721 2031 3778 piar
2044 3718 2091 3756 ad
2103 3719 2215 3758 Deum
2226 3729 2338 3768 preces
2354 3718 2406 3767 ef-

285 3766 462 3819 fudiffetis
481 3783 544 3817 ,us
556 3785 668 3811 omnes
679 3798 692 3819 ,
707 3771 904 3823 &singulas
921 3771 1160 3819 indulgentias
1171 3794 1185 3816 ,
1211 3784 1250 3808 ac
1258 3780 1475 3820 peccatorum
1500 3772 1696 3822 remiffiones
1718 3771 2003 3827 consequeremini
2019 3792 2032 3814 ,
2059 3780 2144 3816 quas
2158 3769 2198 3818 ‚Ji
2209 3781 2316 3806 omnes
2327 3796 2343 3824 .·
2362 3767 2406 3807 ὠ·

281 3816 438 3866 singulas
448 3819 581 3868 fiprein
590 3847 604 3869 ,
617 3821 684 3874 seu
704 3834 825 3861 novem
837 3820 993 3871 Ecclesias
1004 3846 1019 3868 ,
1039 3832 1171 3859 necnon
1180 3820 1285 3861 Beati
1295 3820 1398 3861 Petri
1409 3823 1451 3858 in
1465 3822 1614 3863 carcere
1623 3819 1803 3872 praedifias
1815 3815 2002 3871 vifiuffetos
2011 3841 2025 3864 ,
2051 3814 2277 3867 confiscatum
2284 3812 2405 3873 sufffe·

441 3866 592 3913 Tomll.

1657 3871 1694 3907 D
2310 3874 2358 3900 tn
