2710 4108
1044 203 1606 324 Januensts.

296 328 409 385 ginta
420 323 595 366 duorum
611 320 862 363 Ducatorum
876 316 966 357 auri
980 314 1034 360 de
1052 327 1247 372 camera,
1262 324 1326 364 vel

298 374 800 429 circiterconffltuantium
812 399 828 424 ,
842 370 1032 418 solutioni
1045 376 1114 420 uni
1120 391 1165 420 us
1178 393 1327 421 novem

293 442 513 490 solidum
524 463 541 486 a
554 438 596 479 ἁ
606 433 893 488 oetan-partis
906 432 1021 475 unius
1033 435 1143 487 paris
1158 438 1327 493 Cappo-

295 509 421 551 nnn,
451 494 599 540 valoris
625 490 780 535 insimul
808 489 983 533 duorum
1007 490 1230 546 juliorum,
1258 495 1323 537 vel

288 558 460 605 circiter
472 552 525 597 ad
541 549 896 609 ipsumJacobum:
924 551 966 593 δι
982 549 1088 592 aliud
1105 552 1241 594 Terroe
1259 566 1326 606 pe·

293 617 426 667 tium,
450 611 601 655 vitibus
619 617 883 667 propagatum
898 633 913 658 ‚
939 607 1071 664 ptimo
1097 608 1208 649 dieto
1223 622 1322 651 con-

293 674 472 732 tiguum,
491 668 640 713 valoris
650 666 777 711 etiam
800 667 839 709 in
866 666 1118 723 proprietate
1137 666 1326 722 quadrin-

294 742 505 791 gentarum
526 728 721 795 librarpm
746 723 928 768 fimilium
945 753 960 776 ,
987 723 1179 768 summam
1212 725 1325 781 quin·

292 788 486 850 quaginta
498 785 740 831 ducatorum
753 784 914 840 parium
928 810 944 835 ‚
968 781 1035 827 vel
1062 781 1167 827 circa
1198 780 1324 826 confi-

294 850 404 893 cien.
417 845 611 889 solutioni
634 843 804 887 alterius
818 841 967 898 viginti
984 840 1202 885 (blidotum
1217 840 1322 896 ejus·

291 907 392 951 dem
403 914 571 949 utonetat
585 931 601 955 ,
623 902 813 946 summam
829 901 1000 944 aliorum
1014 899 1187 943 duorum
1201 898 1323 954 julio-

292 963 478 1018 rumne}
493 962 684 1010 circiter,
698 959 748 1004 ad
766 958 944 1003 Dilectus
961 960 1084 1002 filios
1097 959 1322 1008 Andream,

292 1022 538 1081 &Jacobum
555 1022 716 1064 Fratres
736 1017 792 1061 de
803 1018 992 1062 Clavaris
1006 1047 1020 1070 ‚
1050 1031 1208 1061 necnon
1226 1017 1322 1061 reli-

293 1095 422 1139 quum
439 1083 576 1125 Terra:
606 1077 759 1134 petium
791 1080 917 1119 etiam
944 1077 1094 1120 vitibus
1121 1088 1316 1132 propaga·

295 1152 411 1191 tum,
439 1139 548 1196 petia
561 1137 599 1179 in
614 1135 709 1179 loco
725 1134 938 1191 predicto,
966 1134 1032 1177 seu
1062 1134 1171 1180 illius
1198 1136 1322 1178 terri-

295 1200 406 1246 torio
421 1226 437 1251 ‚
464 1208 589 1265 prope
615 1197 789 1237 Domum
820 1192 1067 1248 Regularem
1095 1193 1321 1248 praedictam

295 1258 369 1303 fita
380 1285 398 1309 ,
425 1253 577 1311 suisque
591 1250 803 1295 notiffitnis
817 1249 1040 1294 confimbus
1065 1251 1319 1295 circumscri-

295 1328 366 1375 pta
381 1344 398 1368 ,
421 1314 471 1358 ad
487 1314 652 1357 Petrum
667 1339 682 1362 ‚
709 1311 750 1352 δι
763 1309 1025 1353 Benedictum
1041 1311 1205 1353 Fratres
1228 1310 1319 1356 de,

295 1374 475 1421 Ferettis
490 1399 506 1423 ,
531 1368 829 1413 laicosillarum
843 1369 1041 1424 partium,
1059 1368 1238 1411 Dilectus
1256 1371 1319 1412 Fi-

296 1434 376 1478 lios
389 1430 520 1488 quoad
542 1428 674 1479 utile,
699 1429 783 1484 quo
809 1428 907 1470 vero
933 1427 984 1470 ad
1010 1426 1208 1469 directum
1233 1428 1322 1470 illo-

297 1506 390 1536 rum
406 1488 642 1533 Dominium
652 1486 702 1528 ad
717 1485 999 1541 capellaniam
1012 1487 1238 1542 praedifilam
1261 1485 1319 1530 le·

300 1547 442 1608 gitimb
458 1545 678 1602 respective
693 1544 865 1602 speetan.
895 1545 1046 1587 valoris
1069 1558 1231 1601 quoque
1247 1544 1319 1589 in.»

294 1606 550 1669 proprietate
559 1604 727 1646 aliarum
740 1602 1144 1659 quadringentarum,
1157 1604 1197 1644 &
1209 1605 1323 1660 quin·-

301 1666 492 1725 quaginta
529 1662 724 1705 librarum
758 1661 939 1704 fimilium
956 1690 969 1713 ‚
996 1660 1184 1705 summam
1211 1661 1323 1719 quin·

303 1722 681 1783 quagintaquinque
693 1720 939 1764 ducatorum
956 1721 1112 1777 parium
1126 1748 1140 1773 ,
1164 1721 1230 1764 vel
1246 1721 1326 1764 cir·

299 1786 409 1830 citer
448 1779 639 1824 solutioni
675 1788 967 1836 perpetuorum
1006 1781 1219 1822 Canonum
1259 1794 1327 1822 an-

296 1854 469 1887 nuorum
494 1838 666 1882 aliorum
694 1836 834 1893 viginti
859 1837 984 1881 trium
1011 1835 1230 1882 solidorum
1243 1865 1258 1888 ‚
1287 1839 1327 1883 ὃς

295 1904 447 1958 septem
458 1896 715 1943 denariorum
731 1893 909 1950 ejusdem
937 1906 1109 1939 monetae
1131 1898 1323 1940 summam

296 1961 472 2002 aliorum
504 1955 676 1999 duorum
706 1953 897 2011 juliorum
922 1964 1094 1997 monetae
1131 1957 1324 2000 Romanae

296 2018 484 2076 parium,
516 2015 634 2072 plus,
662 2013 843 2055 &minus
854 2012 1092 2058 constituen·
1117 2026 1216 2070 erga
1241 2017 1323 2057 Ca-

286 2075 515 2134 vpellaniam
528 2070 781 2130 pradictum,
805 2073 965 2115 ratione
991 2071 1322 2117 concefflonums.

298 2132 721 2190 Emphitheuticarum
735 2141 1051 2187 perpetuarum,
1077 2130 1177 2175 olim
1205 2130 1319 2188 ipsius

297 2193 435 2251 Jacobi
449 2190 503 2234 de
524 2188 710 2241 Oderio,
732 2188 980 2240 &Andreae,
1003 2189 1196 2244 &Jacobi
1223 2191 1321 2232 Fra-

293 2264 403 2300 trum
418 2250 472 2293 de
484 2247 672 2292 Clavaris
687 2274 703 2299 ‚
722 2259 879 2290 necnon
894 2247 1007 2291 Petri
1024 2274 1040 2298 ‚
1065 2247 1102 2288 fit
1115 2247 1321 2293 Benedicti

294 2309 576 2366 praediaorum
590 2301 901 2347 antecessoribus
920 2332 935 2355 ,
959 2302 1024 2346 seu
1050 2304 1136 2347 aliis
1149 2307 1320 2349 austori-

294 2370 370 2415 bus
383 2368 437 2412 de
451 2365 532 2407 illis
545 2375 621 2420 per
635 2361 749 2406 dieta
765 2361 1021 2417 capellania
1034 2363 1319 2421 Capelianum,

295 2426 365 2469 seu
381 2418 742 2480 Capellanostunc
769 2418 1018 2472 existentes,
1045 2419 1098 2465 de
1124 2421 1319 2467 licentia-2

289 2484 415 2533 „Sedis
426 2479 665 2538 Apostolicae
691 2477 879 2525 saetarum
904 2481 1106 2532 obnoxia,
1136 2494 1208 2536 pro
1238 2495 1321 2527 am-

293 2543 492 2600 pliatione
520 2538 631 2582 diCtae
668 2538 820 2581 Domus
846 2538 1061 2595 Regularis
1075 2566 1089 2588 ,
1114 2539 1183 2583 seu
1210 2540 1320 2585 illius

296 2602 510 2644 hortorum
524 2627 539 2648 ,
566 2594 630 2640 vel
646 2593 950 2639 hortalitiorum
963 2625 976 2647 ‚
1005 2596 1224 2652 plurimum
1252 2612 1323 2640 ne·

289 2656 460 2703 cessaria
474 2654 554 2700 effe
569 2682 585 2706 ,
604 2653 782 2709 Jacobus
806 2655 981 2697 Oderius
1012 2653 1208 2700 videlicet
1222 2683 1237 2706 ‚
1266 2655 1324 2699 oh

292 2730 391 2762 eum
403 2745 418 2767 ,
431 2727 551 2772 quem
564 2723 664 2767 erga
680 2714 864 2756 Sanctum
882 2710 1161 2763 Franciscum,
1172 2713 1213 2755 δι
1225 2714 1320 2756 Pra-

290 2787 378 2820 tres
392 2772 625 2827 Capucinoa
640 2768 846 2827 pradictus
861 2769 1216 2827 gerit‚devotionis
1228 2769 1323 2814 affe·-

293 2838 402 2878 &um
413 2861 430 2883 ,
458 2830 559 2875 utile
581 2830 716 2885 primo
731 2829 827 2871 disti
844 2840 963 2871 terrae
979 2829 1080 2884 petii
1094 2830 1320 2874 dominium

292 2892 346 2936 ad
369 2903 492 2939 eum,
518 2899 563 2931 ut
615 2887 825 2936 refertur,
850 2886 1114 2942 spectans,ad
1130 2886 1321 2931 effectum

292 2947 552 3001 infrascriptae
567 2901 675 2989 istius
694 2944 991 2989 affrancationis
1002 2945 1242 2990 Guardiano
1253 2970 1269 2993 2
1281 2946 1323 2989 δι

292 3004 530 3054 Conventui
544 3001 663 3046 dictae
678 3000 827 3046 Domt'is
845 3003 1060 3058 Regularia
1074 3031 1088 3055 ‚
1100 3002 1319 3047 donatione

293 3066 398 3125 pura
413 3094 427 3117 ‚
451 3060 650 3119 perpetua
667 3089 682 3112 ‚
706 3060 1024 3105 &irrevocabili
1080 3062 1227 3105 ratior&
1246 3060 1312 3106 do·

292 3127 428 3170 navit.
460 3119 646 3165 Andreas
665 3120 768 3162 vero
783 3118 1029 3174 ‚&Jacobus
1069 3132 1092 3161 e
1106 3120 1321 3168 Clavaris,

293 3198 342 3227 ac
360 3188 506 3228 Petrus
522 3209 536 3236 ‚
550 3179 590 3220 δι
604 3177 848 3221 Benedictus
865 3178 1023 3222 Fratres
1039 3176 1244 3233 praedicti,
1258 3190 1319 3220 re-

293 3242 404 3298 liqua
421 3239 502 3281 duo
518 3240 651 3280 Terra
674 3238 781 3290 petia
797 3235 987 3291 praedicta
1015 3236 1066 3280 ad
1093 3249 1162 3277 eos
1187 3233 1319 3290 respe-

291 3302 408 3345 ctive
420 3327 436 3350 ‚
466 3294 597 3354 quoad
613 3292 713 3336 utile
729 3293 954 3337 dominium
967 3321 983 3345 ,
1012 3303 1055 3338 ut
1081 3291 1291 3348 praefertur
1305 3320 1322 3344 a

293 3357 520 3414 spectantia
538 3383 553 3407 ,
571 3351 635 3397 seu
649 3351 814 3396 illorum
828 3351 931 3394 utile
946 3351 1172 3395 dominium
1189 3349 1323 3406 hujus-

293 3411 661 3471 mquuibuldam
681 3410 753 3466 piis
761 3406 942 3453 Pet-sonis
956 3410 1128 3466 pretium
1142 3410 1324 3461 illorum,

301 3476 345 3518 δι
361 3473 542 3518 valorem
563 3468 788 3525 hujusmodi
814 3469 874 3510 cis
899 3466 1215 3522 persolventibus
1230 3495 1246 3519 ‚
1274 3481 1322 3512 ac

294 3532 367 3575 illa
380 3531 505 3575 etiam
516 3529 629 3572 fimili
645 3527 868 3573 donatione
882 3525 1118 3570 Guardiano
1129 3553 1144 3577 ‚
1158 3526 1195 3568 81
1212 3527 1323 3568 Con·

298 3587 445 3633 ventui
458 3587 689 3644 predictis,
717 3585 767 3629 ad
786 3583 967 3630 (imiliter
989 3583 1155 3628 illorum
1182 3582 1325 3628 affun-

296 3646 474 3692 cationis
489 3645 678 3690 effectum
692 3644 934 3689 donantibus
943 3672 960 3695 ,
985 3641 1050 3683 seu
1078 3641 1259 3694 donare3
1286 3643 1327 3685 δι

300 3715 496 3762 praeterea
520 3702 655 3746 eidem
679 3701 922 3758 Capelianiae
951 3716 1023 3756 pro
1045 3698 1327 3743 affrancatt'one

295 3762 683 3820 ‹fingulotum'l‘errt‘⁵
697 3762 897 3819 petiorum
910 3758 1132 3816 hujusmodi
1151 3772 1325 3803 annuum

2191 237 2343 319 373

1386 324 1426 365 δι
1458 332 1700 376 perpetuum
1728 318 1937 364 redditum
1966 325 2101 362 tutum
2119 348 2132 372 .
2158 323 2199 364 δι
2227 328 2413 367 securum

1387 380 1479 423 loco
1489 383 1699 423 Canonum
1716 378 1940 435 hujusmodi
1957 404 1971 426 ,
1984 379 2023 418 δι
2039 380 2202 422 illorum
2218 386 2412 424 atiranca·

1386 438 1509 481 tionis
1527 436 1716 493 affignare
1732 435 2036 481 intendentibus
2057 465 2070 487 ,
2100 443 2300 494 perpetue,
2315 454 2413 484 ven-

1386 496 1580 538 diderunt
1595 521 1610 544 ‚
1625 494 1854 548 poffeffione
1871 492 2032 534 minime
2047 496 2223 548 tradua,
2235 497 2297 541 seu
2314 513 2411 541 ven·

1386 554 1486 595 dere
1498 553 1781 597 decreverunt
1796 581 1811 603 ‚
1835 550 1972 606 hisque
1989 552 2259 597 mediantibus
2279 556 2413 599 dictus

1381 613 1555 668 Joannea
1568 612 1770 653 Antonius
1785 608 2033 665 Capelianus
2048 637 2061 659 ‚
2088 609 2252 653 fundum
2268 640 2281 662 ,
2294 615 2333 655 δι
2350 630 2414 669 pe.

1388 669 1443 711 tia
1459 669 1598 711 Terroe
1611 665 1836 724 hujusmodi
1853 671 1877 711 a
1891 667 2089 709 solutione
2107 668 2311 713 ulterioris
2327 676 2411 714 Ca-

1386 727 1500 769 nonis
1526 727 1672 777 annui,
1702 726 1771 769 seu
1782 738 1917 768 annuoe
1932 725 2195 781 responfionia
2213 728 2335 782 hujus
2330 743 2410 773 mo.

1384 783 1426 827 di
1444 812 1461 834 ,
1478 796 1639 826 necnon
1653 785 1675 825 ὁ
1698 794 1842 828 natura
1860 785 2179 840 Emphyteutica
2193 811 2207 832 ‚
2235 788 2302 829 alti
2317 787 2411 842 sque

1382 842 1575 885 oneribus
1589 868 1604 892 ,
1624 842 1769 898 quibus
1783 840 1928 884 fundus
1941 872 1957 894 ,
1970 843 2010 885 δι
2024 852 2144 887 terrae
2158 845 2264 898 petia
2282 845 2410 899 hujus-

1383 899 1522 952 modi,
1554 900 1659 943 illius
1687 900 1848 943 ratione
1870 914 1966 955 erga
1996 901 2188 943 eamdem
2219 905 2411 957 Capella·

1383 960 1487 1002 niam
1502 955 1811 1014 quomodolibet
1823 958 1997 1002 obnoxia
2010 956 2088 1002 eise
2100 959 2407 1013 dignoscuntur,

1382 1017 1801 1119 pergetuolreservaftfo
1818 1018 1967 1084 Nostro
1978 1046 1994 1070 ,
2020 1019 2061 1059 δι
2072 1018 2186 1060 Sedis
2201 1019 2235 1059 A
2241 1019 2408 1073 postoli-

1382 1090 1434 1119 cae
1477 1091 1580 1134 enep
1599 1087 1710 1119 actto
1723 1089 1744 1118 a
1778 1086 1960 1119 rancavtt
1975 1108 1988 1117 .

1439 1138 1691 1180 Cumautem
1708 1163 1723 1184 ‚
1746 1133 1843 1177 ficut
1856 1134 2000 1179 eadem
2025 1132 2222 1189 expofitio
2243 1134 2406 1189 subjun-

1380 1194 1502 1249 gebat
1516 1223 1530 1246 ‚
1565 1190 1751 1248 praemissa
1786 1207 1859 1249 pro
1898 1194 2111 1239 neceffaria
2139 1194 2407 1249 ampliatione

1382 1257 1534 1296 Domus
1555 1251 1765 1308 Regularis
1777 1280 1791 1302 ,
1805 1261 1871 1294 aut
1889 1251 1996 1295 illius
2013 1253 2239 1303 hortorum,
2255 1254 2296 1295 δι
2310 1253 2409 1295 hor·

1380 1312 1608 1355 talitiorum
1624 1308 1731 1353 facta
1746 1308 1841 1362 effe,
1859 1311 1951 1352 &in
1968 1311 2208 1358 evidentem
2223 1309 2406 1369 ejusdem

1381 1369 1630 1426 Capelianiae
1657 1369 1878 1416 utilitatem
1907 1368 2081 1421 cciiisi‘e·⁵
2122 1369 2189 1412 seu
2220 1370 2375 1412 cedere
2390 1397 2405 1420 ,

1380 1429 1504 1471 etiam
1518 1429 1803 1483 dignoscantur
1815 1455 1828 1479 ,
1852 1429 1891 1469 &
1907 1439 2121 1483 propterea
2135 1439 2215 1470 tam
2228 1430 2405 1485 Joannea

1380 1489 1582 1534 Antonius
1594 1513 1609 1534 ‚
1639 1487 1759 1544 quim
1791 1486 1863 1542 pit
1900 1488 2082 1532 Persona·
2107 1487 2298 1542 praediCtae
2312 1516 2325 1537 ,
2356 1499 2403 1528 ac

1381 1545 1638 1592 Guardianus
1654 1574 1669 1598 ,
1694 1546 1735 1587 &
1752 1546 1908 1588 Fratres
1921 1544 2040 1587 dictae
2054 1548 2208 1588 Domus
2225 1545 2406 1602 Regula-

1385 1607 1437 1649 r-ia
1450 1606 1618 1662 cupiant
1633 1632 1648 1655 ,
1669 1600 1850 1660 praemiffa
1865 1605 2002 1646 omnia
2017 1632 2031 1655 ,
2055 1606 2096 1649 δι
2111 1604 2256 1660 lingula
2271 1632 2286 1655 ,
2308 1618 2406 1659 qua-

1385 1677 1503 1708 tenus
1519 1664 1594 1719 jam
1609 1661 1715 1706 sacta
1731 1662 1804 1705 'lint
1819 1690 1834 1712 ,
1861 1674 1903 1705 ut
1921 1663 2156 1718 praesertur,
2169 1663 2403 1718 Apostolica

1386 1724 1630 1768 auctoritate
1651 1722 1892 1778 approbari,
1916 1724 1954 1763 δι
1977 1721 2233 1766 confirmari:
2258 1730 2406 1776 quate-

1388 1797 1458 1826 nus
1475 1782 1573 1824 vero
1590 1780 1658 1822 illa
1672 1780 1853 1823 nondum
1868 1778 1973 1822 facta
1992 1780 2063 1821 sint
2081 1810 2093 1830 ,
2119 1781 2188 1822 illa
2204 1806 2218 1827 a
2242 1790 2285 1821 ut
2309 1793 2407 1833 prae—

1387 1841 1517 1887 fertur
1532 1868 1545 1889 ‚
1572 1836 1771 1884 faciendi,
1794 1840 1936 1894 Joanni
1956 1840 2138 1881 Antonio
2148 1838 2407 1893 Capeliano,

1384 1902 1422 1945 &
1440 1899 1512 1955 piis
1526 1895 1706 1940 Personis
1720 1896 1887 1952 praefatis
1907 1896 2110 1939 licentiam
2124 1924 2138 1946 ,
2163 1898 2202 1937 δι
2231 1894 2406 1937 faculta-

1383 1970 1467 2006 tem
1481 1954 1681 2006 concedi,
1702 1956 1955 2012 &impartiri
1972 1985 1982 1996 .
2017 1958 2116 1998 Ideo
2134 1954 2261 1997 Nobis
2277 1954 2407 1995 humi—

1384 2017 1480 2061 liter
1507 2013 1717 2070 supplicari
1747 2011 1934 2061 fecerunt
1950 2042 1964 2066 ,
1990 2025 2034 2056 ut
2061 2014 2123 2057 eis,
2143 2014 2181 2055 in
2208 2011 2405 2069 praemiffis

1378 2073 1887 2178 i'issss‘ffi‘ffissffldes‘io‘,
1901 2072 2406 2175 ‘2235333322‘2335’st22

1382 2147 1555 2237 aliarugm
1568 2190 1849 2247 scripturarum
1864 2145 2030 2236 tengores
2043 2217 2058 2240 ,
2073 2190 2195 2233 etiam
2209 2158 2404 2238 verioies,

1380 2248 1576 2310 praemiffis
1609 2261 1743 2291 tamen
1775 2262 1855 2290 non
1880 2247 2139 2300 contrarios,
2154 2263 2199 2291 ac
2221 2250 2314 2292 Dat.
2329 2260 2402 2289 nec

1380 2324 1458 2353 non
1479 2311 1628 2351 Domus
1645 2306 1863 2364 Regularis
1878 2335 1892 2358 ,
1914 2305 2077 2348 &fundi
2091 2333 2105 2355 ‚
2127 2321 2174 2349 ac
2189 2307 2399 2361 petiorum

1380 2380 1494 2412 terrae
1511 2366 1789 2422 predictorum
1822 2365 2053 2408 fituationes
2066 2395 2082 2418 ‚
2108 2363 2314 2415 confines,
2332 2378 2406 2406 vo-

1380 2425 1523 2471 cabula
1535 2454 1549 2478 ,
1564 2423 1911 2470 denominationes
1924 2453 1939 2477 ‚
1961 2424 2179 2480 qualitates
2194 2451 2208 2473 ‚
2222 2425 2263 2466 &
2275 2437 2401 2482 quan-

1381 2485 1521 2528 titates
1552 2482 1808 2541 praesentibus
1847 2496 1921 2540 pro
1956 2481 2143 2539 expreffis
2181 2481 2373 2525 habentes
2389 2509 2404 2532 ,

1382 2543 1562 2600 ipsosque
1574 2544 1834 2600 Exponentes
1850 2539 2086 2596 specialibus
2099 2540 2226 2597 gratia
2239 2569 2254 2594 ,
2281 2542 2322 2583 δι
2348 2538 2406 2581 sa·

1383 2616 1490 2650 vore
1505 2601 1692 2658 prosequi
1710 2600 1895 2642 volentes
1910 2627 1925 2649 ‚
1947 2613 2103 2640 necnon
2118 2611 2261 2641 eorum
2277 2595 2407 2651 fingu-

1380 2660 1442 2705 los
1469 2661 1492 2703 ὲ
1518 2658 1718 2714 quibusvis
1751 2656 2181 2700 excommunicationis
2198 2684 2212 2706 ,
2243 2654 2403 2710 suspen-

1380 2717 1496 2762 tionis
1511 2744 1526 2766 ‚
1554 2713 1814 2758 &interdicti
1831 2715 1909 2755 διε.
1932 2715 1969 2755 &
1984 2711 2184 2755 absolutos
2199 2712 2287 2757 fore
2300 2725 2399 2754 cen·

1381 2774 1512 2818 sentes
1527 2801 1540 2824 ,
1564 2784 1719 2818 certam
1735 2784 1870 2814 tamen
1889 2772 1941 2813 de
1966 2769 2162 2826 praemiffis
2181 2771 2404 2814 notitiam)

1379 2847 1462 2876 non
1478 2832 1673 2877 babentes
1684 2857 1700 2880 a
1726 2829 1949 2887 hujusmodi
1967 2828 2319 2886 supplicationibus
2339 2829 2398 2869 in-

1380 2890 1539 2941 clinati,
1553 2889 1795 2932 Discretioni
1813 2887 1961 2930 Vestrae
1973 2901 2045 2943 per
2059 2884 2273 2942 praesentes
2288 2900 2401 2926 com·

1380 2949 1576 2992 mittimus
1589 2949 1654 2997 ,δι
1666 2947 1901 2990 mandamus
1916 2975 1930 2997 ,
1949 2955 2148 3001 quatenus
2161 2945 2213 2988 de
2233 2947 2402 2999 premii·

1381 3006 1426 3050 fis
1440 3009 1524 3050 vos
1538 3006 1760 3062 diligenter
1777 3002 2029 3052 informetis,
2053 3005 2093 3049 δι
2108 3033 2121 3055 ,
2138 3003 2161 3046 st
2179 3017 2248 3058 per
2276 2999 2401 3043 insor-

1380 3065 1601 3109 mationem
1614 3065 1799 3107 eamdem
1813 3091 1828 3114 ‚
1857 3063 1982 3106 Vobis
1994 3061 2243 3118 conjunctim
2259 3073 2405 3116 proce-

1378 3121 1776 3179 dentibusdegitimi
1790 3121 2030 3171 constiterit,
2041 3116 2247 3177 premissa,
2262 3118 2285 3160 (i
2302 3117 2398 3175 jam,

1379 3191 1425 3225 ut
1439 3180 1673 3237 praefertur,
1702 3177 1807 3224 facta
1818 3181 1890 3222 [int
1904 3208 1918 3231 ‚
1945 3180 1984 3223 8<
2002 3179 2071 3223 illa
2089 3194 2165 3237 pro
2184 3173 2399 3222 necess'aria

1378 3240 1639 3296 ampliatione
1655 3243 1807 3283 Domus
1825 3236 2041 3297 Regularis
2056 3266 2072 3288 ,
2098 3238 2163 3282 feu
2181 3235 2287 3278 illius
2305 3236 2402 3277 hor·

1382 3310 1532 3348 torum,
1552 3299 1615 3341 vel
1631 3296 1928 3341 hortalitiorum
1944 3294 2164 3351 hujusmodi
2180 3291 2284 3337 sacta
2305 3291 2399 3342 esse,

1379 3358 1420 3400 δι
1442 3357 1479 3398 in
1507 3355 1695 3399 eamdem
1715 3354 1829 3399 dictae
1855 3354 2102 3411 Capelianiae
2131 3348 2306 3403 cellule,
2334 3349 2400 3393 vel

1380 3413 1529 3460 cessura
1556 3412 1635 3457 effe
1662 3413 1880 3458 utilitatem
1897 3413 2164 3469 reperiretis,
2190 3408 2231 3456 su
2262 3422 2309 3453 er
2321 3424 2401 3466 quo

1382 3470 1670 3517 conscientiam
1686 3472 1854 3516 vestram
1869 3484 2079 3514 oneramus
2094 3496 2109 3520 ,
2122 3470 2211 3519 illa,
2238 3466 2328 3512 actii
2339 3479 2401 3509 ta·

1381 3543 1476 3574 men
1489 3530 1750 3586 affignatione
1764 3530 1831 3586 ipst
1847 3527 2220 3586 Capellaniaeannui
2231 3557 2246 3581 ‚
2261 3529 2299 3570 fit
2314 3541 2401 3582 per-

1386 3589 1498 3643 petui
1513 3588 1696 3634 redditus
1713 3590 1829 3632 unius
1845 3586 1979 3632 ducati
1995 3586 2110 3644 super
2126 3586 2243 3631 bonis
2258 3585 2403 3629 stabili-

1384 3646 1457 3691 bus
1471 3673 1487 3697 ,
1508 3647 1558 3689 ab
1573 3650 1682 3692 omni
1700 3645 2001 3691 fideicommill'o
2013 3673 2029 3698 ,
2051 3645 2281 3691 caducitate
2293 3671 2308 3694 ,
2326 3642 2401 3685 de-

1386 3704 1596 3748 volutione
1609 3734 1624 3757 ‚
1641 3707 1683 3751 δι
1696 3706 1838 3761 quovis
1849 3703 1928 3747 alio
1941 3717 2068 3749 onere
2081 3733 2095 3756 ,
2118 3702 2235 3748 censu
2253 3731 2268 3755 ,
2283 3715 2403 3744 cano·

1384 3776 1464 3813 ne,
1495 3765 1534 3806 dt
1552 3764 1780 3820 hypotheca
1810 3762 1946 3807 liberis
1962 3791 1976 3816 ,
2000 3765 2037 3807 δι
2066 3762 2207 3806 saltem
2228 3762 2400 3859 aequiva-

2285 3830 2356 3859 en·
