2710 4108
942 205 1745 327 Mediolanensis,

2212 244 2379 330 339

300 319 651 366 odescflcffiffioem
799 315 1022 355 Mediolanen
1039 343 1050 360 .
1063 321 1212 370 benigne
1224 324 1389 361 commisit
1400 325 1510 363 eidem
1525 350 1539 370 .
1563 339 1601 364 ut
1621 330 1711 367 veria
1721 327 1944 367 existentibus
1956 333 2094 371 narratis
2108 358 2119 369 .
2131 331 2270 381 petitam
2293 334 2437 375 facultai

304 383 375 409 tem
393 368 557 408 celebrati
573 366 719 405 faciendi
751 376 774 401 u

301 421 340 459 δι
363 418 545 471 prudentia
563 414 784 454 oratinibus
804 414 917 460 gratis
941 414 1159 462 impertiatur
1172 441 1186 455 .

774 364 962 412 pradiftam
985 367 1120 405 Mittam
1143 371 1188 406 ad
1211 371 1339 410 Altate
1364 374 1484 423 Majus
1496 375 1647 424 ejusdem
1659 375 1951 427 zoclen-,jum
1965 380 2072 427 petita
2085 391 2174 430 ,pto
2186 381 2248 420 suo
2262 383 2407 424 arbitrio
2418 412 2431 429 .

727 521 779 575 C.
811 521 1055 576 Cardinaelis
1087 511 1247 595 Origus
1272 526 1403 600 Ptaejj

1484 662 1525 703 B.
1551 658 1596 702 de
1622 658 1890 703 Lambrrtlm's
1921 663 2166 707 secretarius
2181 671 2201 709 .’,

501 769 556 809 Ex
578 767 667 819 Rog-
682 773 750 823 sen
771 772 851 813 Lib.
864 785 917 823 74¹
935 772 1078 813 Deem.
1101 772 1249 825 ejusdem
1272 772 1315 811 S.
1334 771 1544 824 congregat.
1568 774 1634 825 fil.
1662 786 1722 823 59.

299 899 417 916 —-

298 1015 515 1064 Domum
538 1012 1105 1084 MonialiumRegularem
1119 1047 1136 1070 ,
1148 1016 1196 1064 S.
1214 1018 1329 1064 Am·

368 1080 505 1134 brofii
546 1097 850 1151 nuncupatam
893 1085 1034 1136 Comi
1079 1081 1322 1135 fitcceffivd

367 1150 624 1221 supprimi,
660 1151 713 1204 δι
735 1171 909 1204 novam
944 1151 1027 1203 sub
1055 1156 1194 1204 titulo
1211 1159 1321 1212 San-

367 1222 431 1273 eti
450 1223 610 1272 Caroli
630 1223 745 1293 erigi
766 1259 781 1283 ,
797 1242 849 1274 ac
865 1224 1161 1292 prioris-bona
1174 1260 1193 1285 ,
1214 1227 1321 1277 huic

366 1294 650 1361 incorporari
675 1292 952 1346 ratihabetur
967 1330 991 1344 ..

607 1438 850 1507 BeatIffitne
873 1441 1003 1495 Pater
1021 1479 1049 1499 .,

403 1612 599 1669 Piscopue
634 1610 757 1655 Comi
797 1610 1043 1655 numillimus
1090 1611 1325 1655 Sanctitatis

420 1671 567 1716 Vestrae
585 1671 739 1712 Orator
763 1699 778 1722 ,
810 1668 849 1711 se
872 1671 910 1712 in
946 1671 1077 1728 primo
1100 1669 1208 1713 illius
1241 1671 1322 1714 Ec·

291 1733 421 1774 cleliae
445 1728 600 1775 acceffu
628 1725 864 1786 comperiffe
886 1729 1085 1785 exponit,
1114 1730 1227 1785 quod
1257 1729 1319 1771 in-

293 1800 360 1833 ter
373 1791 475 1834 alios
492 1788 705 1845 virginum
719 1796 852 1832 coetus
865 1815 880 1838 ,
911 1787 1078 1834 inillam
1091 1787 1316 1831 Civitatem

294 1848 480 1893 inductos
496 1877 511 1900 ‚
542 1845 648 1890 foret
677 1847 720 1890 δι
744 1849 900 1891 Domus
926 1849 967 1892 S.
987 1846 1216 1898 Ambrofii,
1248 1847 1320 1892 in..

290 1922 369 1964 qua
394 1918 466 1961 45.
486 1904 709 1963 Religiosae·
725 1905 876 1948 incirca
902 1931 918 1954 ,
958 1905 1115 1948 Habitu
1143 1906 1319 1962 Capuci·

291 1980 431 2009 narum
454 1964 631 2015 indutae,
660 1965 700 2006 in
715 1965 1008 2007 communitate
1030 1962 1224 2021 quidem,
1256 1963 1326 2007 sed

289 2025 452 2068 modica
470 2022 953 2080 regulari'observantia,
984 2023 1066 2068 imo
1093 2037 1184 2066 cum
1200 2023 1320 2078 plena

286 2082 538 2126 saecularium
561 2112 576 2134 ‚
622 2081 767 2126 dictam
803 2083 982 2125 Domum
1009 2082 1321 2130 accedentium,

287 2141 483 2186 libertate
499 2140 697 2186 vivebant
709 2167 725 2191 ,
739 2141 858 2194 ita,ut
872 2139 895 2182 Ξ
913 2139 952 2183 se
969 2141 1077 2184 malo
1090 2141 1318 2184 remedium

275 2201 468 2258 opponi,
498 2201 540 2242 δε
564 2197 795 2253 Religiosas
824 2198 1031 2253 praedictas
1058 2199 1108 2241 ad
1136 2199 1319 2243 statum„

286 2259 451 2316 majoris
467 2254 682 2314 Religio&
705 2253 966 2312 perfeetionis
984 2257 1161 2311 reduci,
1194 2260 1318 2302 ratio·-

287 2317 329 2360 ni
342 2317 566 2361 conionum
585 2312 814 2357 censuerit.
843 2317 1033 2373 Cumque
1047 2316 1195 2360 Divina
1211 2317 1315 2362 Cle-

287 2377 444 2419 mentia
470 2375 539 2431 pio
569 2373 664 2417 huic
690 2372 898 2431 propolito
929 2372 1172 2428 accefferst,
1210 2378 1313 2420 Ora·

285 2437 368 2478 tori
390 2435 475 2478 sors
498 2432 648 2488 obtigit
676 2460 691 2485 ,
721 2432 978 2477 voluntatem
1003 2432 1208 2492 cujusdam
1222 2435 1314 2478 Viri

286 2491 554 2538 Ecclefiastici
575 2490 839 2546 disponendi,
869 2503 913 2534 ut
929 2493 1033 2537 bona
1056 2492 1121 2536 sua
1138 2493 1313 2549 legaret,

283 2554 326 2594 δι
338 2553 593 2608 relinqueret
605 2548 656 2592 ad
669 2548 856 2594 effectum
869 2580 886 2603 ,
911 2562 956 2595 ut
970 2561 1201 2595 memorate
1218 2553 1314 2596 Vir·-

286 2612 403 2667 gincs
429 2611 598 2667 primam
627 2608 808 2665 regulam
835 2611 875 2652 S.
901 2609 1037 2655 Clarae
1067 2608 1314 2664 seligerent,

285 2671 327 2712 δι
350 2666 637 2713 observarent:
667 2667 777 2724 quod
799 2669 922 2712 etiam
950 2669 1022 2712 sub
1035 2667 1316 2714 directione.»

283 2732 378 2773 Sor.
397 2728 528 2771 Luciae
544 2728 703 2769 Ferrari
728 2726 750 2769 i
765 2727 968 2771 Guassalla
995 2728 1134 2772 evenit
1159 2740 1211 2769 eo
1225 2727 1317 2783 Spi-

283 2786 427 2829 rituali
461 2785 740 2829 emolumento
776 2786 841 2828 stu
871 2784 1095 2843 profesto,
1133 2795 1190 2829 ut·
1211 2784 1313 2827 illud

282 2843 581 2890 Monasterium
602 2857 722 2885 unum
753 2845 863 2887 inter
889 2845 1013 2901 magis
1038 2844 1313 2899 exemplaria,

280 2906 323 2947 δι
334 2901 567 2960 qualificata
583 2902 780 2945 Civitatis
795 2931 809 2953 ,
839 2904 878 2946 &
894 2901 1107 2947 Dioecesos
1129 2903 1311 2946 futurum

283 2960 364 3006 effe
381 2989 396 3013 ,
426 2960 575 3017 sperari
589 2958 703 3016 poffit
718 2989 730 3001 .
761 2961 873 3004 Illud
892 2972 1052 3013 autem,
1082 2960 1189 3018 quod
1205 2962 1309 3003 Ora-

282 3031 351 3064 tor
364 3031 456 3064 ante
472 3019 604 3061 omnia
631 3015 713 3060 alia
726 3020 951 3063 sanctitatis
967 3019 1117 3063 Vestrae
1132 3018 1229 3061 scitu
1243 3018 1307 3061 di·

280 3094 406 3137 gnum
431 3078 614 3135 judicat,
644 3076 731 3127 est,
760 3077 870 3134 quod
882 3077 936 3122 de
949 3092 1120 3122 numero
1132 3088 1202 3132 45.
1222 3079 1306 3120 Re·

279 3137 538 3196 ligiosarum,
571 3137 609 3178 in
637 3135 799 3190 praefata
824 3136 920 3179 dieti
951 3140 992 3180 S.
1005 3134 1306 3179 AmbrofiiDo·

282 3212 351 3240 mo
363 3200 471 3253 prius
489 3195 528 3237 in
545 3194 852 3238 Communitate
879 3195 1103 3238 viventium
1117 3224 1132 3245 ,
1163 3195 1306 3250 trigin-

282 3266 324 3300 ta
341 3266 424 3299 tres
445 3254 493 3300 ad
514 3266 684 3304 novam,
714 3254 823 3296 inter
833 3254 910 3298 alia
936 3256 1041 3298 bona
1065 3253 1210 3296 aidicto
1224 3256 1306 3295 Ec-

282 3313 505 3358 clefiastico
519 3313 699 3355 relictam
715 3313 969 3356 transiverint
988 3315 1164 3356 Domum
1182 3340 1196 3364 ‚
1218 3325 1305 3368 quae

278 3373 451 3416 aliarum
477 3374 680 3415 Domuum
706 3372 984 3425 contiguarum
1007 3371 1304 3427 acquilitione)

271 3430 479 3476 ¹dilatatur
505 3459 521 3483 ,
550 3442 759 3488 quatenus
777 3429 828 3471 ad
856 3429 997 3472 statum
1017 3429 1234 3479 clausurn,
1263 3430 1303 3470 8:

279 3488 452 3533 formale
478 3490 763 3533 monasterium
790 3487 859 3530 sub
887 3488 1146 3531 invocatione
1159 3492 1203 3534 S.
1221 3490 1304 3530 Ca·

280 3547 361 3592 toli
387 3547 529 3591 reduci
551 3548 692 3604 poffit,
721 3549 805 3591 aliae
831 3557 966 3590 autern
989 3559 1050 3591 η.
1074 3559 1167 3588 cum
1190 3546 1305 3589 dietae

276 3606 628 3709 355l²522³50¹52¹
643 3605 1115 3722 22153220‘35222‘3'52
1129 3603 1303 3705 '13²3th

523 3694 538 3717 ἱ
1286 3692 1304 3715 2

280 3735 455 3779 cumque
480 3726 631 3766 Orator
653 3753 667 3776 ,
708 3724 800 3767 illas
832 3722 1105 3779 supportandae
1139 3720 1301 3765 austerae

277 3787 318 3827 S.
345 3783 480 3827 Clarae
506 3784 652 3836 regulae
685 3784 858 3839 impares
885 3780 964 3825 else
982 3810 997 3834 ,
1020 3779 1202 3824 effectivi:
1228 3794 1299 3822 co-

407 3844 510 3884 Tam.
534 3843 586 3883 11.

1586 899 2409 932 -Μ

1386 1009 1550 1073 gnoscat
1565 1038 1581 1063 ,
1608 1010 1658 1053 iis
1678 1010 1806 1056 inilia
1829 1013 1985 1068 degere
2003 1020 2184 1073 permitit
2207 1035 2256 1063 cu
2270 1035 2308 1064 m
2322 1035 2424 1068 con-

1386 1072 1613 1116 ditionibus
1633 1070 1735 1113 infra
1751 1070 1827 1114 scri
1831 1073 1910 1127 ptis
1923 1102 1934 1114 .

1438 1133 1474 1174 1.
1508 1132 1566 1175 Ut
1585 1129 1702 1172 dietis
1717 1131 1963 1175 Monialibus
1976 1162 1992 1187 ‚
2005 1136 2173 1180 Scholas
2189 1137 2334 1194 puellis
2363 1139 2423 1191 fas

1379 1204 1499 1290 cerff,
1514 1198 1635 1245 prout
1648 1188 1758 1246 ptius
1775 1203 1845 1233 eas
1858 1188 1996 1236 facere
2010 1193 2197 1240 solebant
2208 1224 2225 1248 ,
2247 1198 2294 1239 fit
2320 1212 2422 1242 con-

1388 1265 1436 1295 ce
1470 1262 1568 1290 um·

1445 1310 1501 1350 tr.
1536 1310 1593 1351 Ut
1608 1305 1802 1366 deinceps
1824 1309 1984 1354 nullam
2009 1312 2207 1359 aliamad
2220 1315 2422 1360 Habitum

1387 1365 1623 1417 admittant,
1634 1367 1675 1407 &
1689 1370 1882 1426 casu,quo
1896 1385 1973 1413 una
1990 1372 2153 1417 illarum
2171 1386 2421 1427 moreretur,

1387 1435 1456 1468 aut
1473 1425 1569 1471 alias
1581 1426 1636 1467 de
1654 1428 1794 1471 Domo
1811 1431 2064 1481 recederet,
2096 1434 2286 1477 inlocum
2303 1433 2421 1478 illiue

1387 1483 1466 1527 alia
1480 1497 1557 1527 non
1573 1483 1840 1541 subrogetur,
1870 1488 2106 1542 &econtra,
2121 1491 2145 1533 fi
2168 1507 2258 1549 quae
2271 1491 2421 1536 Puella·

1386 1542 1439 1587 ad
1454 1543 1652 1586 Habitum
1671 1544 1832 1588 admitti
1846 1546 2013 1589 instaret
2029 1578 2043 1600 ,
2076 1548 2116 1591 id
2135 1550 2174 1592 in
2191 1565 2299 1594 novo
2315 1556 2417 1595 San-

1385 1603 1438 1644 ἂὶ
1453 1602 1597 1646 Caroli
1614 1602 1865 1648 Monasterio
1875 1619 1964 1648 cum
1977 1605 2129 1650 debitia
2145 1608 2414 1653 licentiisfiat.

1442 1663 1523 1704 111.
1557 1663 1611 1704 Et
1627 1661 1716 1705 casu
1734 1677 1898 1720 quoque
1912 1694 1929 1716 ‚
1955 1666 2064 1721 quod
2081 1667 2195 1711 dicite
2207 1668 2413 1713 Moniales

1384 1720 1451 1763 vel
1477 1733 1551 1776 per
1575 1731 1783 1770 mortem,
1810 1723 1875 1765 vel
1901 1729 1975 1780 per
2002 1725 2201 1770 recessum
2219 1728 2420 1772 diminue-

1379 1789 1532 1822 rentur
1557 1808 1584 1830 ,t
1604 1780 1732 1824 etiam
1752 1782 1886 1836 portio
1909 1796 1986 1838 pro
2003 1787 2113 1828 victu
2139 1785 2415 1835 diminuatur,

1381 1839 1421 1880 δι
1440 1839 1532 1881 casu
1545 1866 1561 1889 ,
1589 1852 1671 1894 quo
1683 1852 1822 1883 omnes
1841 1851 2008 1885 mortuae
2024 1854 2143 1887 erunt
2157 1874 2174 1898 ,
2201 1845 2306 1888 bona
2326 1845 2418 1888 illa-

1380 1911 1470 1940 rum
1486 1910 1596 1939 nova
1614 1899 1763 1940 Domui
1789 1897 1856 1942 seu
1872 1901 2118 1946 Monasterio
2131 1906 2180 1946 S·
2190 1905 2336 1948 Caroli
2352 1905 2414 1947 in-

1383 1965 1597 2011 corporata
1626 1958 1874 2012 manebunt3
1901 1973 1993 2002 cum
2023 1962 2302 2017 prohibitione
2320 1990 2336 2013 ,
2368 1973 2415 2006 ut

1383 2014 1584 2058 Moniales
1592 2012 1647 2057 cle
1663 2014 1872 2072 iisabfique
1887 2019 2129 2074 Apostolico
2150 2022 2413 2076 beneplacito

1380 2073 1495 2130 juxta
1522 2077 1668 2117 Sacros
1683 2075 1876 2118 Canones
1890 2105 1905 2128 ‚
1927 2079 1966 2118 &
1984 2080 2242 2122 Summorum
2267 2081 2414 2126 Ponti-

1378 2133 1504 2176 ficum
1526 2131 1850 2176 Constitutiones
1869 2134 1969 2177 nibil
1986 2136 2199 2181 alienenta⁸
2348 2176 2354 2180 .

1438 2195 1630 2247 Cumque
1656 2190 1771 2234 dictis
1782 2193 1984 2250 Capitulis
1998 2193 2212 2240 consensus
2225 2195 2413 2254 :ipsarum

1377 2251 1618 2295 Monialium
1641 2246 1852 2294 accesserit
1875 2280 1890 2304 ,
1918 2263 2041 2310 prout
2067 2269 2117 2298 ex
2133 2255 2326 2314 adjuncto
2339 2271 2411 2312 pa·

1376 2319 1446 2353 tet·
1478 2309 1744 2352 instrumento
1770 2337 1785 2360 ,
1821 2313 1976 2355 Orator
2005 2316 2237 2358 Sanctitatis
2255 2315 2413 2359 Vestro

1374 2382 1450 2425 pro
1462 2370 1637 2424 benigna
1651 2366 1848 2424 supplicat
1864 2371 2163 2427 approbatione
2178 2402 2192 2426 ,
2223 2388 2300 2430 qua
2320 2387 2410 2418 me·-

1374 2428 1514 2472 diante
1539 2441 1638 2484 opus
1665 2429 1744 2471 hoc
1768 2426 2070 2488 pium-:semper
2096 2430 2304 2478 firmatum
2321 2446 2411 2477 ma·

1374 2496 1469 2531 neat
1485 2516 1498 2529 .
1527 2489 1663 2545 Qum
1675 2487 1755 2529 &c-

1430 2547 1511 2589 Die
1537 2547 1590 2588 Χ.
1622 2544 1770 2589 Menfis
1790 2546 1947 2603 Aprilis
1979 2547 2404 2600 idm-‚Santstiffimus

1374 2604 1573 2648 Dominus
1589 2601 1739 2647 Noster
1753 2632 1767 2654 ,
1781 2605 1919 2647 audita
1935 2606 2137 2648 relatione
2154 2636 2168 2658 ‚
2186 2621 2406 2660 praenarra-

1375 2674 1462 2707 tam
1475 2666 1627 2705 Domus
1642 2661 1864 2716 Regularis
1891 2666 1932 2705 S.
1948 2663 2152 2706 Ambrofii
2166 2663 2405 2722 suppa-efflo-

1374 2734 1470 2764 nem
1485 2748 1500 2770 ,
1530 2720 1625 2761 novi
1642 2718 1875 2761 monasterii
1896 2722 2144 2764 erectionem
2160 2750 2175 2772 ,
2201 2722 2402 2767 bonorum

1374 2778 1595 2828 unionem,
1622 2777 1665 2818 Ge
1691 2777 1929 2821 Monialium
1961 2780 2272 2824 translationem
2296 2807 2312 2830 a
2337 2796 2407 2824 ea-

1372 2849 1545 2892 rumque
1573 2835 1808 2878 strietiorem
1827 2835 1997 2880 vivendi
2009 2836 2317 2882 observantiam·
2334 2838 2406 2883 sub

1371 2894 1576 2952 primitiva
1601 2893 1740 2948 regula
1764 2897 1804 2936 S.
1833 2894 1968 2939 Clarae
1995 2897 2090 2941 beni
2121 2897 2172 2939 ne
2200 2899 2402 2954 approba·

1371 2954 1460 3005 vit,
1484 2954 1525 2994 δι
1549 2951 1805 2994 confirmavit
1828 2983 1844 3004 ,
1873 2952 2039 3010 suosque
2093 2954 2212 2998 ortiri
2237 2954 2401 3000 effectus

1367 3011 1613 3055 mandavitv:
1657 3008 1911 3066 indulgendo
1931 3021 2065 3057 tamen
2099 3011 2275 3069 praefatta
2302 3017 2400 3058 Mo-

1363 3070 1538 3115 nialibus
1553 3098 1567 3121 ‚
1596 3082 1682 3126 quae
1704 3067 1852 3113 dietam
1876 3084 2031 3114 novam
2054 3072 2236 3128 regulam
2257 3073 2312 3115 ob
2337 3076 2398 3117 vi.

1362 3129 1468 3173 rium
1481 3156 1497 3180 ,
1526 3130 1590 3171 seu
1604 3127 1738 3183 potius
1758 3129 2223 3175 animiimbecillitatem
2238 3132 2396 3184 ample-

1365 3187 1444 3239 cti,
1467 3187 1509 3229 8ι
1532 3184 1720 3243 profiteri
1747 3184 1857 3244 poffe
1877 3185 2094 3242 diffidunt,
2121 3189 2224 3233 utin
2252 3202 2394 3237 earum

1362 3245 1533 3303 antiquo
1573 3243 1817 3291 Monasserio
1842 3276 1857 3299 ‚
1896 3246 1969 3294 scu
1991 3249 2127 3291 Domo
2156 3246 2355 3304 Regulari
2375 3278 2396 3303 ,

1362 3303 1496 3362 quoad
1514 3303 1715 3356 vixerint,
1741 3316 2069 3358 commorentur,
2096 3307 2262 3351 servatis
2288 3321 2391 3362 cou-⁴

1362 3362 1585 3408 ditionibus
1612 3363 1653 3404 in
1674 3363 1854 3420 Supplici
1872 3364 2035 3414 Libello
2063 3363 2303 3422 descriptis.

1420 3424 1515 3466 Non
1529 3420 1778 3466 obstantibus
1793 3452 1806 3466 .
1835 3424 1934 3467 &c..

1654 3538 1783 3595 Card-
1808 3541 1971 3610 Gaespar
1998 3540 2224 3611 Cae-pineus
2232 3579 2262 3597 ..

1420 3669 1481 3710 Ex
1506 3667 1601 3710 affin
1614 3669 1871 3713 cancellarie
1892 3669 2062 3728 Epifiop.
2086 3672 2220 3722 Comi,
2236 3673 2284 3716 de
2308 3686 2384 3729 que

1473 3728 1670 3782 exemplar
1694 3728 1816 3771 Autb.
1853 3733 1896 3770 in
1927 3730 2050 3773 Arcb.
2078 3733 2265 3775 Generali
2289 3731 2386 3773 Ord-

1473 3785 1661 3828 Armorio
1678 3788 1893 3831 Provincia
1915 3788 2229 3834 Mediolanenfis
2246 3819 2257 3830 .

1744 3845 1878 3892 sz
2224 3849 2333 3890 DE-
