2762 4088
825 198 1347 288 ELEN

288 322 427 372 chum
461 318 733 386 8.ωηίοἰ
769 317 991 370 Civitatis
1041 319 1262 370 Firmanae
1294 327 1339 374 in

287 384 894 443 affoeiatione‘Cadaverum
934 404 1024 437 non
1043 388 1162 456 posse
1182 394 1337 444 Eccle-

290 461 404 515 fiam
418 466 754 513 &numerum
771 461 927 509 Cruee
947 458 1208 517 elevata&
1224 460 1335 514 stola

290 529 744 605 ingrediusancitur,
772 528 827 580 ἀ
870 529 1166 579 concordiam
1199 533 1335 583 Paro.

277 605 433 655 ·dmm
447 602 601 652 inter·-
614 599 665 652 δε
675 602 794 651 'alios
820 599 1073 670 Regulares
1090 599 1261 651 ibidem
1275 601 1335 653 fa-

281 673 446 732 ·Ram,
484 673 762 742 Capacinos«
789 686 881 721 non
923 669 1104 721 afficere
1139 671 1334 724 declara.

272 756 392 794 v'tur.
1241 743 1331 795 ibi.

274 830 286 842 ⁴
359 819 564 865 Decreto
583 818 732 867 Saerae
749 814 1141 884 congregationis
1160 816 1330 864 Conci·

276 885 339 935 iii
356 920 374 944 ,
405 886 694 936 Ereeiionem
711 887 964 953 Sepultura:
984 886 1030 934 in
1054 885 1233 935 Sacello
1251 889 1333 935 Ec-

275 953 429 1007 ·elefiae
472 960 656 1006 Domus
699 954 949 1006 Mondavii
979 982 997 1013 ς
1042 952 1118 1005 seu
1149 956 1331 1006 Montis

285 1029 446 1078 avium
462 1041 548 1095 pro
561 1027 643 1079 Pio
657 1027 869 1097 Georgio
887 1061 902 1084 ,
933 1039 1120 1093 totaque
1139 1031 1232 1089 ejus
1256 1031 1334 1078 Fa-

282 1099 413 1148 milia
434 1096 683 1156 ·sustineri,
724 1096 774 1148 ἃ
799 1099 1044 1164 'Qartam
1078 1092 1331 1148 suneralem

276 1166 499 1233 ‘Paroeh'o
520 1168 582 1219 ibi
598 1185 690 1219 non
706 1166 862 1218 deberi
879 1166 1139 1218 declaratur
1154 1203 1166 1217 .
1213 1186 1238 1217 2
1252 1189 1270 1219 ι
1282 1189 1329 1231 7.

274 1252 276 1257 ’
355 1240 561 1290 Decreta
574 1243 721 1292 Sa'crae
741 1241 1129 1310 Congregationis
1148 1239 1330 1308 Episco-

275 1318 452 1379 porum
470 1346 487 1370 ,
516 1308 891 1381 &Regulariutn
907 1344 924 1369 ,
961 1307 1143 1361 Petium
1165 1324 1296 1362 terrae
1313 1344 1329 1371 ,

276 1382 456 1451 ‘partim
484 1380 544 1431 ad
571 1382 888 1450 Capelianiam
932 1381 1108 1432 Sancta:
1137 1384 1298 1434 Mariae
1315 1420 1331 1442 ,

285 1453 454 1520 partim
484 1451 541 1503 ad
565 1449 808 1521 Hospitale
861 1455 1005 1503 Petrae
1031 1452 1196 1503 -rubeae
1237 1452 1332 1522 spe-

279 1522 448 1584 ‘darm
478 1520 695 1574 clausurae
725 1520 906 1575 Domiis
933 1523 1151 1576 Fratrum
1168 1524 1339 1578 ibidem

281 1595 431 1654 uniri,
461 1592 512 1647 ὅ(
528 1594 772 1665 aggregari
798 1595 1092 1664 indulgetur.
1182 1631 1185 1633 ,
1210 1602 1326 1649 218.

280 1684 283 1688 ·
357 1669 558 1716 Decreto
579 1669 727 1717 Sacrae
752 1668 1143 1735 congregationis
1159 1670 1325 1719 Conci-

273 1734 371 1796 ·1ii‚
399 1736 459 1787 ob
493 1734 869 1786 consuetudinem
889 1739 933 1786 in
951 1739 1161 1789 civitate
1179 1737 1326 1792 Pisau-

274 1823 381 1857 τεο.
400 1808 662 1877 vigentem,
686 1806 983 1857 medietatem
997 1827 1109 1859 cerae
1124 1844 1140 1868 ,
1169 1815 1326 1862 tamin

278 1874 598 1929 'Affociatione
641 1876 936 1929 Cadaverum
969 1913 984 1936 ,
1024 1898 1161 1948 quam
1203 1883 1324 1933 circa

286 1948 508 2000 Cadaver
533 1950 580 1998 in
613 1947 812 1998 Ecclelia
846 1951 1061 2001 Fratrum
1095 1953 1324 2013 accensae,

283 2020 495 2074 Parocho
510 2017 776 2072 solvendam
794 2017 878 2070 effe
893 2019 1088 2075 sancitur
1107 2059 1121 2074 .
1153 2020 1241 2073 cuin
1254 2028 1327 2073 noL

271 2090 354 2141 Ὦ.
455 2108 457 2110 ’
1232 2095 1325 2149 ibi.

270 2249 286 2258 ·’
325 2232 721 2287 PROVINCIA
761 2234 1260 2291 BONONIENSIS.

275 2389 281 2394 ·
336 2376 609 2442 (Qiotannis
635 2377 679 2425 in
713 2374 913 2427 Ecclesia
935 2377 1208 2429 Conventus
1226 2382 1317 2430 Ve-

273 2444 424 2495 ruchii
442 2461 525 2512 pro
539 2443 650 2495 festo
662 2449 710 2497 S.
727 2449 923 2518 Georgii
945 2484 961 2506 ,
986 2451 1120 2512 juxta
1152 2449 1315 2500 instan-

273 2515 362 2566 tias
404 2517 770 2568 communitatis
805 2516 1006 2577 ibidem,
1049 2537 1130 2586 per
1163 2521 1314 2572 missos

269 2587 496 2638 Oratores
515 2585 736 2655 expositas
751 2622 768 2646 ,
799 2588 1144 2655 Indulgentiam
1165 2594 1314 2661 plena-

268 2657 387 2707 riam
401 2656 788 2709 christifidelibus
814 2660 859 2709 in
876 2674 1149 2728 perpetuum
1177 2664 1312 2732 largi-

268 2734 346 2778 tur
365 2758 380 2778 .
434 2729 661 2799 Gregorius
676 2732 831 2780 XIII.
1194 2751 1309 2784 222.

339 2800 502 2849 Altare
520 2801 864 2870 privilegiatum
878 2801 922 2848 in
941 2798 1097 2851 eadem
1111 2802 1309 2853 Ecclefia

271 2869 508 2919 Fratribus
534 2871 597 2920 ibi
610 2869 896 2920 morantibus
908 2873 1078 2938 pariter
1095 2874 1139 2921 in
1156 2889 1309 2941 perpe·

269 2940 663 2990 tuum-coneedit.
703 2939 819 2990 Idem
840 2976 852 2988 .
939 2969 941 2973 .
1216 2942 1306 2992 ibi.

269 3017 282 3027 ⁴
343 3008 676 3061 venditionem
717 3012 843 3060 horti
886 3008 946 3059 ad
989 3013 1196 3061 Domum
1221 3015 1308 3063 Dei

268 3083 580 3150 nuncupatam
596 3075 833 3149 spefiantis
847 3113 864 3138 ,
892 3078 942 3131 ἃ
958 3077 1159 3143 ejusdem
1171 3081 1308 3132 dona-

267 3153 449 3202 tionem
474 3150 746 3203 conventui
777 3148 1083 3201 Forolivienfi
1100 3154 1307 3210 ,rr-ariba-

267 3221 376 3272 bet.
415 3221 768 3272 Clemensv-lu.
815 3259 825 3264 „
1048 3249 1051 3256 ν
1119 3245 1138 3261 »’
1196 3240 1307 3286 123.

270 3301 274 3308 “
337 3293 490 3344 Situm
507 3310 595 3359 pro
610 3288 781 3341 fabrica
794 3295 1001 3347 Domus,
1028 3288 1309 3343 &Ecclesiae

265 3379 408 3433 prope
441 3365 697 3416 Civitatem
728 3357 1066 3412 Ariminensem
1094 3363 1139 3412 in
1172 3365 1306 3414 terris

265 3435 619 3504 Emphiteuticis
653 3429 920 3484 Monasterii
965 3434 1012 3482 S.
1050 3434 1303 3484 Gaudentii

265 3505 456 3568 ibidem,
476 3505 711 3558 Fratribus
723 3502 912 3554 concedi
929 3539 945 3561 ,
959 3501 1183 3574 Episcopo
1197 3541 1213 3563 ,
1230 3503 1305 3556 seu

266 3578 772 3641 ejusvicarioGenerali
786 3572 1182 3625 committitJdem.
1194 3595 1212 3625 1
1224 3592 1303 3639 ²4·

339 3651 641 3724 Privilegium
670 3648 847 3699 Altaris
881 3647 926 3694 in
953 3643 1152 3695 Ecclesia
1181 3650 1304 3697 Con·

268 3718 435 3771 ventas
466 3721 686 3773 Veruchii
708 3717 939 3769 Fratribus
974 3715 1081 3766 inibi
1102 3716 1302 3787 degenti·

270 3786 561 3862 buslirnitate
578 3787 835 3842 conceffum
850 3825 867 3848 ,
900 3787 957 3838 ad
988 3790 1165 3837 Fratres
1189 3806 1300 3854 quo-

1387 204 1455 291 C
1492 204 1609 293 -H
1632 273 1633 276 w
1656 209 1730 296 ‘U
1752 272 1759 281 -
1784 210 1887 297 S.
2181 214 2363 300 sxlv.

1388 341 1487 388 ·que
1500 324 1696 375 advenas
1712 358 1729 385 ,
1752 324 1810 376 ’ὅτ
1826 325 1888 376 ibi
1901 327 2181 379 transeuntes
2196 332 2404 382 extendit
2419 368 2430 380 .

1397 393 1545 444 Idem.
2345 402 2430 450 ibi.

1466 470 1680 516 Domum
1705 463 1963 515 saecularem
1986 499 2002 523 ,
2062 471 2234 519 Domui
2276 470 2436 521 nostrae

1388 538 1612 585 Ferraria
1623 536 1960 592 dominantem,
1986 536 2150 592 vendi,
2175 557 2226 586 ac
2241 545 2428 590 Canone

1393 607 1435 654 ei
1470 621 1675 663 annexo,
1702 608 1835 656 aliter
1866 603 2189 673 compensato,
2231 608 2428 669 destrui,

1384 672 1621 742 'Episcopo
1634 710 1650 733 ,
1665 674 1742 727 seu
1756 681 1850 739 ejus
1869 676 2059 726 Vieario
2078 678 2292 726 Generali
2309 696 2432 728 com·

1388 745 1538 794 mittit
1557 780 1570 792 .
1617 746 1788 797 ‘Paulus
1803 750 1867 797 V.
2322 766 2339 795 ι
2353 766 2375 795 a
2387 767 2411 810 5
2424 786 2435 798 .

1464 820 1688 866 Annuum
1701 820 1927 887 Legatum
1944 850 1960 873 ‚
1977 817 2002 865 a
2016 814 2428 883 quondamJoanne

1391 886 1545 934 Maria
1579 887 1813 936 Rizzardo
1851 888 2027 936 Domui
2070 889 2284 934 Fratrum
2325 891 2425 935 Fer·

1391 957 1525 1005 rariae
1559 957 1772 1007 relidium
1808 956 2120 1013 commutari,
2160 953 2208 1006 ὅ(
2237 957 2279 1003 in
2306 953 2436 1005 fabri·

1390 1043 1494 1076 cam
1523 1026 1659 1078 dictae
1689 1025 1871 1078 Domiis
1897 1026 2106 1077 converti
2144 1026 2399 1076 committit
2419 1062 2433 1076 .

1391 1094 1509 1147 Idem
1525 1132 1537 1147 .
2321 1115 2340 1145 1
2354 1106 2432 1145 26.

1462 1170 1592 1218 Alias
1612 1170 1787 1219 Literas
1803 1165 1903 1218 suas
1919 1169 2041 1219 circa
2068 1171 2276 1218 Domum
2300 1164 2436 1216 saecu-

1390 1239 1532 1289 larem
1549 1274 1565 1298 ,
1595 1241 1769 1290 Domui
1797 1237 1958 1289 nostrae
1990 1235 2263 1289 Ferrarienfi
2282 1236 2436 1287 domi·

1391 1324 1576 1361 nantem
1593 1311 1853 1361 executioni
1870 1310 1969 1360 dari
1988 1344 2004 1369 ,
2034 1308 2082 1362 8(
2107 1307 2429 1376 primodifiiam

1391 1383 1598 1431 Domum
1615 1412 1632 1439 ,
1657 1383 1982 1448 reclamatione
2005 1384 2138 1431 unius
2165 1382 2435 1430 Exteutoris

1400 1449 1751 1504 Testamentarii
1770 1465 1860 1502 non
1885 1451 2090 1502 obstante
2107 1450 2303 1508 destrui,
2331 1452 2437 1517 Epi-

1399 1519 1536 1590 scopo
1552 1522 1911 1575 <icc-committit
1924 1559 1937 1572 .
1960 1521 2089 1581 Idem,
2102 1538 2191 1570 cum
2209 1535 2328 1569 nota.
2345 1521 2431 1569 ibi.

1468 1598 1672 1646 Dect-eto
1703 1599 1851 1647 Sacrae
1896 1594 2288 1664 Congregationis
2327 1594 2433 1658 Epi-

1386 1661 1630 1732 scoporum
1645 1701 1660 1724 ,
1676 1665 1724 1718 ἀ
1746 1667 2069 1735 Regularium,
2086 1663 2255 1712 erefflo
2271 1665 2432 1711 Mona-

1386 1733 1505 1785 sterii
1541 1738 1821 1788 Monialium
1842 1734 2023 1787 Cesenae
2039 1734 2429 1786 ordinationem-

1378 1808 1615 1857 mittitur.
1663 1823 1906 1857 cumnota.⁴
2310 1807 2428 1853 228.

1457 1879 1594 1928 Pium
1609 1882 1833 1949 Legatum
1851 1878 2062 1945 aJoanne
2079 1877 2231 1926 Maria
2249 1875 2434 1924 Rizzar·

1386 1946 1449 1995 do
1464 1951 1746 2001 Monialibus
1779 1949 1995 2000 Ferrariae
2020 1949 2192 2015 pariter
2220 1946 2432 1994 rentium

1385 2018 1433 2066 in
1459 2016 1678 2072 fabricam
1710 2019 1989 2072 Eammdem
2023 2016 2288 2068 monasterii
2329 2033 2433 2064 con·

1386 2091 1507 2139 verti
1523 2125 1539 2149 ‚
1570 2091 1798 2160 Episcopo
1811 2127 1828 2151 ,
1859 2089 1938 2140 se'u
1956 2094 2051 2152 ejus
2067 2087 2259 2139 vicario
2279 2088 2431 2136 Gene-

1386 2162 1471 2210 rali
1499 2166 1751 2213 committit
1771 2199 1782 2213 .
1843 2159 2090 2217 Ide-mcum
2104 2170 2235 2207 noea.
2311 2171 2424 2216 ²²9·

1376 2260 1377 2263 ¹
1454 2235 1530 2282 Fr.
1549 2232 1845 2304 Sigismundo
1861 2234 1887 2282 a
1909 2232 2112 2281 Bononia
2139 2229 2311 2279 librum
2331 2225 2422 2275 de..

1382 2302 1603 2353 elefflone
1627 2340 1641 2362 ,
1687 2303 1735 2355 Gt
1760 2302 1979 2372 potestate
2008 2303 2335 2356 Praelatorum,
2360 2298 2420 2347 ab

1380 2372 1476 2441 ipso
1494 2389 1595 2424 ante
1614 2367 1869 2443 susceptum
1887 2373 2079 2426 Ordinis
2096 2371 2325 2424 Habitum
2339 2394 2357 2426 9
2370 2366 2420 2420 ὃ(

1375 2442 1456 2496 sub
1486 2447 1671 2496 nomine
1686 2447 1853 2515 jacobi
1884 2444 2089 2495 Federici
2121 2437 2382 2510 impressum
2402 2474 2418 2496 ,

1366 2520 1462 2579 jam
1504 2514 1585 2566 sub
1617 2519 1806 2566 nomine
1838 2512 2121 2586 sigismundi
2163 2510 2416 2577 reimprimi

1373 2586 1613 2644 concedit,
1647 2586 1696 2638 Gt
1716 2587 1772 2637 ab
1786 2588 1884 2636 aliis
1899 2590 1945 2635 in
1982 2583 2112 2642 Urbe
2130 2617 2146 2640 ,
2174 2584 2248 2632 vel
2281 2584 2415 2630 Statu

1372 2655 1684 2706 Ecclesiastico
1734 2658 1986 2724 reimpritni
2034 2667 2161 2703 vetat
2188 2687 2201 2700 .
2269 2647 2414 2699 vrba-

1368 2745 1444 2776 nus
1462 2729 1611 2776 VIII.
1630 2745 1718 2774 cum
1736 2741 1834 2774 nota
1849 2759 1862 2774 .
2294 2734 2408 2779 230.

1440 2793 1680 2847 Decifione
1694 2798 1853 2845 Rotali
1881 2812 1960 2864 per
1974 2790 2297 2846 Profeffionem
2330 2791 2406 2837 Pr.

1373 2866 1622 2917 Alexandri
1638 2866 1694 2916 de
1717 2865 1959 2916 Desideriis
1983 2857 2400 2915 Fideicommissum

1368 2935 1628 3003 purificari,
1656 2934 1728 2985 seu
1757 2938 1813 2985 ad
1830 2938 1941 2985 alios
1969 2947 2154 2984 vocatos
2186 2927 2368 2979 tranfire
2388 2962 2403 2983 ,

1365 3006 1485 3057 haud
1500 3007 1630 3056 aliter
1657 3042 1673 3064 ,
1701 3024 1753 3054 ac
1767 3003 1802 3055 sl
1817 3007 2083 3056 naturaliter
2098 2997 2271 3050 obiisset
2286 3034 2300 3056 ,
2328 2996 2404 3045 de·

1365 3081 1565 3128 clararur
1580 3111 1593 3124 .
2288 3084 2345 3126 23
2360 3085 2401 3114 ¹·

1438 3151 1662 3217 Legatum
1692 3146 1824 3213 pium·
1842 3181 1860 3204 ,
1894 3144 1952 3193 ab
1977 3136 2219 3211 Alphonso
2245 3135 2401 3187 Pistria

1364 3219 1577 3269 melitium
1588 3251 1604 3276 ,
1637 3216 1979 3284 itt-emptionem
1993 3213 2217 3264 librorum
2232 3221 2315 3272 pro
2332 3207 2403 3255 Bi-

1364 3290 1591 3341 biiotbeca
1612 3284 1881 3336 Ferrarienfi
1900 3322 1914 3343 ,
1945 3303 1996 3334 ac
2027 3284 2133 3331 alias
2153 3281 2195 3326 in
2219 3274 2400 3325 fabricae

1365 3362 1694 3430 reparationem
1708 3359 1911 3406 converti
1929 3346 2273 3471 indulget-Idem.
2283 3364 2305 3394 a
2316 3363 2339 3408 3
2350 3364 2397 3394 a.

1435 3430 1614 3482 Ordine
1638 3426 1929 3478 Santfiiffimo
1945 3441 2022 3491 per
2083 3419 2290 3489 pistolam
2320 3421 2401 3467 Sal

1363 3520 1451 3551 crae
1466 3497 1854 3570 Congregationis
1872 3493 2198 3563 Episcoporum
2212 3524 2228 3546 ,
2244 3487 2290 3539 <St
2307 3491 2395 3536 Re-

1363 3574 1593 3642 gularium
1611 3565 1904 3637 Suffraganeo
1918 3561 2135 3615 Bononiae-
2152 3557 2361 3611 intimato
2378 3594 2393 3615 ,

1363 3646 1571 3694 Domum
1589 3643 1635 3691 in
1655 3641 1756 3689 loco
1786 3637 1935 3689 Castri
1962 3632 2114 3686 Sanffi
2139 3630 2262 3682 Petri
2278 3631 2391 3698 erigi

1362 3714 1649 3782 indulgetur,
1666 3708 1920 3759 dummodo
1934 3707 2092 3756 decem
2106 3701 2265 3754 saltem
2282 3705 2389 3749 Fra*

1361 3798 1449 3835 tres
1464 3783 1526 3834 ibi
1544 3780 1772 3833 subsistant
1788 3816 1799 3829 .
2258 3786 2388 3883 p²e³3'
