2774 4068
391 233 559 314 140

1081 197 1663 287 Provincia,

317 318 463 361 Matris
493 316 684 363 Ecclefiae
699 316 945 362 exaltatione
965 345 980 369 2
998 316 1190 361 haeresum
1216 318 1356 361 exstir-
1415 320 1456 361 δι
1478 316 1744 361 Cancellariae
1757 316 2001 375 Apostolicae
2028 310 2201 376 Regalis
2227 319 2282 363 de
2301 321 2452 378 'gratiis

321 379 519 432 patione,
549 379 590 420 &
615 379 726 422 inter
753 377 1003 420 Christianos
1031 377 1242 431 Principes
1271 377 1354 420 ser·

320 437 453 479 vanda
478 451 580 493 pace
609 466 624 491 ‚
654 439 695 481 ὃς
726 436 903 480 Romani
932 435 1141 480 Pontificis
1171 434 1354 482 salutm,

319 495 407 551 pias
460 496 513 539 ad
555 499 691 541 Deum
729 510 868 554 preces
907 495 1125 540 effuderint
1159 523 1174 546 a
1217 497 1356 553 plena·

326 555 432 597 riam
483 556 667 600 omnium
704 555 868 601 suorum
912 566 1179 613 peccatorum
1217 555 1358 602 indul-

324 616 506 669 gentiam
527 644 542 668 ,
574 618 612 659 &
643 616 913 660 remissionem
940 615 1257 660 misericorditer
1280 617 1354 659 iri-1

315 674 502 718 Domino
541 675 726 720 (imiliter
757 675 962 732 perpetuo
990 675 1254 720 concedimus
1274 705 1288 727 ,
1318 676 1359 717 &

319 734 578 790 elargimur,
610 735 861 792 &quidquid
890 733 1132 792 :iquoquam
1158 735 1352 793 superbis

1414 380 1455 420 &
1470 377 1733 434 indulgentiis
1746 377 1797 420 ad
1818 377 1935 421 instar
1955 394 2038 422 non
2067 379 2376 433 concedendis,
2406 397 2453 425 ac

1417 437 1650 482 Monasterii
1666 467 1682 491 ,
1693 439 1732 481 Sc
1745 437 1909 480 Ordinis
1926 438 2177 496 hujusmodi,
2194 440 2318 482 etiam
2331 443 2450 497 Jura·

1417 507 1560 541 mento
1577 496 1644 539 vel
1661 498 1800 554 quavis
1815 496 2013 542 firmitate
2037 499 2113 542 alia
2137 500 2343 542 roboratis
2372 500 2452 543 sta-

1417 556 1519 600 tutis
1533 583 1549 608 ,
1562 557 1603 598 &
1614 556 1973 601 consuetudinibus
1988 586 2003 609 ‚
2019 559 2268 615 coeterisque
2285 569 2450 602 contra*

1417 617 1487 660 riis
1514 616 1818 673 quibuscunque
1837 640 1851 655 ·
1883 618 2034 659 Datum
2061 619 2200 660 Roma:
2226 617 2334 674 apud
2351 621 2454 661 San·

1420 679 1528 718 Cium
1553 677 1720 718 Petrum
1750 681 1872 717 Anno
1900 676 2196 718 Incarnationis
2225 677 2451 721 Dominicae

1415 733 1636 779 Millefimo
1654 732 1949 777 sexcent-efimo
1979 735 2284 791 quadragesimo
2307 737 2452 781 secun·-

321 792 467 850 quavis
484 795 727 838 auctoritate
755 794 933 839 scienter
958 824 972 846 ‚
1020 793 1086 838 vel
1114 795 1353 851 ignoranter
1411 794 1494 844 do,
1526 792 1697 837 decimo
1712 795 1856 835 octavo
1870 794 2053 850 Januarii
2072 792 2337 840 Pontificatus
2358 800 2448 851 Noe

319 853 548 910 contigerit
561 854 758 896 attentari
783 885 799 906 ,
831 853 992 895 irritum
1019 853 1190 896 &inane
1206 854 1352 896 decer-

318 913 451 959 nimus
468 942 483 968 ,
512 926 597 958 non
611 914 856 958 obstantibus
870 912 1097 970 praemissis‚
1130 928 1175 956 ac
1203 912 1353 966 nostra,

1101 1030 1329 1098 ΝΟ

1414 853 1482 898 stri
1501 854 1623 895 Anno
1639 851 1827 907 vigesimo
1841 882 1853 893 .

1475 913 1597 956 Bulla
1611 910 1801 973 formata
1825 910 1869 954 in
1885 910 2007 954 Arcb.
2027 912 2268 956 Monialium
2284 940 2297 953 .

1423 1031 1677 1096 TA.

320 1174 496 1264 Licuit
512 1175 555 1213 de
568 1175 735 1225 praemiffo
750 1173 967 1213 Monasterio
990 1174 1091 1221 plura
1106 1170 1254 1218 reperire
1267 1172 1473 1219 Apostolica
1489 1174 1640 1210 Decreta
1652 1197 1665 1216 ,
1692 1182 1769 1221 que
1781 1180 1897 1211 tamen
1911 1199 1926 1220 ,
1949 1186 2028 1212 cum
2059 1173 2278 1222 potiffimum
2302 1173 2362 1212 vei
2377 1175 2453 1211 Do·

426 1237 547 1261 muum
566 1225 756 1262 locationes
770 1248 783 1268 ,
809 1228 866 1261 vel
879 1226 1055 1261 bonorum
1068 1221 1357 1265 alienationes‚ab
1371 1221 1467 1259 annis
1489 1224 1593 1271 1674.
1609 1222 1709 1269 1676.
1728 1221 1826 1271 1679·
1837 1222 1872 1260 &
1891 1223 1994 1273 1684.
2006 1222 2114 1261 saetas
2127 1232 2336 1260 concernant
2350 1245 2364 1268 ,
2377 1223 2453 1260 stu·

317 1276 378 1311 dio
391 1274 604 1310 omittuntur
620 1300 631 1310 .
661 1274 838 1311 Poffident
850 1283 966 1309 autem
982 1270 1158 1307 Moniales
1173 1295 1182 1310 ,
1196 1270 1230 1306 in
1248 1282 1291 1307 eo
1304 1270 1496 1308 existentes
1509 1297 1518 1312 ,
1531 1273 1619 1307 bona
1634 1271 1674 1306 in
1688 1271 1862 1309 communi
1877 1296 1888 1313 ,
1913 1286 1992 1310 cum
2004 1272 2069 1310 sint
2080 1296 2094 1317 ‚
2118 1272 2154 1308 &
2176 1283 2347 1310 vocentur
2363 1273 2451 1309 Mo-

322 1323 433 1361 niales
458 1322 649 1369 Capucinae
661 1322 857 1363 Urbanistae
872 1346 881 1363 ‚
895 1322 930 1358 id
946 1321 992 1357 est
1012 1320 1166 1364 regulam
1179 1319 1219 1356 S.
1233 1319 1349 1356 Clarae
1361 1332 1440 1357 cum
1463 1320 1709 1357 moderatione
1722 1347 1734 1364 ,
1748 1320 1792 1357 ab
1805 1321 1949 1358 Urbano
1965 1323 2056 1369 Papa
2070 1321 2136 1358 IV.
2161 1321 2303 1368 desuper
2326 1320 2445 1358 fasta..

324 1372 536 1421 profitentes
553 1395 562 1406 .
591 1371 797 1418 Capucinas
821 1372 910 1407 enim
924 1367 1036 1407 striae
1054 1369 1138 1405 tales
1153 1393 1165 1412 ‚
1191 1367 1227 1404 &
1242 1381 1285 1405 ex
1301 1368 1394 1416 puris
1405 1368 1606 1419 elemosynis
1621 1369 1665 1406 ad
1679 1380 1810 1406 morem
1823 1370 2082 1419 Capucinorum
2104 1372 2264 1407 viventes
2280 1395 2292 1413 ‚
2318 1369 2448 1408 Sancta

322 1421 437 1460 Sedes
459 1431 531 1456 non
547 1419 696 1468 amplius
710 1430 769 1457 aut
783 1419 969 1458 difficulter
981 1417 1139 1454 admittet
1151 1441 1165 1462 ‚
1189 1428 1268 1453 cum
1281 1429 1326 1454 ex
1340 1429 1434 1463 vago
1451 1417 1592 1456 illarum
1603 1418 1734 1466 quaestu
1748 1442 1758 1459 ,
1783 1419 1844 1467 qui
1860 1419 1896 1456 in
1909 1420 1990 1459 casu
2003 1418 2156 1467 penuriae
2168 1419 2297 1456 evitari
2313 1419 2451 1466 nequit.

320 1471 424 1506 varia
453 1468 546 1507 nasci
562 1469 839 1507 inconvenientia
853 1493 867 1514 ‚
891 1467 1055 1505 necessum
1067 1466 1106 1502 iit
1120 1491 1130 1502 .
1160 1466 1256 1504 Hinc
1281 1467 1318 1505 S.
1332 1467 1579 1512 Congregatio
1593 1465 1754 1516 Episcop.
1775 1468 1810 1504 &
1824 1469 1950 1514 Regul.
1963 1468 2138 1506 Moniales
2149 1468 2348 1515 Capuciuas
2362 1469 2451 1504 Ber-

321 1517 422 1564 gomi
444 1518 630 1555 clausurnri
647 1543 657 1560 ,
682 1517 828 1565 epistola
855 1519 898 1556 ad
914 1517 1124 1564 Episcopum
1140 1516 1267 1552 ibidem
1288 1527 1376 1552 anno
1395 1518 1497 1565 1609.
1519 1516 1598 1553 daia
1612 1540 1625 1561 ,
1647 1517 1732 1552 &in
1746 1517 1847 1554 difitae
1873 1520 1985 1556 Sacrae
2009 1516 2306 1564 Congregationis
2320 1518 2447 1555 Secre-

313 1566 403 1603 taria
427 1565 488 1603 fol.
506 1577 566 1616 70.
586 1567 739 1615 praediffl
764 1567 1028 1614 anniregisttata
1041 1565 1215 1610 inhibuit,
1239 1564 1347 1613 usque
1361 1565 1445 1602 dum
1472 1566 1529 1603 vel
1547 1567 1696 1604 Persona
1710 1566 1812 1603 dives
1826 1592 1835 1608 ,
1862 1568 1919 1604 vel
1933 1568 2017 1605 alias
2043 1566 2121 1614 pius
2137 1566 2235 1603 locus
2250 1564 2282 1602 se
2308 1565 2353 1602 ad
2365 1565 2449 1603 illas

316 1617 355 1654 in
381 1625 588 1664 perpetuum
600 1618 740 1654 alendas
752 1615 930 1661 obligare-t
942 1642 953 1653 .

423 1663 497 1703 Ubi
522 1674 637 1703 autem
650 1666 804 1703 Persona
829 1667 888 1705 vel
908 1667 1005 1703 locus
1034 1663 1230 1712 hujusmodi
1244 1676 1314 1701 non
1337 1665 1506 1712 reperitur
1522 1689 1532 1705 ‚
1555 1664 1711 1710 regulam
1724 1663 1764 1703 S.
1778 1666 1892 1703 Clara
1902 1666 2010 1718 juxta
2042 1663 2311 1702 moderationem
2328 1663 2452 1711 praedi-

307 1715 413 1751 'Ram
425 1725 485 1751 eas
501 1715 660 1762 profiteri
689 1716 890 1763 plerumqne
909 1716 1099 1752 convenit.
1126 1714 1291 1751 Retinent
1305 1723 1418 1750 tamen
1440 1725 1487 1751 ex
1499 1726 1598 1762 aequo
1611 1713 1868 1761 Capucinarum
1899 1726 2024 1750 nomen
2039 1738 2047 1754 ‚
2072 1715 2130 1750 vel
2154 1714 2202 1749 ob
2218 1712 2446 1754 Habitum-s.

318 1774 423 1811 quem
451 1763 568 1800 nostro
583 1763 727 1801 similem
747 1772 910 1811 portant,
936 1764 993 1801 vel
1018 1765 1066 1801 ob
1080 1763 1384 1807 Constitutiones,
1411 1773 1499 1810 quas
1521 1774 1567 1800 ex
1593 1761 1721 1799 nostris
1742 1763 1920 1801 extrae’tas
1943 1762 2082 1801 servant
2098 1785 2108 1802 ‚
2135 1761 2372 1810 &aliquoties
2387 1773 2452 1798 no-

314 1812 386 1851 stro
408 1822 558 1859 quoque
580 1812 706 1850 sublint
731 1812 901 1861 spirituali
924 1813 1099 1859 gubernio
1115 1836 1125 1848 .

418 1861 590 1898 Reddunt
609 1861 855 1899 Monaflerium
872 1861 1075 1908 praediftum
1097 1862 1234 1898 celebre
1258 1874 1327 1898 non
1339 1862 1454 1899 soliim
1466 1862 1634 1907 evulgata
1655 1862 1728 1909 jam
1743 1861 1874 1910 uquue
1887 1884 1899 1903 2
1924 1862 1961 1899 &
1981 1861 2226 1898 miraculorum
2245 1862 2457 1909 gloriamu-

312 1910 393 1948 stris
417 1909 532 1946 virtus
546 1934 558 1954 ,
583 1922 652 1958 qua
684 1911 775 1948 Ven.
795 1911 864 1948 Dei
878 1912 991 1949 Serva
1006 1911 1181 1949 Veronica
1195 1911 1236 1949 de
1250 1912 1401 1961 Julianis
1417 1911 1452 1957 in
1464 1923 1507 1948 eo
1518 1935 1531 1956 ,
1546 1914 1663 1948 Sacrae
1675 1910 1888 1959 profemonis
1902 1911 2067 1956 ligamine
2079 1911 2112 1947 se
2132 1910 2212 1947 Deo
2235 1911 2450 1959 mancipavit

316 1958 462 1995 hostiam
487 1962 665 1995 viventem
679 1985 693 2005 ‚
716 1959 889 2005 sanctam,
914 1961 951 1998 &
979 1961 1171 2008 placentem
1183 1984 1197 2005 ,
1221 1960 1343 1998 veriim
1359 1963 1464 1997 etiam
1478 1960 1648 2006 regularis
1659 1976 1672 2002 ς
1700 1971 1778 2009 quae
1801 1963 1836 1996 in
1849 1974 1893 1998 eo
1916 1959 2046 2009 semper
2062 1961 2185 1997 floruit
2197 1985 2211 2004 ,
2238 1959 2450 2008 Disciplina,

315 2007 367 2045 ita
383 2031 396 2052 ,
413 2017 455 2045 ut
481 2018 528 2043 ex
540 2007 616 2055 ipso
635 2011 806 2048 Moniales
818 2010 860 2046 ad
874 2011 943 2047 alia
957 2010 1173 2047 Monialium
1192 2009 1403 2046 Monasteria
1418 2008 1634 2047 reformanda
1663 2009 1788 2046 fuerint
1802 2010 1934 2047 selestae
1948 2034 1962 2057 ,
1988 2019 2089 2058 prout
2103 2009 2142 2045 in
2157 2008 2266 2058 specie
2290 2019 2388 2059 patet
2402 2019 2450 2048 ex

318 2056 466 2107 epistola
481 2057 594 2096 Sacrae
607 2059 906 2105 Congregationis
919 2059 1088 2109 praediffle
1101 2083 1116 2104 ‚
1142 2057 1319 2109 Episcopo
1332 2059 1400 2096 loci
1413 2058 1569 2107 inscripta
1581 2083 1594 2104 ‚
1621 2070 1660 2095 ut
1681 2058 1836 2108 sequitur
1850 2085 1862 2097 .
2392 2059 2396 2063 '

900 2155 1047 2210 Illustris
1060 2181 1076 2202 ,
1100 2155 1144 2199 ὁ·
1168 2155 1348 2195 admodum
1373 2156 1584 2197 R·Domine
1597 2185 1608 2202 ‚
1631 2159 1688 2196 uti
1703 2156 1829 2196 Frater
1843 2183 1854 2196 .

409 2256 524 2295 Sacra
548 2254 806 2306 congregatio,
832 2257 1043 2307 approbante
1056 2256 1261 2307 San'c'iiffimo
1285 2255 1494 2301 ordinavit,
1519 2267 1561 2294 ut
1582 2257 1629 2293 ad
1652 2255 1900 2307 Monaflerium
1924 2257 1967 2295 S·
1979 2255 2096 2293 Luciae
2124 2255 2302 2293 Civitatis
2324 2255 2445 2295 Plebis

318 2308 426 2347 Soror
441 2305 632 2342 Gertrudis
646 2332 659 2351 ,
684 2307 795 2344 Mona
822 2308 891 2344 erii
906 2307 957 2344 Ca

981 2307 1164 2344 ucinarum
1179 2304 1316 2357 Castelli
1330 2304 1562 2359 Superioriffa
1575 2318 1651 2343 cum
1678 2305 1751 2343 alia
1766 2305 1923 2343 Moniale
1937 2332 1949 2349 ,
1973 2305 2018 2342 ab
2030 2305 2105 2352 ipsd
2118 2303 2299 2341 Gertrude
2311 2304 2357 2341 eli
2386 2318 2447 2343 en-

313 2356 360 2394 da
373 2353 419 2391 ad
432 2352 708 2402 reflabiliendam
721 2357 760 2391 in
773 2357 787 2394 i
802 2355 831 2391 lo
849 2314 1221 2403 Reguleisciplinam
1235 2355 1478 2405 transferatur
1493 2382 1502 2391 .
1519 2354 1605 2394 Inde
1618 2354 1735 2392 Emin.
1751 2353 1895 2393 Domini
1908 2356 1974 2392 mei
1987 2352 2152 2403 wimplir.
2172 2351 2255 2390 Tuae
2268 2354 2351 2390 ineu
2367 2356 2446 2392 cari

331 2402 489 2455 afferunt
504 2423 518 2445 ‚
542 2412 583 2440 ut
598 2403 704 2451 salita
721 2404 790 2452 sua
808 2405 1002 2452 prudentia
1026 2404 1133 2439 diHas
1146 2403 1340 2452 Religiosas
1364 2405 1409 2442 ad
1433 2417 1581 2444 munus,
1609 2404 1655 2441 ad
1694 2404 1762 2442 uod
1787 2404 1934 2442 &Sacra
1951 2405 2068 2452 Congr
2112 2403 2227 2439 atione
2238 2410 2302 2450 pro
2318 2403 2447 2453 majore

309 2418 381 2494 bei
407 2449 504 2487 cultu
531 2451 774 2502 destinantur,
799 2451 1029 2504 affumendum
1054 2452 1234 2500 disponat.
1259 2453 1376 2504 Qm
1388 2453 1571 2501 itt-finem,
1599 2417 1692 2494 &13

1684 2452 1816 2501 pist-opo
1847 2452 2075 2491 Civitatis‘P
2092 2453 2162 2488 ebis
2178 2452 2379 2500 scribitur,
2403 2462 2446 2489 uc

315 2502 453 2541 ratione
477 2501 721 2539 translationis
735 2525 746 2541 ‚
772 2502 815 2544 &⁶
838 2502 1026 2541 Societatis
1048 2512 1125 2536 cum
1141 2501 1290 2550 Amplit.
1306 2504 1384 2540 Tua
1411 2502 1618 2539 conveniat.
1645 2502 1693 2538 Se
1714 2500 1866 2552 sensibus
1889 2494 2003 2540 En'n.
2030 2501 2269 2538 'Dominarum
2293 2510 2444 2539 meorum

318 2550 531 2602 conformare
535 2550 681 2602 satagat
694 2575 708 2598 ,
733 2551 776 2595 ἐφ
788 2551 886 2589 Deus
900 2550 986 2589 Eam
1001 2549 1190 2601 prosperet.
1203 2550 1319 2591 Roma
1330 2562 1366 2600 7.
1380 2550 1542 2589 Decemb.
1563 2550 1664 2600 1697.

1664 2650 1721 2702 G.
1743 2650 1872 2702 Card.
1901 2650 2130 2719 Carpineus
2146 2684 2159 2699 .

1763 2768 1821 2809 M.
1848 2769 2020 2821 Arcbiep.
2044 2769 2180 2809 Athen.
2204 2769 2338 2809 secret.

509 2822 565 2861 Ex
579 2821 733 2862 cancell.
758 2822 870 2875 Episc.
894 2822 1027 2877 castell.
1055 2819 1172 2867 Vide,
1196 2821 1325 2866 &alia
1342 2823 1440 2874 infra
1455 2821 1519 2873 fol.
1537 2833 1615 2872 143.

542 2944 797 2959 -Π-ι-

315 3044 552 3096 Fratribus
584 3040 757 3095 Perufii
795 3043 1029 3095 licentiam
1045 3079 1061 3103 ,
1078 3043 1124 3093 in
1159 3046 1353 3112 Capella

373 3118 423 3166 S.
447 3117 642 3167 Antonii
661 3114 855 3165 Abbatis
875 3113 1061 3165 Miffam
1091 3114 1351 3166 celebrandi

371 3188 581 3247 concedi,
599 3183 827 3257 Episcopo
845 3183 1061 3239 Perufino
1076 3188 1346 3238 committit.

301 3318 342 3361 'A
360 3326 512 3376 tergo:
551 3315 768 3364 Venerabili
785 3319 932 3361 Fratri
946 3316 1130 3376 Epssopo
1145 3317 1325 3376 Perusino
1336 3346 1349 3360 .

303 3428 962 3485 INNOCENTIUS
1025 3430 1231 3481 PAPA
1278 3431 1344 3482 X.

309 3550 543 3602 Venerabilis
562 3553 714 3596 Frater
723 3550 903 3610 fitlutem
916 3580 931 3602 ,
959 3550 1014 3602 ῤ’
1036 3548 1337 3611 Αβςβοῖὶιαιω

653 3609 960 3656 Βεηεᾶἰὲἶίοησω
974 3639 985 3653 .

404 3700 539 3755 Xponi
568 3702 699 3745 Nobis
721 3715 852 3757 nuper
880 3701 1069 3747 fecerunt
1094 3701 1232 3747 dilecti
1251 3701 1341 3745 Filii

433 3758 616 3802 moderni
642 3761 932 3814 Guardianus‚
964 3764 1005 3806 &
1032 3767 1193 3807 Fratres
1219 3762 1346 3804 Ordi-

302 3819 359 3862 nis
377 3820 586 3863 Minorum
613 3820 747 3865 Sancti
764 3822 966 3867 Francisci
999 3822 1342 3883 Capucinorum..

1411 3051 1745 3099 nuncupatorum
1776 3039 1972 3084 Civitatis
1998 3040 2217 3091 Perufinae,
2247 3033 2443 3096 quodipli

1411 3103 1451 3145 in
1472 3102 1644 3159 quadam
1661 3100 1864 3158 Cappella
1893 3099 1960 3142 sub
1977 3099 2238 3142 invocatione
2255 3102 2296 3141 S.
2313 3099 2447 3139 Anto-

1412 3163 1468 3205 nii
1497 3163 1672 3206 Abbatis
1700 3175 1829 3218 prope
1850 3189 1865 3213 ,
1897 3161 1937 3201 δε
1957 3169 2072 3202 extra
2100 3172 2244 3202 eorum
2268 3159 2447 3200 Domum

1408 3222 1664 3279 Regularem
1680 3219 1927 3271 fabricanda,
1943 3216 2227 3262 sacrosanetum
2248 3214 2367 3260 Miffae
2382 3217 2450 3258 Sa·-

1411 3282 1615 3328 crificium
1640 3281 1847 3326 celebrari
1879 3276 1987 3336 posse
2013 3277 2265 3332 summopere
2288 3273 2450 3317 deside-

1411 3352 1531 3397 rant3
1562 3346 1707 3399 Quare
1720 3340 1850 3384 Nobis
1867 3339 2079 3382 humiliter
2097 3334 2311 3392 supplicari
2337 3331 2450 3375 fece-

1406 3411 1530 3453 runt,
1562 3415 1608 3446 ut
1633 3410 1905 3459 opportunam
1933 3397 1984 3442 ad
2010 3399 2087 3440 hoc
2115 3395 2324 3438 licentiam
2346 3406 2447 3435 con-

1405 3461 1633 3516 cedere‚de
1650 3460 1908 3516 Benignitate
1919 3455 2151 3514 Apostolica
2166 3454 2447 3508 dignaremur.

1406 3525 1494 3567 Nos
1511 3523 1637 3580 igitur
1660 3522 1862 3564 distet-um
1879 3515 2153 3561 Guardiani&
2181 3515 2260 3557 FF.
2280 3514 2387 3556 votis
2402 3513 2443 3554 in

1397 3581 1756 3643 primis,quantum
1771 3574 2042 3624 cumDomino
2052 3571 2447 3630 poffumus‚benigne

1404 3642 1782 3698 annuere‚illosque
1798 3635 2036 3695 specialibus
2053 3632 2278 3684 favoribus,
2291 3639 2329 3679 &
2349 3651 2446 3693 gra.

1403 3702 1468 3746 tiis
1498 3701 1686 3760 prosequi
1715 3699 1898 3747 volentes
1923 3721 1938 3746 ς,
1976 3696 2020 3736 ἀ
2047 3707 2194 3737 eorum
2225 3695 2443 3753 fingulares

1402 3764 1593 3819 personas
1613 3762 1634 3804 a
1650 3757 1854 3819 quibusvis
1867 3755 2300 3799 excommunicationis
2315 3786 2330 3809 ‚
2362 3758 2444 3798 &c.

1401 3821 1453 3868 ad
1469 3821 1654 3865 effectum
1684 3815 1937 3877 praesentium
1955 3814 2158 3858 duntaxat
2185 3817 2441 3872 consequen-
2510 3847 2513 3849 ,

2255 3876 2350 3921 dum
2366 3903 2383 3926 ,
