2762 4108
1035 211 1694 303 Lombardiae.

339 317 516 370 Domos
557 317 788 372 custodie
817 352 836 377 ,
886 317 961 370 seu
999 326 1202 376 Ducatiis
1229 334 1363 380 Man·

407 393 535 440 tuani
571 406 679 439 cum
725 391 881 439 Domo
926 392 1215 445 Castellionis
1270 402 1360 449 Sti·

404 463 646 515 verornm,
677 456 705 507 d
733 459 975 511 Provincia
1002 465 1163 513 Brixiae
1190 464 1361 535 separa·

409 541 457 579 ta
489 561 508 586 ,
558 529 810 579 Provincia
850 531 972 583 uniri
1008 534 1231 586 ratihabet
1255 572 1274 597 ,
1311 539 1360 592 ὅ(

399 593 668 648 confirmat.

331 717 808 772 CLEMENS
890 725 1134 777 PAPA
1204 729 1356 780 XII.

521 796 589 840 Ad
597 795 792 856 futurem
816 806 879 846 rei
901 805 1126 849 memoriane
1141 835 1154 850 .

408 869 641 918 Aeros-nni
656 876 915 934 apostolatus
926 879 1119 931 officium,
1133 879 1353 926 humilitati

423 931 559 975 nostrae
574 946 647 987 per
661 936 950 985 abundantiam
966 937 1121 984 Divinae
1136 939 1354 993 Bonitatis,

319 992 435 1038 nullo
447 992 546 1034 licet
561 992 803 1038 meritorum
817 998 1040 1042 nostrorum
1056 997 1240 1057 suffragio
1254 1013 1346 1042 cre-

318 1048 687 1103 ditum,fiilubriter
702 1051 1269 1113 exequi,adjuvanteDomino
1286 1058 1349 1116 ju·

317 1111 428 1168 giter
454 1110 706 1166 satagentes,
734 1113 785 1157 ad
801 1127 877 1165 ea,
910 1128 993 1170 quae
1006 1113 1117 1159 felici
1134 1144 1150 1168 ,
1181 1115 1349 1174 prospe-

315 1165 806 1226 roqueChriflifidelium,
821 1171 1012 1218 Altiffimi
1026 1174 1223 1231 obsequiis
1237 1203 1252 1227 ‚
1277 1173 1348 1219 sub

314 1227 425 1273 suavi
450 1224 677 1283 Religionis
697 1227 801 1287 jugo
811 1231 1131 1289 mancipatorum
1159 1235 1347 1292 regimini

313 1282 540 1333 consulitur
552 1312 568 1336 ,
587 1285 768 1332 libenter
781 1289 1030 1334 intendimus
1043 1320 1058 1343 ,
1083 1292 1345 1348 munerisque

311 1343 436 1392 nostri
451 1342 659 1390 Pastoralis
672 1357 807 1402 partes
819 1379 835 1401 ,
851 1351 1046 1405 propensa
1061 1349 1235 1406 desuper
1251 1365 1338 1407 par-

311 1418 356 1450 te
368 1431 384 1456 ,
413 1403 708 1460 interponimus
724 1434 739 1461 ,
768 1407 865 1452 ficut
882 1410 967 1452 Nos
979 1437 995 1461 ,
1006 1409 1192 1453 locorum
1206 1438 1223 1461 ‚
1246 1424 1341 1464 per-

311 1465 495 1512 sonarum
511 1492 528 1517 ,
557 1477 695 1507 rerum
715 1492 732 1518 ‚
755 1467 796 1509 δι
820 1477 1049 1523 temporum
1079 1467 1340 1525 qualitatibus

310 1523 471 1568 mature
496 1521 696 1579 pensatis,
726 1524 777 1568 ad
802 1525 1109 1583 Omnipotentis
1140 1527 1217 1570 Dei
1249 1527 1341 1585 glo-

309 1585 409 1627 riam
425 1611 440 1635 ,
467 1582 506 1624 &
520 1583 744 1640 Religionis
770 1585 1066 1630 incrementum
1085 1584 1283 1645 expedire
1299 1586 1340 1630 in

308 1643 490 1686 Domino
512 1641 780 1687 arbitramur.

362 1700 523 1756 Exponi
546 1698 737 1757 liquidem
755 1702 885 1745 Nobis
912 1701 1100 1747 fecerunt
1115 1703 1261 1749 Dilecti
1274 1703 1340 1748 Fi-

307 1759 352 1803 lii
366 1759 634 1815 Superiores‚
657 1761 700 1803 &
716 1760 909 1816 Religiosi
925 1763 1094 1804 Ordinis
1111 1765 1336 1809 Fratrum...

303 1818 517 1863 Minorum
533 1819 663 1863 saneti
680 1818 879 1862 Francisci
895 1820 1198 1877 Capucinorum
1222 1835 1328 1864 nun-

302 1887 558 1933 cupatorum,
588 1877 811 1922 Provinciae
831 1878 1086 1922 Lombardiae
1113 1909 1127 1931 ,
1159 1881 1196 1921 δι
1241 1883 1327 1925 Cu-

300 1936 435 1979 stodiae
476 1939 703 1980 Mantuanae
737 1964 752 1989 ‚
802 1937 939 1993 quod,
966 1946 1060 1981 cum
1120 1939 1175 1982 de
1223 1952 1325 1982 con-

298 1993 415 2037 sensu
437 1994 585 2046 etiam,
624 2009 669 2038 ac
696 1996 987 2052 approbatione
1015 1995 1225 2041 chariffimi
1247 1997 1321 2042 itt-2

295 2053 457 2097 Christo
472 2051 563 2097 Filii
575 2053 696 2097 nostri
708 2053 849 2098 Caroli
867 2055 1147 2112 Hispaniarum
1163 2056 1321 2101 Catho-

293 2110 393 2164 lici,
424 2126 499 2155 nec
519 2125 602 2155 non
618 2113 895 2158 Romanorum
912 2117 1064 2174 Regis,
1091 2115 1130 2159 in
1149 2116 1324 2173 Impera·-

295 2182 428 2214 torem
440 2171 563 2214 eleeii
577 2171 682 2214 inter
698 2169 738 2215 sa
754 2174 1023 2217 convenerint
1036 2201 1053 2227 ,
1069 2185 1112 2217 ut
1129 2174 1168 2220 in
1186 2186 1324 2228 unam,

296 2228 568 2286 eamdemque
585 2229 842 2274 Provinciam
871 2231 1091 2287 uniantur,
1115 2241 1239 2291 atque
1260 2231 1323 2277 se·

296 2287 436 2332 cundo
466 2287 564 2331 dini
591 2286 830 2343 Superiores
846 2315 860 2341 ,
887 2289 928 2330 δι
954 2288 1148 2349 Religion
1176 2290 1322 2338 Custo-

294 2346 370 2388 diae
392 2348 620 2392 Mantuanae
642 2345 946 2393 declaraverint
980 2347 1141 2394 dilectis
1169 2349 1321 2404 pariter

292 2405 407 2448 filiis
425 2404 608 2451 Ministro
623 2404 826 2463 Generali
836 2433 851 2457 ,
866 2405 905 2448 ἃ
924 2406 1219 2452 Diffin'itoribus
1234 2411 1317 2453 Ge—

291 2463 495 2509 neralibus
509 2462 689 2519 praedisti
709 2463 877 2508 Ordinis
891 2493 908 2517 ‚
933 2474 1019 2509 tum
1049 2478 1318 2513 memoratam

290 2522 529 2568 Custodiam
542 2525 804 2567 Mantuanam
817 2552 832 2575 ,
861 2534 1033 2581 propter
1047 2526 1257 2583 penuriam
1277 2527 1318 2571 δι

289 2580 492 2624 defectum
503 2610 521 2632 ,
551 2582 768 2637 praesertim
787 2580 967 2627 Lanificii
979 2611 995 2637 ,
1011 2586 1119 2629 unde
1137 2584 1319 2642 Religio-

289 2638 335 2683 fis
359 2639 623 2684 commodum
639 2637 805 2686 vestitus
828 2642 1019 2699 provenit
1045 2671 1062 2694 ,
1088 2643 1217 2691 aliterv
1234 2657 1315 2689 non

288 2696 397 2754 poli'e
427 2697 634 2743 sublistere
659 2729 675 2753 ,
720 2710 804 2744 tum
834 2701 1003 2745 maxime
1028 2701 1317 2760 Regulam-ent.»

288 2754 587 2801 observantiam
597 2786 611 2810 ,
624 2759 664 2801 in
681 2756 757 2803 suis
771 2758 993 2815 respective
1008 2760 1314 2811 Conventibus,

286 2828 360 2870 per
386 2829 475 2859 eam
505 2816 701 2871 contiguae
729 2817 947 2862 Provinciae
973 2820 1163 2864 unionem
1186 2818 1312 2875 magis
1341 2838 1346 2842 ·

287 2872 511 2929 magisque,
524 2874 746 2930 adjuvante
761 2877 854 2920 Deo
869 2874 1070 2922 firmatum
1085 2878 1155 2921 iri.
1169 2880 1308 2937 Qam

283 2932 449 2987 quidem
477 2932 667 2975 unionem
696 2948 786 2977 cum
815 2934 1041 2981 accessione
1066 2933 1305 2981 Conventiis

284 2989 544 3032 castellionis
559 2991 810 3035 Stiverorum
825 2994 874 3043 ,ὲ
904 2995 1108 3038 Provincia
1136 2995 1275 3037 Brixiae
1288 3023 1304 3047 ,

279 3048 622 3104 quemadmodum
650 3048 730 3104 ipst:
745 3049 1034 3106 CarolusbRex
1056 3053 1095 3097 in
1122 3054 1302 3108 impera-

279 3118 417 3150 torem
434 3107 584 3150 eleetus
597 3118 782 3165 exoptat,
797 3106 1032 3163 separandi,
1051 3125 1096 3155 ae
1113 3109 1302 3153 dismem-

279 3166 425 3209 brandi
451 3192 465 3215 ,
497 3168 537 3208 δε
561 3165 730 3209 aliorum
759 3167 934 3223 quinque
966 3171 1259 3212 Conventuum
1285 3198 1301 3221 ‚

279 3224 477 3268 videlicet
505 3227 707 3276 Mantuae,
732 3226 867 3269 Terrae
882 3226 1058 3270 Hostilia:
1073 3257 1087 3279 ‚
1112 3228 1302 3286 Aunaeni-

278 3298 356 3340 grae
371 3311 385 3335 ,
416 3283 529 3326 Goiti
545 3312 558 3334 ,
586 3284 625 3324 δι
639 3283 808 3326 Sermini
837 3284 944 3335 vici,
970 3285 1095 3329 iidem
1124 3286 1301 3329 Minister

276 3342 500 3391 Generalis
514 3372 528 3395 ,
550 3344 589 3385 &
603 3341 830 3386 Generales
846 3341 1093 3388 Definitores
1110 3372 1124 3395 ‚
1156 3354 1297 3400 utpote

276 3399 551 3452 laudabilem,
579 3403 615 3442 &
643 3400 853 3455 Regularis
869 3400 1198 3448 Observantiaein
1215 3404 1296 3457 pri·

277 3459 350 3500 mis
363 3458 690 3510 conducibilem,
713 3457 968 3502 necessariam
995 3461 1295 3516 approbarunt.

277 3519 384 3559 Cum
395 3517 650 3570 autem,licut
661 3517 803 3561 eadem
815 3518 1008 3573 expolitio
1019 3518 1298 3573 subjungebat,

278 3575 372 3616 dicti
395 3576 656 3630 Exponentes
672 3577 864 3619 unionem
879 3575 1102 3629 hujusmodi
1117 3591 1188 3633 per
1205 3580 1292 3621 Nos

277 3632 468 3680 stabiliri,
485 3635 635 3690 {ibique
651 3644 866 3690 propterea
883 3637 920 3677 in
937 3635 1129 3690 praemislis
1143 3649 1291 3690 oppor-

275 3690 376 3732 tune
394 3693 658 3745 provideri-,Bc
679 3691 720 3735 iit
737 3691 855 3742 infra,
867 3693 1065 3749 indulgeri
1079 3693 1293 3749 plurimum

271 3748 501 3792 desiderent
516 3763 533 3803 3
556 3753 642 3795 Nos
654 3751 731 3806 piis
749 3762 1010 3808 utrorumque
1027 3751 1292 3808 Superiorum

1422 344 1467 375 ac
1483 332 1785 387 Religiosorum
1797 333 1900 376 votis
1913 334 1961 378 ad
1975 336 2178 393 Religioni
2188 354 2204 382 s
2218 340 2449 383 incremen-

1422 393 1575 442 tum,&
1588 389 1753 434 felicem
1768 393 2014 449 progreflum
2030 398 2198 440 tendent
2209 400 2315 449 ibus,
2323 413 2450 454 quatt-

1420 461 1508 493 tum
1534 463 1624 492 cum
1642 451 1817 495 Domino
1831 448 2030 508 possumus
2046 481 2059 501 ,
2076 453 2360 501 favorabiliter
2383 471 2446 500 an.

1424 521 1552 552 nuere
1582 507 1766 553 volantes
1782 537 1797 562 ,
1821 507 1997 565 eosque,
2023 512 2063 552 δε
2091 512 2256 556 illorum
2273 516 2446 571 lingula·

1422 580 1492 608 res
1528 565 1715 622 personas
1749 568 1770 608 a
1806 567 2008 623 quibusvis
2034 574 2446 627 excomunicationis,

1422 622 1709 679 suspenfionis,
1739 626 1779 667 δε
1799 625 2030 677 ἱηιετάἰᾶἱ,
2062 627 2228 684 aliisque
2249 631 2447 674 Ecclesia·

1417 681 1522 725 ssicis
1538 680 1749 725 sententiis
1763 711 1779 736 ‚
1794 682 1972 727 censuris
1984 714 1998 735 ,
2013 687 2054 727 δι
2069 687 2188 742 paenis
2203 690 2225 731 a
2241 686 2328 742 jure
2343 715 2357 736 ,
2377 688 2444 731 vel

1416 741 1470 783 ab
1495 741 1659 783 homine
1674 743 1814 796 quavis
1842 742 2075 796 occasione,
2108 744 2173 788 vel
2189 745 2300 787 causa
2324 745 2443 798 latis,

1414 798 1441 841 fi
1471 798 1617 856 quibus
1646 798 1961 854 quomodolibet
1994 802 2199 846 innodata·
2221 802 2397 846 existunt
2422 834 2439 855 ,

1415 857 1465 900 ad
1505 857 1689 900 effectum
1717 858 1969 913 praesentium
1998 863 2153 906 tantum
2189 863 2441 918 consequen-

1414 915 1511 958 dum
1528 946 1541 968 ,
1575 917 1715 959 harum
1742 914 1847 959 serie
1873 917 2161 971 absolventes,
2190 920 2439 964 &absolutas

1413 974 1503 1018 sore
1532 974 1774 1027 censentes,
1806 974 2170 1032 supplicationibus
2195 992 2337 1021 eorum
2364 995 2439 1021 no-

1413 1034 1520 1077 mine
1536 1034 1664 1077 Nobis
1693 1033 1808 1091 super
1826 1036 1902 1077 hoc
1931 1036 2140 1081 humiliter
2165 1040 2358 1093 porret‘bs
2377 1038 2438 1079 in-

1412 1092 1579 1141 clinati,
1612 1092 1873 1148 supradictam
1902 1095 2156 1140 Provinciam
2185 1096 2435 1139 Lombardiae

1407 1150 1691 1195 cumCustodia
1709 1155 1928 1195 Mantuana
1946 1157 2148 1211 perpetuo
2161 1152 2437 1204 unimus,con·

1407 1209 1611 1267 jungimus
1626 1237 1643 1260 ,
1655 1209 1904 1254 adnefitimus
1919 1240 1932 1263 ,
1949 1214 1988 1256 δι
2006 1213 2305 1270 incorporamus
2315 1242 2332 1263 ‚
2359 1226 2434 1256 nec

1407 1282 1486 1310 non
1520 1272 1784 1312 conventum
1828 1270 2084 1315 Castellionis
2130 1272 2382 1314 Stiverorum
2412 1301 2430 1322 ,

1403 1341 1525 1383 quem
1549 1330 1572 1372 a
1588 1328 1805 1372 Provincia
1824 1330 1965 1371 Brixiae
1990 1329 2213 1386 separamus
2230 1358 2244 1382 ,
2277 1345 2323 1373 ac
2351 1329 2433 1371 dis-

1400 1388 1667 1429 membramus
1694 1415 1709 1439 ,
1748 1401 1839 1429 cum
1870 1388 2047 1445 quinque
2075 1390 2164 1432 aliis
2191 1389 2432 1431 memoratis

1399 1445 1679 1488 conventibus
1693 1471 1708 1496 ,
1739 1443 1891 1489 scilicet
1906 1451 2080 1493 Mantua:
2093 1476 2106 1497 ,
2141 1450 2278 1491 Terrae
2296 1449 2431 1491 Hosti·

1402 1504 1478 1552 liae,
1494 1504 1607 1546 Goiti
1620 1532 1635 1554 ‚
1647 1506 1919 1562 Aquaenigrae,
1933 1506 1974 1546 δι
1991 1507 2161 1549 Sermini
2179 1508 2277 1556 vici,
2292 1508 2428 1549 eidem

1401 1562 1623 1607 Provinciae
1641 1563 1893 1606 Lombardiae
1905 1567 2102 1620 perpetuo
2114 1565 2238 1606 etiam
2256 1567 2430 1616 unimus,

1401 1620 1681 1679 conjungimus
1694 1650 1710 1672 ,
1742 1622 1993 1666 adnefiiimus
2010 1652 2024 1673 ,
2046 1624 2400 1679 &incorporamus
2415 1651 2429 1664 .

1400 1682 1687 1723 Decernentes
1718 1679 1876 1724 easdem
1906 1684 2117 1736 praesentes
2144 1682 2300 1726 litteras
2324 1680 2431 1724 sem-

1398 1741 1472 1795 per
1499 1738 1658 1789 firmas,
1689 1735 1874 1791 validas',
1903 1741 1943 1782 δι
1964 1739 2148 1785 efficaces
2162 1742 2365 1792 existere,
2390 1743 2431 1783 &

1396 1796 1515 1850 fore,
1543 1797 1708 1855 suosque
1733 1798 1963 1854 plenarios,
1988 1802 2025 1843 &
2054 1802 2237 1855 integros
2263 1799 2428 1843 effectus

1388 1857 1549 1908 sortiri,
1564 1857 1807 1900 &obtinere
1824 1887 1840 1910 ,
1868 1872 1916 1901 ac
1941 1861 1992 1901 ab
2007 1858 2086 1901 illis
2102 1889 2119 1911 ,
2149 1860 2199 1901 ad
2217 1873 2318 1916 quos
2339 1858 2429 1914 spe—

1385 1919 1464 1959 δεῖ
1479 1946 1494 1968 ,
1514 1917 1554 1957 &
1577 1930 1650 1971 pro
1671 1928 1856 1970 tempore
1871 1917 2211 1974 quandocumque
2233 1917 2427 1974 spefilabit

1386 1975 1678 2019 inviolabiliter
1693 1974 1933 2028 observari,
1956 1978 1996 2020 δι
2024 1976 2104 2021 illis
2131 1976 2354 2031 respective
2382 1979 2422 2019 in

1385 2033 1572 2076 omnibus
1590 2061 1606 2084 ,
1634 2035 1677 2076 δι
1701 2047 1776 2088 per
1792 2037 1924 2078 omnia
1947 2035 2167 2091 pleniffime
2190 2035 2421 2091 suffragari.

1386 2093 1532 2148 Sicque
1572 2091 1612 2132 in
1638 2092 1836 2148 proemiffis
1876 2108 1947 2149 per
1973 2094 2227 2150 quoscunque
2249 2095 2417 2150 Judices

1358 2152 1369 2159 ”
1384 2150 1650 2201 ordinarios,
1675 2152 1713 2193 δι
1740 2150 1991 2207 Delegatos,
2019 2155 2142 2195 etiarn
2158 2153 2419 2197 Causarum..-

1384 2209 1531 2253 Palatii
1546 2208 1770 2266 Apostolici
1787 2210 2014 2255 Auditores
2040 2209 2236 2268 judicari,
2258 2214 2299 2257 δι
2318 2209 2420 2255 defi-

1382 2268 1460 2310 niri
1489 2267 1668 2320 debere,
1698 2281 1746 2310 ac
1775 2266 1936 2313 irritum
1952 2297 1967 2320 ,
1989 2271 2029 2312 δι
2054 2272 2172 2315 inane
2198 2299 2213 2323 ,
2254 2271 2280 2315 fi
2306 2271 2416 2315 secus

1378 2325 1496 2382 super
1512 2328 1571 2369 his
1583 2327 1604 2368 i
1617 2339 1821 2383 quoquam
1836 2355 1852 2379 ,
1863 2329 2002 2385 quavis
2017 2329 2275 2381 auctoritate,
2285 2327 2417 2373 scien-

1378 2395 1446 2428 ter
1458 2413 1472 2435 ,
1499 2385 1565 2428 vel
1590 2385 1828 2442 ignoranter
1843 2388 2062 2442 contigerit
2081 2390 2300 2433 attentari.
2318 2392 2414 2432 Non

1377 2444 1625 2487 obstantibus
1640 2443 1866 2500 mamillis,
1890 2460 1936 2488 ac
1948 2446 2351 2499 consuetudinibus,
2372 2449 2415 2492 δι

1376 2503 1712 2562 Ordinationibus
1736 2504 2008 2559 Apostolicis,
2031 2520 2187 2550 necnon
2213 2507 2411 2556 Ordinis,

1377 2561 1708 2615 provinciarum,
1727 2576 1774 2606 ac
1791 2565 2082 2607 conventuum
2100 2564 2380 2620 praediftorum
2395 2593 2410 2616 ,

1376 2618 1515 2666 aliisve
1545 2621 1748 2676 quibusvis
1773 2647 1790 2673 ,
1813 2621 1938 2663 etiam
1966 2621 2410 2677 juramento,Confir-

1376 2680 1552 2723 matione
1565 2678 1794 2733 apostolic·
1811 2706 1826 2728 ,
1858 2678 1925 2720 vel
1948 2680 2088 2734 quavis
2114 2678 2305 2725 firmitate
2330 2680 2409 2724 alia

1374 2737 1575 2781 roboratis
1602 2736 1753 2781 statutis
1767 2761 1783 2784 ‚
1813 2735 1854 2776 &
1870 2736 2228 2781 consuetudinibus
2242 2766 2257 2788 ‚
2281 2739 2408 2795 privi-

1373 2795 1497 2850 legiis
1517 2807 1679 2850 quoque
1708 2793 1876 2836 indultis
1893 2824 1908 2845 ,
1938 2797 1978 2837 δι
2004 2795 2174 2839 Litteris
2201 2795 2408 2852 Apostoli-

1370 2853 1427 2896 cis
1441 2881 1455 2904 ‚
1467 2853 1507 2893 in
1521 2852 1767 2896 contrarium
1794 2852 2074 2907 praemissorum
2091 2853 2405 2909 quomodolibet

1366 2910 1558 2955 conceffis
1568 2937 1583 2957 ,
1597 2909 1860 2961 confirmatis,
1872 2913 1912 2955 &
1926 2912 2142 2966 innovatis3
2158 2914 2300 2968 quibus
2315 2925 2403 2954 om·

1365 2971 1479 3014 nibus
1504 2999 1519 3020 ,
1548 2970 1586 3011 81
1605 2968 1762 3024 singuiis
1781 2968 1971 3018 ‚illorum
1999 2980 2164 3014 tenores
2193 2970 2399 3025 praesenti·

1363 3029 1436 3072 bus
1453 3042 1527 3083 pro
1542 3027 1663 3082 plen'e
1680 3055 1695 3077 ,
1724 3028 1761 3067 &
1777 3024 2023 3071 sufficienter
2037 3029 2223 3085 expreffis
2240 3056 2254 3078 ,
2281 3044 2325 3074 ac
2340 3027 2396 3073 de

1364 3087 1494 3131 verbo
1515 3087 1564 3128 ad
1588 3086 1756 3128 verbum
1781 3086 1941 3130 insertis
1958 3088 2151 3130 habentes
2168 3116 2184 3139 ‚
2204 3087 2283 3131 illis
2297 3086 2395 3130 alias

1363 3146 1402 3189 in
1434 3144 1506 3187 suo
1531 3146 1679 3187 robore
1702 3144 2003 3199 permansuris,
2033 3144 2083 3188 ad
2110 3144 2393 3201 praemissorum

1360 3202 1572 3254 effedum,
1616 3205 1689 3245 hac
1715 3203 1806 3245 vice
1830 3204 2043 3247 dumtaxat
2070 3203 2322 3260 specialiter,
2350 3205 2392 3246 δι

1361 3260 1549 3319 cupressi:
1578 3263 1822 3317 derogamus
1851 3290 1866 3311 ,
1904 3262 2139 3319 caterisque
2175 3262 2390 3307 contrariis

1360 3317 1676 3378 quibuscumque
1691 3350 1703 3361 .
1725 3323 1875 3364 Datum
1891 3323 2032 3366 Romae
2044 3321 2147 3377 apud
2163 3324 2204 3365 S.
2218 3321 2388 3365 Mariam

1358 3378 1559 3436 Maiorem
1589 3380 1659 3423 sub
1672 3381 1833 3424 Annulo
1847 3380 2056 3424 Piscatoris
2072 3409 2086 3430 ,
2119 3380 2200 3422 Die
2225 3380 2389 3435 nida·

1358 3441 1491 3483 nuarii
1520 3451 1825 3484 nuccxxxvrt.
1857 3437 2121 3483 pontificatus
2140 3438 2278 3484 Nostri
2303 3441 2390 3487 Ant

1360 3511 1413 3540 no
1440 3496 1637 3553 septimo.

1815 3558 1861 3599 F.
1890 3554 2014 3599 Card.
2037 3555 2267 3598 Oliverius.

1409 3645 1469 3686 Ex
1486 3643 1606 3685 Arcb.
1635 3648 1779 3688 Secret.
1812 3649 1927 3689 Brcv.
1954 3645 2082 3703 Apost.
2099 3649 2192 3702 Reg.
2227 3646 2356 3705 Mens?
2365 3676 2382 3696 ‚

1469 3701 1518 3748 θ’
1549 3706 1655 3744 Anne·
1675 3704 1800 3758 pred.
1833 3705 1878 3746 de
1903 3718 1977 3760 quo
2003 3710 2127 3750 Breve
2139 3704 2318 3765 fornia.
2338 3711 2382 3745 m

1471 3759 1590 3802 Arch.
1615 3762 1827 3805 stovirtcie
1836 3791 1847 3804 .
2267 3822 2296 3863 F

2301 3833 2332 3861 r.
