2774 4068
977 207 1054 299 S.
1106 207 1195 300 P.
1237 208 1760 338 Fiam-sisci.

338 342 458 379 rum,
485 332 525 373 ac
555 324 785 386 egenorum
810 319 1037 379 Civitatis,
1064 332 1104 372 δι
1121 335 1254 375 Dioec.
1271 333 1370 376 Ani.

335 387 433 431 sien.
453 390 566 432 statui
580 417 594 440 ,
618 382 904 438 &indigentiis
918 387 984 439 pio
1000 389 1210 431 charitatis
1225 390 1365 434 affeetu

335 450 618 504 compatiens,
651 446 689 485 &
717 442 937 485 intendens
966 443 1015 486 ad
1041 444 1364 494 sublevandam..

333 508 512 565 inopiam
543 532 558 557 ,
589 500 894 558 egestatemque
924 516 1146 558 pauperum
1176 504 1363 559 praesato-

334 581 454 616 rum,
480 575 530 606 ex
557 562 672 603 bonis
700 563 724 603 a
758 562 850 602 Deo
879 561 948 603 libi
971 561 1136 603 collatis
1165 589 1181 614 ,
1204 564 1364 619 erigere

330 629 517 671 Mentem
531 647 546 672 ,
575 620 842 662 nuber-inum
858 619 1194 675 nuncupandum,
1210 622 1259 663 ab
1274 636 1363 663 om-

329 682 374 731 ni
414 678 660 730 ordinarii,
702 679 743 720 Bt.
781 679 1131 734 metropolitani,
1168 693 1213 721 ac
1246 681 1362 723 Sedis

1491 340 1568 379 Pro
1594 341 1703 379 Dete
1734 330 1831 376 verb
1846 330 1963 387 hujus
1974 337 2107 389 operis
2131 338 2197 384 seu
2214 253 2367 385 Mon3cis
2386 342 2466 387 de—·

1426 393 1519 446 dit,
1548 393 1719 446 donavit
1737 421 1751 444 ,
1783 391 1950 447 largitus
1977 395 2063 444 est,
2091 399 2130 438 δι
2147 401 2184 440 in
2199 399 2345 444 effestu
2372 402 2461 444 affi-

1427 452 1565 509 gnavit
1597 453 1723 493 rubea
1749 450 1929 494 ducenta
1946 448 2173 506 frumenti,
2203 470 2288 511 quae
2302 461 2465 504 rubea-1

1426 514 1603 553 ducenta
1634 507 1784 551 eisdem
1813 509 2170 551 Gubernatoribus
2211 538 2225 559 ,
2272 518 2464 560 Restm-i-

1428 569 1528 615 bus,
1559 569 1600 609 δι
1633 567 2071 616 Administratoribus,
2106 579 2150 608 ut
2183 569 2296 624 supra
2329 575 2464 631 depu-

1426 625 1553 675 tatis,
1583 624 1743 666 fuerant
1775 623 2005 680 conliguata
2029 653 2044 676 ,
2074 626 2114 667 δε
2139 639 2355 682 propterea
2381 644 2463 674 tam

1424 683 1531 724 dieta
1549 682 1671 724 rubea
1688 684 1861 726 ducenta
1882 682 2054 738 elargita
2070 711 2084 734 ,
2116 689 2237 740 quam
2251 686 2347 731 aliis
2365 703 2462 743 quo·

328 737 571 797 Apostolicae
587 735 1361 794 Legatorumjurisdiftioneffuperiori·
1420 753 1503 795 quo
1525 741 1648 781 modo
1679 755 1753 796 per
1768 741 1984 798 ipsummet
2005 742 2296 794 Cardinalem,
2330 759 2374 787 ac
2404 746 2467 789 di·

331 810 420 844 tate
433 826 448 850 ‚
467 795 694 844 vilitatione
709 821 724 844 ,
748 797 1030 848 correctione,
1051 806 1368 852 computorum,

329 861 370 902 δι
390 855 660 912 expensarum
675 881 689 905 ‚
717 854 889 897 aliorum
903 868 1240 912 quorumcunque
1259 856 1365 896 revi-

328 919 440 960 ssone
463 923 726 971 exemptum,
755 916 973 957 &omnino
987 914 1189 966 liberum,
1219 915 1257 955 δι
1273 927 1364 956 cum

334 974 613 1020 reservatione
639 973 871 1016 omnimoda
883 970 1228 1031 Jurispatronatfis
1245 971 1362 1014 Dile-

332 1039 399 1078 eto
428 1033 533 1076 Filio
549 1031 685 1075 nostro
706 1032 887 1074 Antonio
913 1032 1162 1080 Barberino,
1178 1032 1365 1074 Diacono

332 1091 570 1142 cardinali,
587 1089 721 1133 nostro
746 1089 963 1133 secundum
979 1104 1143 1133 carnem
1154 1103 1205 1132 ex
1224 1092 1363 1133 Fratre

335 1164 532 1209 germano
546 1148 728 1205 Nepoti,
760 1149 800 1189 δι
820 1149 906 1203 post
929 1147 1018 1204 ejus
1038 1150 1198 1191 obitum
1212 1175 1226 1196 2
1255 1148 1372 1191 Dile-

333 1214 400 1254 fto
417 1209 522 1253 Filio
540 1208 677 1250 nostro
696 1205 911 1249 Francisco
927 1208 1167 1259 Barberino,
1184 1209 1370 1250 Diacono

333 1266 567 1318 cardinali,
583 1266 739 1324 pariter
764 1264 897 1308 nostro
910 1264 1127 1310 secundum
1143 1280 1306 1309 carnem
1319 1279 1372 1308 ex

333 1330 478 1373 Fratre
492 1327 699 1369 Germano
714 1326 885 1381 Nepoti,
900 1323 926 1367 si
942 1324 1002 1367 illi
1017 1322 1286 1381 supervixerit
1302 1352 1316 1375 ,
1331 1327 1371 1366 &

333 1395 534 1445 quatenus
545 1398 626 1427 non
642 1383 914 1438 supervixerit
927 1411 942 1435 ,
954 1397 1000 1426 ac
1016 1385 1140 1426 etiam
1155 1385 1239 1440 post
1255 1383 1363 1431 illius

334 1445 496 1489 obitum
527 1444 688 1489 Dilecto
715 1442 818 1486 Filio
840 1473 861 1494 ,‚
888 1442 1025 1486 Nobili
1056 1444 1163 1484 Viro
1184 1443 1362 1486 Thadaeo

336 1503 568 1548 Barberino
594 1531 608 1554 ‚
647 1501 775 1544 Atmae
805 1502 929 1550 Urbis
968 1501 1106 1544 nostrae
1144 1500 1362 1554 Praefeao,

336 1562 520 1618 Principi
545 1560 784 1604 Praeneflino
811 1590 828 1612 ,
859 1559 1041 1603 similiter
1060 1560 1196 1603 nostro
1219 1561 1360 1604 secun-

337 1622 438 1665 dum
453 1634 615 1663 carnem
644 1633 694 1661 ex
710 1621 854 1661 Fratre
872 1622 1084 1663 Germano
1100 1621 1284 1676 Nepoti,
1319 1635 1365 1663 ac

339 1680 456 1723 illius
488 1676 773 1722 succefforibus
805 1680 954 1730 modo,
984 1679 1029 1719 δι-
1051 1676 1182 1721 forma
1199 1709 1219 1730 ,
1246 1690 1366 1735 prout

333 1736 443 1783 infra
471 1738 511 1780 in
527 1734 731 1793 Capitulis
755 1735 859 1779 inser
877 1737 913 1779 -is
941 1736 1166 1791 disponitur
1193 1764 1208 1785 2
1241 1739 1279 1780 in
1301 1753 1370 1780 ea-

333 1798 434 1841 dem
457 1797 645 1839 Civitate
665 1792 840 1839 Affifien.
874 1796 926 1837 ub
945 1795 1179 1850 gubernio,
1203 1798 1371 1854 regimi-

335 1870 391 1902 ne
412 1884 429 1909 ,
458 1856 499 1897 δε
526 1852 868 1898 administratione
894 1854 1066 1897 duorum
1081 1856 1244 1905 Civium
1270 1855 1372 1911 ejus-

335 1915 434 1958 dem
454 1913 650 1959 Civitatis
673 1910 853 1956 Affifien.
875 1913 988 1955 unius
1014 1913 1207 1958 videlicet
1228 1914 1371 1957 Eccle-

337 1973 483 2017 fiasti'ci
505 2002 520 2026 ‚
550 1975 589 2015 &
616 1973 791 2015 alterius
813 1973 1045 2024 Saecularis,
1076 1986 1154 2015 nec
1184 1987 1262 2015 non
1277 1977 1373 2016 Pro·

337 2031 527 2077 vincialis
550 2061 564 2084 ‚
596 2045 670 2088 pro
699 2042 886 2087 tempore
913 2032 1117 2075 existentis
1141 2059 1156 2082 ‚
1188 2035 1373 2075 Fratrum

338 2091 512 2135 Ordinis
539 2091 745 2134 Minoi-um
773 2091 1122 2134 Sannifrancisci
1144 2093 1376 2148 Capucino·

334 2166 434 2196 ¹rum
449 2161 783 2207 nuncupatorum
792 2150 1016 2193 Provinciae
1029 2149 1205 2195 Umbria:
1218 2179 1232 2201 ,
1254 2166 1376 2207 quan,-

337 2210 395 2253 do
427 2210 465 2252 in
485 2212 616 2252 Domo
631 2208 824 2263 Regulari
844 2211 884 2250 S.
903 2208 1070 2250 Antonii
1090 2208 1202 2250 dieiae
1215 2210 1377 2251 Civita—

337 2270 393 2312 tis
411 2267 588 2321 affine-n,
608 2265 676 2311 seu
687 2275 803 2308 extra
817 2265 963 2308 dietam
979 2267 1207 2310 Civitatem
1222 2267 1262 2308 in
1282 2267 1376 2310 loco

342 2327 456 2370 dieto
480 2327 515 2368 le
542 2326 790 2375 carcerale,
829 2324 1150 2367 commorabitur
1175 2337 1190 2376 ;
1217 2326 1270 2366 sin
1299 2326 1374 2367 mi-

338 2399 412 2431 nus
430 2414 445 2436 ,
476 2383 646 2430 alterius
661 2380 826 2425 Profeffi
850 2382 1082 2427 Sacerdotis
1097 2381 1276 2439 ejusdem
1293 2386 1374 2428 Re·-

339 2443 509 2500 ligionis
529 2444 567 2484 in
584 2442 705 2484 dietis,
720 2442 915 2483 Domibus
940 2441 1261 2492 commorantis,
1287 2443 1326 2483 δι
1348 2443 1372 2486 ὲ,

339 2503 509 2559 praesato
539 2499 784 2543 Provinciali
818 2500 854 2544 in
883 2500 938 2543 sui
967 2500 1059 2546 loco
1086 2513 1161 2556 pro
1185 2510 1371 2558 tempore

335 2563 414 2605 suae
432 2558 623 2602 absentiae
636 2557 891 2612 deputandi.

400 2618 563 2663 Idcirco
580 2633 652 2673 pro
669 2614 848 2674 ejusdem
867 2618 1021 2660 Montis
1046 2620 1251 2661 erectione
1267 2617 1374 2660 idem

344 2678 481 2736 primo
504 2677 635 2726 dictus
663 2675 896 2718 cardinalis
912 2678 1115 2718 Antonius
1136 2677 1235 2720 emit
1261 2690 1379 2718 unam

343 2740 535 2779 Domum>
565 2737 601 2776 in
623 2735 765 2779 eadem
794 2736 1003 2784 Civitate,
1037 2733 1145 2790 juxta
1169 2734 1232 2777 sua
1259 2733 1380 2777 notis·

339 2797 435 2838 sima
467 2792 639 2836 confinia
669 2793 780 2835 fitam
808 2820 822 2841 a
863 2795 886 2837 a
912 2792 1071 2835 Dilecto
1096 2794 1199 2835 Filio
1226 2792 1375 2834 Nostro

334 2855 451 2911 Joan.
471 2852 644 2908 Baptista
659 2852 795 2893 Cioffo
809 2880 823 2902 ‚
848 2851 1047 2906 quondam
1066 2851 1233 2894 Antonii
1250 2848 1372 2892 cioffi

344 2906 526 2956 Alfifien.
563 2920 684 2966 prout
719 2910 759 2951 in
795 2909 1061 2951 instrumento
1094 2908 1268 2964 desuper
1307 2907 1374 2948 sub

342 2972 413 3014 die
427 2982 494 3019 27.
522 2967 723 3011 Novemb.
755 2967 874 3020 1633.
894 2967 1103 3010 celebrato
1117 2996 1131 3018 ,
1147 2968 1304 3022 plenius
1318 2966 1375 3007 di—

341 3033 452 3073 citur
482 3025 711 3072 contineri,
750 3027 1008 3080 Domumque
1036 3025 1259 3080 hujusmodi
1279 3038 1375 3066 cum

344 3087 531 3131 omnibus
563 3084 823 3141 pertinentiis
857 3081 964 3132 suis,
994 3084 1045 3125 ad
1068 3083 1254 3126 effectum
1276 3098 1371 3138 prae-

342 3143 432 3190 fatae
464 3143 677 3188 erectionis
707 3170 722 3193 ,
759 3141 894 3183 multis
920 3140 1103 3197 impenlis
1133 3142 1372 3184 accomoda·

341 3217 454 3253 tam,
488 3202 701 3245 destinavit
729 3229 743 3251 ,
781 3199 995 3254 deputavit
1017 3228 1032 3250 ‚
1070 3201 1109 3240 &
1136 3199 1372 3255 affignavit,

339 3262 554 3321 operisque
578 3260 642 3303 seu
660 3260 811 3301 Montis
826 3258 1019 3300 antedissi
1033 3258 1340 3300 Gubernatores
1355 3289 1369 3313 ,

341 3326 545 3367 nectores
576 3350 590 3371 ,
638 3321 676 3360 &
708 3317 1064 3360 Administratores
1090 3315 1234 3371 (ultra
1267 3318 1368 3358 Pro·

340 3381 564 3424 vincialem
580 3407 593 3429 ‚
624 3377 688 3420 seu
704 3377 824 3419 alium
840 3402 853 3421 ,
881 3377 929 3416 ab
943 3374 1092 3416 eodem
1111 3375 1365 3418 provinciale

341 3439 619 3496 deputandum
659 3438 698 3477 in
725 3434 875 3489 casu-h)
906 3432 955 3476 ad
980 3433 1201 3475 trienniuin
1229 3434 1365 3488 proxi·

341 3510 454 3543 mum
485 3498 700 3539 duraturos
727 3523 741 3545 ‚
777 3494 954 3535 Dilenos
981 3491 1101 3533 filios
1130 3492 1366 3534 Gabrielem

343 3556 606 3601 Confidatum
623 3583 636 3605 ,
674 3554 855 3595 Priorem
884 3549 1067 3594 Ecclefiae
1094 3549 1269 3592 Assilien.
1287 3579 1302 3601 ‚
1327 3551 1367 3590 &

344 3616 570 3658 Antonium
598 3613 844 3669 Angelinum
872 3611 1020 3653 Civem
1048 3608 1215 3651 Amnen.
1239 3608 1363 3662 depu-

342 3671 478 3721 tavit,
506 3673 731 3714 nominavit
756 3701 771 3722 ,
798 3673 837 3711 &
862 3669 1017 3711 creavit
1045 3681 1136 3709 cum
1168 3664 1368 3709 infrascri-

346 3731 424 3787 ptis
439 3731 560 3784 pactis
574 3759 589 3781 ,
623 3733 664 3772 δι
680 3730 885 3788 Capitulis
898 3758 912 3783 2
925 3730 965 3772 δι
980 3740 1058 3771 non
1076 3725 1173 3773 alias
1188 3753 1203 3778 ‚
1229 3724 1367 3778 aliter,

346 3803 421 3832 nec
437 3787 518 3830 alio
535 3787 679 3831 modo.

460 3848 563 3890 Tom.
582 3848 634 3889 11.

1428 797 1480 839 ἂί
1499 798 1651 841 Montis
1667 815 1742 855 pro
1769 811 1960 855 tempore
1989 801 2210 843 Pati-onum
2226 831 2242 853 ,
2275 801 2468 857 imposte-

1426 870 1515 898 rum
1537 857 1771 912 elargienda
1797 887 1811 910 ‚
1843 870 1908 901 aut
1946 859 2212 914 pecuniarum
2247 859 2466 915 affignatio-

1427 930 1518 958 nem
1537 915 1764 958 faciendam
1777 943 1790 964 ‚
1821 916 1999 974 ejusdem
2018 918 2254 960 Cardinalis
2270 919 2465 963 mandato

1423 973 1610 1016 custodiri
1628 977 1665 1016 in
1682 975 1843 1029 praefata
1861 978 1994 1018 Domo
2008 985 2145 1031 empta
2158 1003 2171 1026 ,
2191 977 2231 1017 δε
2246 977 2295 1018 ad
2312 977 2467 1020 dietum

1425 1031 1534 1075 usum
1562 1033 1829 1076 accomodata
1859 1034 2068 1077 deberent
2100 1033 2223 1077 modo
2249 1036 2289 1076 δι
2310 1034 2437 1079 forma
2455 1065 2471 1090 ,

1423 1093 1566 1147 quibus
1595 1093 1633 1134 in
1652 1091 1917 1149 infrascriptis
1933 1092 2135 1149 Capitulis
2152 1092 2377 1149 disponitur
2401 1107 2415 1136 ε

1704 1153 1883 1194 Articuli
1906 1156 2166 1195 omittuntur
2182 1181 2194 1192 .

1487 1212 1573 1252 Nos
1600 1209 1820 1253 inviolabili
1852 1208 2134 1266 praemilsorum
2164 1208 2350 1253 firmitati
2384 1237 2399 1260 ,
2429 1211 2470 1252 &

1430 1265 1679 1311 subfinentiae
1693 1298 1707 1320 ,
1727 1281 2014 1326 perpetuaeque
2028 1268 2296 1313 observantia
2311 1298 2325 1322 ‚
2341 1284 2471 1326 quan-

1430 1335 1514 1368 tum
1550 1328 1678 1371 Nobis
1708 1343 1757 1371 ex
1794 1329 1881 1373 alto
1905 1329 2148 1372 conceditur
2174 1356 2188 1379 ,
2231 1329 2468 1385 opportune

1425 1385 1645 1440 providere
1677 1386 1864 1430 volentes
1886 1416 1899 1439 ,
1945 1391 2065 1430 Motu
2095 1387 2263 1442 proprio
2294 1415 2309 1439 ,
2341 1388 2382 1429 δι
2411 1401 2462 1430 ex

1424 1454 1537 1487 certa
1565 1444 1729 1487 scientia
1746 1474 1759 1497 ‚
1790 1449 1830 1488 δι
1856 1445 2011 1489 matura
2031 1446 2360 1498 deliberatione,
2387 1445 2468 1488 de-

1422 1515 1501 1558 que
1527 1503 1764 1558 Apostolicae
1796 1506 2001 1559 potestatis
2017 1505 2277 1559 plenitudine
2296 1506 2470 1560 Capitu-

1423 1561 1459 1603 la
1475 1561 1702 1617 praeinserta
1738 1563 1960 1619 hujusmodi
1986 1591 2000 1613 ‚
2033 1562 2194 1619 aliaque
2225 1565 2393 1614 omnia,
2427 1565 2467 1605 δε

1428 1619 1576 1676 lingula
1606 1634 1674 1674 per
1697 1622 1887 1663 eumdem
1905 1624 2130 1664 Antonium
2160 1622 2467 1664 Cardinalem)

1429 1693 1510 1735 pro
1530 1679 1638 1721 disto
1658 1682 1802 1722 Monte
1817 1679 2056 1723 stabiliendo
2072 1711 2088 1732 ,
2121 1682 2160 1722 &
2183 1679 2269 1733 ejus
2301 1681 2468 1723 conser-

1433 1738 1626 1789 vatione,
1659 1735 1850 1796 felicique
1874 1739 2101 1795 gubernio,
2132 1738 2335 1795 utsupra,
2364 1741 2465 1790 asta,

1432 1798 1472 1838 δι
1497 1796 1682 1840 ordinata
1709 1812 1954 1855 quaecunque
1983 1826 1995 1838 .
2029 1827 2040 1837 .
2072 1827 2084 1839 .
2111 1828 2121 1840 .
2150 1827 2160 1838 .
2187 1808 2336 1841 tenore
2371 1811 2471 1853 prae-

1433 1854 1602 1898 sentium
1628 1861 1829 1912 perpetuo
1853 1857 2120 1914 approbamus
2134 1853 2152 1905 ’ς
2185 1857 2225 1898 δι
2249 1855 2465 1898 confirma-

1430 1928 1549 1966 mus,
1579 1914 1734 1971 illisque
1761 1917 2011 1959 inviolabilis
2025 1915 2264 1972 Apostolicae
2293 1913 2467 1957 firmita-

1436 1975 1488 2015 tis
1506 1974 1628 2015 robur
1644 1974 1848 2031 adiicimus
1863 2005 1877 2027 ,
1891 1991 1935 2020 ac
1947 1990 2089 2018 omnes
2104 2004 2117 2027 ‚
2143 1976 2181 2016 δι
2196 1974 2367 2029 fingulos
2382 1985 2464 2015 tam

1434 2031 1558 2087 jur-is,
1580 2032 1698 2088 quam
1727 2031 1847 2085 fasti,
1872 2049 1920 2077 ac
1954 2035 2252 2077 solemnitatum
2281 2046 2466 2088 quarum·

1436 2103 1597 2145 cunque
1636 2090 1690 2133 de
1729 2090 1845 2145 jure,
1883 2092 1952 2135 usu
1977 2120 1992 2144 ,
2036 2091 2358 2141 consuetudine,
2396 2098 2467 2131 aut

1434 2149 1531 2192 alias
1561 2149 1868 2206 quomodolibet
1893 2151 2198 2206 requilitarum,
2224 2151 2263 2190 &
2288 2146 2469 2190 neceffa-

1440 2208 1588 2250 riarum
1603 2236 1617 2259 ‚
1639 2210 1677 2249 &
1690 2206 1913 2251 omill'arum
1929 2238 1942 2259 ,
1971 2210 2011 2250 δι
2025 2210 2183 2264 quosvis
2200 2208 2297 2251 alios
2312 2235 2326 2257 ,
2340 2209 2464 2248 etiam

1435 2267 1690 2322 quantumvis
1712 2267 1985 2310 substantiales
2010 2267 2190 2309 defectus
2209 2296 2224 2318 ,
2256 2265 2280 2307 fi
2303 2266 2371 2321 qui
2392 2266 2469 2307 de·

1435 2328 1552 2381 super
1588 2325 1896 2381 quomodolibet
1925 2327 2229 2369 intervenerint
2255 2350 2286 2373 ‚.
2306 2335 2373 2365 aut
2403 2326 2467 2366 in-

1434 2386 1642 2426 tervenire
1666 2384 1773 2433 dici,
1801 2385 1865 2427 vel
1893 2384 2085 2441 praetendi
2110 2385 2279 2440 possint,
2311 2383 2465 2426 etiamst

1433 2442 1628 2485 talessrnt
1653 2443 1717 2486 vel
1744 2440 1923 2495 fuerint,
1953 2455 1998 2486 ut
2019 2443 2151 2500 quoad
2174 2442 2358 2486 effeetus„
2390 2449 2464 2484 va'·

1433 2501 1606 2544 liditatis
1634 2497 1916 2558 praemifforum
1950 2499 2171 2545 necessario
2201 2499 2457 2554 exprimendi

1436 2558 1563 2603 effent
1588 2589 1601 2611 ‚
1628 2560 1856 2617 supplemus
1882 2588 1895 2612 ,
1927 2560 2108 2603 sanamus
2129 2587 2144 2611 ,
2178 2558 2392 2610 tollimus,
2420 2559 2462 2599 δε

1436 2620 1698 2674 abrogamus.
2251 2619 2254 2623 “

1503 2679 1554 2719 Er
1579 2677 1837 2718 nihilominus
1872 2689 1947 2730 pro
1970 2675 2116 2730 potiori
2148 2673 2305 2716 cautela
2338 2673 2458 2714 Mon-

1440 2745 1523 2776 tem
1540 2736 1707 2775 Pietatis
1735 2733 1957 2786 hujusmodi
1980 2734 2017 2773 in
2047 2733 2150 2774 dicta
2163 2733 2375 2781 Civitate‚
2407 2730 2458 2772 ab

1434 2794 1542 2834 omni
1558 2791 1764 2834 Ordinarii
1781 2791 2089 2846 Metropo'itani
2104 2821 2119 2842 ‚
2151 2805 2198 2833 ac
2218 2791 2329 2833 sedis
2347 2792 2460 2844 Apo-

1433 2851 1577 2893 stolicae
1589 2853 1830 2904 Legatorum
1845 2849 2138 2905 jurisdictione,
2163 2848 2458 2903 superioritate,

1435 2908 1661 2951 visitatione
1690 2937 1702 2959 ,
1732 2919 2013 2961 computorum
2036 2934 2051 2957 ,
2094 2910 2133 2950 δι
2163 2905 2454 2964 expensarum,

1432 2982 1478 3009 ac
1519 2968 1694 3009 aliorum
1732 2979 2064 3022 quorumcunque
2093 2966 2290 3007 revifione
2316 2978 2457 3005 exem-

1435 3037 1546 3081 ptum
1569 3055 1583 3076 ,
1608 3027 1645 3066 &
1669 3026 1832 3067 omnino
1864 3024 2064 3070 liberum,
2091 3026 2129 3065 &c
2155 3037 2249 3065 cum
2277 3022 2454 3064 reserva-

1436 3086 1547 3126 tione
1565 3084 1903 3140 Jurispatronatus
1920 3110 1933 3132 ,
1969 3080 2079 3136 juxta
2108 3081 2411 3135 dispolitionem'
2431 3076 2454 3119 Δ

1435 3143 1543 3185 disto
1570 3143 1746 3183 Antonio
1772 3139 2022 3191 Cardinale‚
2057 3150 2101 3182 ut
2133 3138 2374 3195 praefertur,
2398 3137 2454 3178 sa-

1433 3205 1534 3243 etam
1560 3230 1572 3251 ,
1603 3215 1693 3243 cum
1727 3199 1910 3241 omnibus
1939 3225 1953 3245 ,
1985 3200 2025 3240 δι
2060 3198 2219 3255 lingulis
2251 3194 2453 3250 Capitulis

1430 3260 1599 3315 praefatis
1623 3260 1810 3311 erig³mus
1827 3285 1841 3308 ‚
1869 3259 1908 3298 δε
1934 3268 2147 3312 propterea
2170 3255 2295 3296 Μυηῐί
2322 3252 2455 3307 liujus-

1431 3318 1566 3368 modi,
1600 3315 1786 3370 illiusque
1812 3316 2032 3365 bonorum,
2064 3327 2195 3355 rerum
2215 3340 2228 3362 ‚
2253 3310 2452 3367 &jurium

1427 3388 1764 3432 quorumcunque
1784 3366 2109 3418 conservationi,
2138 3384 2212 3411 nec
2244 3383 2321 3412 non
2358 3369 2453 3411 illo-

1429 3449 1544 3484 rum,
1572 3449 1615 3477 ac
1645 3437 1973 3487 Deputatorum,
2006 3428 2303 3470 &officialmm
2334 3427 2450 3482 ipsius

1429 3494 1581 3535 Montis
1621 3506 1693 3548 pro
1726 3502 1911 3545 tempore
1944 3488 2197 3531 mineorum
2235 3490 2452 3541 prospero,

1429 3550 1620 3605 felicique
1659 3551 1845 3605 regimini
1875 3577 1888 3599 ,
1925 3550 1964 3588 δι
1991 3545 2189 3600 gubernio
2221 3545 2451 3600 opportune

1427 3609 1642 3651 consulere
1655 3609 1839 3650 volentes
1854 3635 1866 3656 ‚
1900 3612 1939 3648 s.
1961 3607 2009 3645 R.
2029 3603 2349 3646 E-Cardinalem
2364 3631 2378 3652 ,
2399 3614 2449 3643 ex

1430 3669 1594 3709 Familia
1625 3668 1755 3709 nostra
1789 3664 1997 3707 Barberina
2028 3690 2042 3711 ,
2084 3660 2198 3716 supro
2222 3672 2447 3716 tempore-2

1426 3726 1591 3776 aderit,
1625 3727 1663 3766 in
1686 3724 1772 3777 ejus
1803 3725 1900 3764 vero
1924 3717 2086 3763 defectu
2108 3720 2321 3763 Praelatum
2345 3715 2447 3770 ejus·

1422 3782 1519 3828 dem
1534 3783 1703 3828 Familia.-
1717 3810 1731 3833 ,
1743 3794 1787 3824 ac
1803 3793 1854 3822 eo
1869 3779 1991 3823 etiam
2006 3778 2243 3830 deficiente,
2259 3789 2380 3873 unna?
2396 3786 2445 3815 ex

1625 3843 1664 3884 R
1686 3857 1714 3887 2.
2287 3849 2350 3890 ⁶1⁰
2371 3856 2388 3862 “
