2710 4108
367 203 533 318 356
1070 195 1606 283 Provincia

300 317 432 360 Nobis
451 316 674 372 expolitum
695 312 770 357 fuit
785 341 799 366 ,
829 311 935 368 quod
964 311 1122 358 Festum
1152 310 1331 354 Dedica-
1390 308 1680 351 committimus
1697 337 1712 361 ,
1741 318 1786 353 ut
1802 309 1958 353 Festum
1974 305 2257 351 Dedicationis
2271 308 2418 353 Eccle-

297 375 419 418 tionis
436 373 622 420 Ecclefiae
645 375 777 417 Beatae
793 371 931 415 Mariae
947 372 1124 425 Virginis
1140 370 1193 412 de
1207 373 1330 425 Saga·
1389 368 1448 410 fiae
1463 367 1656 425 praeditstae
1668 367 1707 412 in
1718 369 1840 415 alium
1856 366 2152 422 diem‚Popu10
2167 367 2420 411 commodio-

297 433 432 491 'gnoin
453 433 608 477 Rhaetia
624 461 638 485 ,
655 430 693 475 in
712 432 780 477 die
795 429 949 484 Populo
968 428 1087 474 valde
1103 429 1323 471 incommo—

292 491 349 543 da
363 491 622 547 celebratur3
652 504 779 548 quare
807 488 934 533 Nobis
954 488 1161 531 humiliter
1177 486 1327 542 suppli-

292 544 381 593 ⁵cari
397 547 494 597 fecit
507 578 521 603 ,
555 559 597 595 ut
615 551 653 590 in
670 548 865 605 praemiffis
887 546 1118 602 opportune
1135 543 1325 601 provide-

297 619 371 655 re,
402 607 454 650 de
481 609 736 663 benignitate
762 606 996 663 Apostolica
1034 606 1324 662 dignaremur.

295 666 384 708 Nos
409 667 533 722 igitur
561 668 786 720 Irenaeum,
816 679 862 708 ac
877 663 1079 720 Populum
1096 662 1325 718 praedictum

294 723 530 777 specialibus
550 727 628 771 &c.
649 723 837 768 volentes
851 753 865 776 ,
896 725 1091 767 &eorum
1104 720 1321 777 fingulares

297 780 489 830 Personas
503 786 526 829 ὲ
545 781 748 840 quibusvis
762 785 839 828 &c-
851 781 1064 826 censentes
1080 808 1095 835 ,
1122 776 1322 836 hujusmo-

296 838 341 882 di
355 838 709 899 supplicationibus
724 841 905 885 inclinati
922 869 935 892 ,
950 840 1000 884 de
1016 838 1323 883 Venerabilium

293 899 479 945 Fratrum
497 900 740 944 Nostrorum
764 902 802 944 S.
822 901 874 943 R.
890 900 938 944 E.
955 898 1234 944 Cardinalium
1250 910 1323 939 ne-

295 958 417 1016 gotiis
436 958 696 1016 propagandae
713 958 825 1001 Fidei
853 957 1076 1001 Catholicae
1091 954 1316 1013 praeposito-

294 1030 382 1063 rum
396 1017 557 1062 consilio
571 1047 585 1072 ,
615 1017 875 1064 fraternitati
901 1018 997 1062 Tuae
1014 1030 1086 1075 per
1099 1012 1313 1075 praesentes

1064 1141 1284 1212 N.O

1385 441 1474 470 rem
1489 455 1503 479 ‚
1517 428 1757 474 austeritate
1771 427 2002 483 Apostolica
2018 454 2032 477 ,
2049 422 2275 468 transferas
2288 455 2300 467 .
2320 429 2415 470 Non

1384 486 1630 530 obstantibus
1640 487 1836 543 praemiffis
1849 515 1863 537 ,
1894 500 1940 527 ac
1959 484 2326 528 constitutionibus
2339 512 2354 536 ,
2369 487 2410 527 8ε

1385 543 1720 590 Ordinationibus
1749 543 1988 603 Apostolicis
2012 572 2026 595 ,
2057 542 2289 600 ceterisque
2314 556 2417 588 con·

1385 604 1518 647 trariis
1546 601 1864 661 quibuscumque
1888 632 1899 644 .
1933 605 2085 645 Datum
2123 605 2263 645 Roma:
2303 601 2415 658 apud

1385 664 1571 706 Sannum
1597 666 1765 706 Petrum
1779 662 1847 707 sub
1863 661 2031 704 Annulo
2045 661 2261 704 Piscatoris
2282 660 2351 703 die
2375 673 2414 702 v.

1382 721 1523 763 Martii
1555 734 1769 765 mocxxxv.
1807 718 2070 765 Pontificatus
2109 721 2245 765 Nostri
2289 721 2413 764 Anno

1382 778 1630 825 duodecimo
1646 808 1659 822 .

1890 898 1953 941 M.
1970 897 2022 938 A.
2037 892 2248 940 Maraldus
2265 923 2278 937 .

1436 1017 1535 1058 Aut.
1550 1018 1593 1059 in
1614 1013 1847 1070 Reg‚praed.

1378 1142 1624 1209 TA.

293 1297 511 1343 Suecinftam
532 1297 574 1334 de
589 1294 672 1333 Vita
696 1292 808 1331 PatrIs
831 1293 947 1331 lrenaei
970 1291 1275 1340 supramemorati,
1301 1296 1336 1330 δι
1364 1292 1473 1332 Patris
1500 1292 1629 1340 Ignatii
1653 1292 1687 1329 in
1706 1291 1822 1330 officio
1844 1291 2032 1341 SuperioriS
2053 1290 2253 1330 Mtffionum
2278 1291 2420 1331 Succes-

305 1342 309 1344 ’
339 1348 422 1387 soris
442 1371 455 1392 ‚
479 1346 597 1386 Nobis
620 1343 747 1392 ptaebet
771 1341 975 1392 inscriptio,
999 1342 1141 1390 Imagini
1163 1340 1239 1392 ejus
1265 1344 1302 1380 in
1325 1344 1515 1382 Conventu
1539 1341 1677 1382 Brixiae
1698 1341 1749 1380 ita
1770 1341 1946 1390 apposita:

383 1452 588 1493 Everendur
611 1450 719 1490 Pater
742 1448 888 1488 lrenaeur
905 1447 926 1486 ὰ
955 1448 1071 1499 Casuli
1092 1449 1242 1492 Mauro,
1251 1450 1339 1500 ficut
1362 1463 1430 1487 non
1455 1449 1599 1499 vulgara·
1625 1448 1770 1486 vIvendt'
1781 1446 1866 1500 stylo
1892 1448 2069 1496 consuetur
2083 1473 2095 1492 ,
2116 1449 2168 1485 ita
2188 1458 2250 1483 nec
2263 1436 2415 1495 bulgari

292 1455 379 1543 R
401 1503 570 1553 praconio
595 1497 838 1540 celehrandus.
862 1498 933 1536 Per
952 1499 1095 1538 duorum
1112 1499 1222 1547 fiepra
1244 1499 1480 1584 ‘quadraginta
1498 1510 1666 1535 annorum
1681 1498 1857 1537 curricula
1870 1497 1965 1534 incer
1978 1495 2116 1535 Rhaetor
2134 1496 2291 1544 versatus
2305 1520 2316 1536 .
2341 1498 2417 1533 Sa·

287 1554 419 1603 perior?
437 1551 547 1599 prImo
569 1550 608 1585 in
634 1547 734 1598 officio
745 1546 930 1594 succedens
943 1570 956 1592 ‚
989 1546 1222 1586 orthodoxam
1269 1548 1357 1584 idem
1372 1573 1383 1592 ‚
1402 1547 1634 1597 propemodum
1652 1546 1825 1594 collapsam
1846 1570 1855 1585 ‚
1887 1546 2043 1583 maximis
2066 1545 2234 1594 sudorum
2270 1543 2418 1593 impensis

287 1600 365 1652 resti
375 1601 468 1646 tuit,
496 1599 676 1637 roboravit
690 1622 700 1639 ‚
721 1594 925 1643 ampliavit,
949 1607 1016 1631 non
1045 1595 1155 1633 minin
1177 1598 1331 1633 oracione
1344 1622 1356 1641 ‚

1377 1598 1420 1639 &¹
1439 1597 1600 1633 crumnis
1615 1620 1628 1639 ‚
1649 1594 1750 1644 quom
1767 1594 1881 1644 studio
1893 1621 1903 1637 ,
1929 1595 1972 1636 ὼ·
1984 1591 2138 1631 ᾰοὲἲνὶηα
2155 1592 2412 1635 ,hareticorum

293 1649 415 1688 multos
439 1657 508 1686 tam
531 1645 705 1695 publicis,
745 1642 846 1692 qucim
863 1645 1018 1692 privatis
1043 1644 1326 1682 altercationibus
1364 1647 1538 1689 convicit,
1574 1656 1688 1682 eorum
1727 1644 1892 1686 malleus,
1924 1642 2046 1691 absque
2069 1642 2194 1690 rapina
2216 1640 2344 1678 ditius.
2370 1640 2416 1679 Si

292 1698 462 1748 plur-imur
481 1695 555 1745 ejus
587 1695 740 1731 virtum
755 1715 767 1736 ,
789 1692 1020 1741 praeclaraque
1038 1693 1129 1743 gesta
1158 1690 1242 1743 noffe
1270 1695 1390 1741 capis,
1418 1694 1581 1743 Empyrea
1614 1694 1746 1742 consule
1770 1693 1884 1744 astra:
1908 1691 2046 1728 diutino
2074 1690 2237 1738 languore
2254 1713 2268 1733 ,
2288 1690 2328 1725 in
2349 1698 2415 1738 quo

299 1744 458 1784 mirabili
479 1744 653 1794 patientia
679 1740 796 1792 effulzt
810 1768 820 1783 ,
843 1742 1029 1790 consalta,
1050 1741 1067 1777 ἑ
1092 1742 1198 1779 terris
1214 1741 1400 1789 sublatus,
1426 1747 1563 1782 aeternis
1573 1742 1760 1789 sociandus
1776 1766 1789 1786 ,
1810 1741 1896 1778 obiit
1925 1741 1964 1776 u’n
1989 1738 2173 1777 Conventa
2195 1738 2326 1776 Brixia
2354 1738 2412 1775 die

298 1794 415 1835 oslava
439 1792 550 1845 {funii
576 1791 684 1833 Anno
711 1790 744 1828 C
766 1788 838 1840 rista·
863 1789 963 1828 1681.
983 1793 1095 1830 aetatis
1108 1789 1181 1839 sua
1208 1802 1298 1827 anno
1321 1795 1378 1831 80.
1403 1790 1596 1842 Religionis
1622 1790 1703 1828 vero
1729 1803 1783 1841 59.

287 2127 636 2183 Conceffionem
693 2126 800 2178 fitt‘is
846 2126 904 2179 ad
947 2127 1319 2184 Monasterium...

357 2196 432 2249 seu
450 2198 698 2250 Abbatiam
718 2198 996 2251 &mdiorum
1014 2200 1224 2252 Gervafii
1239 2238 1255 2260 ,
1270 2202 1319 2254 (Sc

353 2268 573 2322 Prothasii
591 2266 824 2337 specstantis
838 2305 853 2329 ,
867 2287 951 2338 pro
966 2270 1224 2339 amplianda
1243 2291 1321 2323 no-

354 2358 414 2389 va
435 2339 622 2389 Fabrica
636 2342 906 2391 Conventus
923 2340 1179 2401 Brixienfis,
1193 2358 1320 2398 extra

354 2408 536 2463 Urbem
554 2446 570 2471 ,
603 2411 824 2461 ratihabet
840 2448 851 2464 .

284 2539 781 2598 URBANUS
853 2542 1061 2595 PAPA
1134 2545 1318 2599 VIII.

490 2655 759 2714 Adfaturam
785 2657 845 2701 rei
867 2662 1115 2704 memoriam.

280 2774 520 2932 EXponi
546 2774 675 2817 Nobis
693 2789 820 2832 nuper
843 2773 1031 2820 fecerunt
1055 2776 1205 2822 Dileeti
1223 2779 1313 2822 Filii

299 2907 317 2932 C

413 2835 575 2877 Fratres
603 2834 769 2877 Ordinis
787 2835 989 2879 Minorum
1013 2838 1143 2879 Sancti
1161 2838 1325 2881 Franci·

330 2895 340 2934 i
378 2893 683 2948 Capucinorum
728 2904 1054 2949 nuncupatorum
1095 2897 1318 2939 Provinciae

282 2949 493 2995 Brixienfis
512 2980 525 3002 ,
556 2951 663 3008 quod
682 2952 879 3008 aliasipfis
907 2953 927 2995 a
958 2964 1053 2997 tunc
1080 2956 1313 3000 existent&

283 3007 486 3065 Episcopo
500 3011 755 3066 Bergomenli
768 3038 782 3059 ,
814 3012 977 3066 quidam
991 3012 1084 3055 fitus
1097 3010 1214 3070 super
1225 3029 1314 3058 cer·-

281 3079 324 3109 to
340 3068 560 3110 monticulo
575 3097 588 3119 ,
619 3069 823 3124 spectante
839 3071 888 3112 ad
903 3072 1189 3116 Monasterium
1203 3100 1218 3120 ,
1236 3071 1316 3117 Ab·

284 3125 394 3169 batia
420 3139 697 3181 nuncupatum
716 3157 729 3178 ,
774 3131 1011 3172 sanctorum
1038 3131 1250 3183 Gervafii,
1277 3133 1317 3177 ὃς

280 3185 507 3236 Prothasti,
538 3185 645 3240 quod
676 3187 857 3230 Dilectus
875 3188 998 3233 Filius
1014 3189 1192 3233 Annibal
1207 3193 1313 3233 Ben-

280 3243 459 3295 tivolus,
492 3244 685 3287 Clericus
718 3246 942 3289 Ferrarien.
983 3248 1033 3289 ad
1074 3248 1244 3304 praesens
1272 3250 1312 3292 in

282 3301 580 3347 commendam
596 3331 610 3354 ,
643 3304 692 3347 ad
712 3304 764 3346 sui
784 3305 936 3352 viram,
969 3320 1017 3350 ex
1034 3306 1312 3360 conceffione,

281 3361 321 3401 &
344 3358 635 3416 dispensatione
665 3362 891 3417 Apostolica
913 3363 1101 3417 obtinet,
1131 3366 1181 3409 ad
1213 3366 1312 3408 effe-

283 3421 391 3461 &um
408 3419 503 3460 inibi
523 3435 645 3463 unum
659 3424 930 3466 Conventum
950 3422 1044 3466 dicti
1060 3425 1223 3469 Ordinis
1237 3424 1315 3480 jam
1334 3427 1338 3430 ”

279 3476 488 3533 inceptum
529 3477 752 3526 fabricandi
788 3478 995 3524 concessus
1039 3481 1142 3536 fuit,
1174 3487 1313 3528 verum

286 3548 376 3591 quia
405 3535 493 3577 situs
514 3538 740 3593 hujusmodi
760 3537 851 3581 satis
876 3540 1060 3593 angustus
1077 3542 1197 3586 evafit
1213 3571 1226 3593 ,
1261 3545 1316 3589 ita

284 3603 327 3636 ut
351 3595 590 3638 eorumdem
609 3597 818 3642 Fratribus
845 3598 1137 3643 necessitatibus
1161 3602 1314 3645 servire

286 3652 445 3717 minime
458 3656 590 3708 potuit
610 3684 623 3706 ,
654 3655 805 3712 praefati
824 3658 986 3703 Fratres
1014 3659 1134 3702 aliam
1147 3673 1313 3715 parvam

282 3711 457 3766 eJusdem
474 3710 565 3754 situs
583 3717 880 3768 quantitatem,
911 3715 1047 3760 eidem
1069 3719 1308 3761 Conventui

280 3771 433 3829 pariter
460 3772 719 3830 contiguam,
758 3775 826 3820 fibi
851 3775 1020 3820 concedi
1049 3776 1274 3822 defiderant
1293 3804 1307 3831 ,

753 1956 879 1982 ’,Η-θ
884 1966 1365 1981 -Π--ι-ι-υι--ιι
1370 1962 1603 1979 ...ι-..ι-

2070 1937 2079 1948 Π

1949 1963 2414 1984 -ι--ι-ῌ

1377 2131 1638 2190 praesatusque
1667 2137 1841 2179 Annibal
1875 2135 2008 2179 Abbas
2032 2164 2047 2187 ,
2078 2136 2278 2192 praefatam
2319 2133 2413 2178 fitfis

1377 2191 1599 2250 hujusmodi
1615 2196 1887 2250 quantitatem
1903 2223 1918 2245 ‚
1935 2194 2017 2237 sese
2031 2195 2182 2238 eisdem
2200 2195 2412 2238 Fratribus

1378 2250 1656 2296 concessurum
1679 2253 1797 2299 offert
1812 2281 1827 2301 ι,
1858 2252 1881 2295 fi
1899 2252 2043 2296 Nostra
2059 2279 2074 2300 ι,
2104 2256 2144 2296 &
2159 2255 2277 2312 hujus
2293 2253 2411 2297 Sedis

1379 2311 1613 2367 Apostolicae
1628 2311 1676 2354 ad
1687 2313 1729 2358 id
1742 2313 1813 2357 sibi
1827 2312 1994 2357 licentia
2010 2310 2252 2369 suffragetur
2267 2341 2281 2364 ,
2295 2315 2335 2354 &
2349 2310 2408 2355 fa-

1379 2370 1511 2416 cultas
1524 2399 1535 2411 .
1570 2371 1695 2418 Nobis
1711 2373 1806 2414 diui
1823 2373 2086 2428 Exponentes
2102 2372 2308 2415 humiliter
2321 2371 2408 2427 sup-

1381 2429 1521 2485 plicari
1537 2424 1726 2472 fecerunt
1749 2459 1763 2482 ,
1789 2440 1837 2473 ut
1861 2431 1900 2473 in
1926 2430 2126 2487 praemiffis
2147 2430 2377 2489 opportune
2395 2456 2412 2482 ,

1379 2496 1424 2531 ut
1440 2486 1563 2539 infra,
1596 2488 1845 2545 providere,
1875 2489 1930 2532 de
1957 2490 2211 2546 benignitate
2234 2489 2415 2544 Aposto-

1380 2547 1460 2590 lica
1487 2546 1773 2603 dignaremur.
1807 2552 1893 2591 Nos
1923 2549 2046 2606 igitur
2069 2548 2232 2592 eosdem
2265 2550 2407 2603 Expo-

1380 2615 1524 2648 nentes
1538 2633 1552 2657 ,
1583 2605 1822 2663 specialibus
1840 2605 2044 2652 favoribus
2058 2637 2077 2659 ,
2105 2609 2142 2649 δι
2159 2608 2296 2664 gratiis
2313 2620 2409 2661 pro-

1376 2665 1488 2719 {equi
1508 2664 1723 2718 volentes,
1755 2670 1794 2709 δι
1811 2669 1834 2710 a
1859 2663 2057 2723 quibusvis
2081 2665 2411 2711 excommunica..

1377 2723 1525 2774 tionis,
1556 2723 1842 2780 suspensionis,
1872 2727 1912 2767 δε
1936 2723 2171 2777 interdicti,
2196 2724 2409 2780 aliisque..)

1375 2782 1662 2826 Ecclefiasticis
1699 2783 1874 2829 censuris
1902 2812 1917 2836 ,
1956 2785 1996 2825 δε
2029 2784 2162 2839 poenis
2206 2785 2228 2826 ἐ
2278 2786 2406 2840 Jure,

1385 2841 1452 2882 vel
1483 2842 1533 2882 ab
1561 2842 1748 2897 homine,
1779 2843 1918 2900 quavis
1945 2844 2176 2894 occasione,
2218 2842 2285 2885 vel
2315 2854 2409 2883 cau·-

1381 2898 1418 2940 sa
1446 2899 1535 2942 latis
1563 2926 1579 2951 ,
1622 2902 1647 2945 st
1692 2902 1836 2955 quibus
1875 2900 2187 2958 quomodolibet
2227 2898 2408 2942 innodati

1376 2957 1573 3006 existunt,
1616 2959 1667 3003 ad
1690 2960 1875 3003 effectum
1923 2958 2174 3016 praesentium
2213 2959 2408 3001 duntaxat

1373 3015 1698 3072 consequendum
1728 3048 1740 3070 ‚
1788 3021 1926 3062 harum
1971 3017 2073 3061 serie
2125 3017 2407 3066 absolventes,

1377 3076 1413 3119 &
1431 3074 1629 3121 absolutos
1645 3075 1732 3122 fore
1748 3080 1962 3121 censentes
1978 3106 1993 3128 ,
2024 3076 2247 3134 hujusmodi
2263 3074 2406 3129 suppli·-

1376 3135 1601 3177 canonibus
1618 3136 1827 3182 inclinati.
1859 3136 2004 3179 Eidem
2018 3136 2210 3179 Annibali
2227 3132 2407 3183 Abbati,

1373 3194 1479 3247 quod
1494 3193 1576 3248 ipse
1589 3194 1739 3238 eisdem
1754 3195 2061 3251 Exponentibus
2077 3223 2091 3246 ,
2111 3209 2201 3238 eam
2217 3190 2370 3235 terreni
2383 3217 2408 3240 ,-

1371 3251 1435 3295 seu
1453 3250 1547 3294 fitus
1567 3252 1791 3308 hujusmodi
1817 3254 2088 3313 quantitatem
2103 3282 2117 3305 ,
2148 3264 2232 3308 quae
2258 3263 2402 3293 eorum

1373 3310 1673 3354 neceffitatibus
1688 3310 1880 3363 sufficiat,
1912 3327 1992 3359 non
2006 3322 2141 3357 tamen
2154 3309 2308 3352 tabulas
2332 3308 2406 3348 tri-

1371 3369 1484 3426 ginta
1508 3380 1682 3427 quatuor
1696 3372 1886 3414 mensura:
1902 3371 2061 3415 illarum
2089 3368 2270 3425 partium
2288 3381 2409 3410 exce.

1376 3426 1449 3469 dat
1465 3455 1479 3480 ,
1510 3429 1739 3475 concedere
1754 3429 1882 3473 libere
1897 3457 1910 3479 ,
1933 3432 1973 3473 δι
1989 3428 2101 3472 licite
2120 3426 2231 3486 poffit
2247 3456 2261 3478 ,
2277 3428 2317 3468 δι
2333 3440 2404 3468 va·-

1376 3486 1486 3538 leat,
1518 3488 1746 3543 Apostolica
1763 3487 2030 3539 austeritate,
2060 3497 2205 3530 tenore
2235 3483 2405 3541 praesen·

1378 3545 1505 3598 tium,
1532 3547 1819 3596 concedimus,
1849 3546 2183 3602 &impartimur.
2218 3548 2312 3589 Non
2331 3544 2404 3585 ob-

1374 3605 1562 3647 stantibus
1582 3605 1647 3649 fel.
1665 3605 1824 3648 record.
1839 3605 1953 3648 Pauli
1970 3607 2024 3649 11.
2055 3606 2094 3647 &
2121 3604 2295 3651 aliorum
2316 3603 2404 3644 Ro·

1375 3677 1585 3706 manorum
1602 3663 1861 3715 Pontificum,
1878 3663 2209 3709 Praedecefforum
2229 3662 2402 3708 Nostro·

1370 3736 1484 3770 rum,
1515 3723 1567 3764 de
1596 3723 1713 3764 rebus
1743 3722 1931 3765 Ecclefiae
1959 3738 2037 3765 non
2061 3722 2321 3771 alienandis,
2353 3733 2400 3762 ac

1368 3780 1571 3837 quibusvis
1582 3780 1670 3823 aliis
1685 3782 2051 3827 Constitutionibus
2065 3780 2339 3880 Apostoligigt,
2353 3791 2400 3819 ac

2279 3852 2288 3880 1
2328 3850 2341 3877 1
