2762 4030
1114 174 1596 268 Romana.

277 299 543 358 conspicimus
571 296 608 341 in
641 292 822 340 Domino
848 288 1063 335 salubriter
1093 296 1292 352 expedire
1309 327 1321 339 .

275 364 388 405 Cum
409 361 546 416 itaque
559 367 691 411 nuper
711 351 852 394 dilecti
873 348 948 392 filii
963 353 1227 397 Guardianus
1242 385 1256 408 ,
1282 358 1321 399 8(

272 423 442 464 Fratres
458 413 610 460 Domus
623 415 664 455 8.
681 413 979 454 Bonaventurae
1002 410 1057 452 de
1075 413 1192 455 Urbe
1206 444 1221 464 ,
1237 417 1320 458 Or-

272 481 379 524 dinis
395 481 580 522 Fratrum
596 470 800 515 Minorum
815 472 855 513 S.
869 468 1070 511 Francisci
1086 472 1320 525 Capucino-

270 554 365 583 rum
379 537 403 580 ὲ
443 527 609 576 rae'dietis
625 531 762 572 Domo
777 557 790 580 ,
820 529 861 570 &
874 528 1057 571 Ecclesia
1073 530 1121 572 ad
1136 531 1314 574 Domum

270 549 460 645 Eulesi'ae
473 587 749 634 Immaculata:
763 587 1063 643 Conceptionis
1082 590 1212 631 Beatae
1226 593 1317 633 Ma-

271 659 338 701 εἰς
350 650 529 707 Virginis
557 649 611 693 de
622 647 770 691 eadem
785 646 901 690 Urbe
913 675 928 698 ,
953 660 1028 703 per
1042 646 1238 691 dilectum
1255 649 1320 691 Fi·

271 713 374 759 lium
396 707 591 753 Nostrum
613 705 1065 766 AntoniquTituliS.
1082 708 1317 763 Honuphrii

267 768 564 825 Presbyterum
574 765 841 811 cardinalem
853 793 868 817 ,
893 764 1072 809 nostrum
1092 763 1316 810 secundum

266 841 435 874 carnem
473 829 660 871 Fratrem
689 828 940 870 Germanum
965 852 981 877 ,
1014 838 1090 881 pro
1127 824 1316 868 eisdem,

267 886 509 933 Guardiano
525 913 539 938 ,
554 887 592 928 &
607 884 814 929 Fratribus
829 881 1035 928 fundatam
1050 911 1064 935 ‚
1076 885 1117 926 δι
1134 884 1315 927 consti-u.

266 951 372 991 etam
397 948 453 991 de
475 945 606 989 nostra
621 974 637 997 ,
673 941 846 997 &hujus
875 943 1024 987 Sanftae
1038 943 1156 987 Sedis
1184 943 1315 986 licen-

264 1007 325 1050 tia
353 1005 394 1049 se
423 1003 706 1048 transtulerint
729 1029 744 1041 ·
775 1003 861 1044 Nos
881 1031 898 1053 ,
925 1016 976 1045 ne
1001 1003 1055 1045 ob
1069 1001 1321 1046 discessum

263 1069 459 1112 Fratrum
487 1063 663 1120 ipsorum
684 1060 736 1104 ab
760 1059 904 1103 eadem
925 1061 1136 1112 Ecclefia,
1151 1077 1197 1106 ea
1223 1076 1318 1118 pro.-

259 1136 408 1183 pterea
421 1122 571 1167 debitis
593 1120 808 1166 fraudetur
823 1117 1025 1176 obsequiis
1041 1149 1056 1173 ,
1084 1119 1151 1163 sed
1177 1122 1217 1164 in
1236 1122 1314 1164 Di-

260 1185 368 1228 vinis
393 1180 655 1228 laudabiliter
678 1179 964 1230 deserviatur,
990 1180 1186 1236 quantum
1214 1194 1310 1224 cum

261 1236 448 1288 Domino
470 1238 700 1298 possumus,
732 1236 959 1296 providere
976 1267 991 1291 ‚
1016 1238 1213 1295 simulque
1227 1243 1311 1284 Na-

262 1304 366 1346 tioni
380 1305 556 1346 Lucanas
580 1300 620 1343 in
636 1298 784 1345 eadem
803 1297 921 1343 Urbe
942 1301 1209 1342 commoranti
1227 1328 1241 1352 ,
1270 1301 1312 1344 δι

257 1361 437 1419 plurium
449 1361 641 1404 Romanae
656 1359 789 1401 Curiae
804 1357 1068 1406 Fra-latorum
1084 1388 1099 1412 ,
1115 1359 1309 1403 aliorum·

260 1435 341 1478 que
356 1421 550 1464 Virorum
564 1417 751 1462 doc'trina
765 1446 780 1470 2
792 1417 952 1475 pietate
964 1449 980 1470 ‚
1007 1432 1146 1461 rerum
1159 1433 1308 1474 geren-

258 1479 406 1523 darum
433 1479 530 1531 usu,
554 1476 723 1535 aliisque
763 1477 938 1532 egregiis
969 1478 1166 1521 virtutum
1191 1493 1311 1522 orna·

257 1539 409 1582 mentis
430 1537 704 1595 praestantium
716 1537 878 1579 meritis
902 1536 1067 1593 insigni,
1090 1537 1308 1593 specialem

254 1599 433 1656 gratiam
459 1596 599 1640 facere
629 1595 824 1640 volentes
839 1622 855 1646 ,
877 1595 994 1650 ipfius
1013 1597 1203 1640 Nationis
1232 1597 1309 1640 sins

257 1658 422 1714 gulares
445 1654 633 1712 personas
656 1657 678 1696 a
696 1653 900 1711 quibusvis
917 1657 1311 1700 excommunicatio-

255 1720 348 1766 nis,
363 1713 646 1771 suspensionis,
666 1713 927 1756 &interdieti
941 1742 955 1765 ,
980 1712 1147 1770 aliisque
1162 1715 1313 1758 Eccle,

257 1775 422 1819 siasticis
435 1771 680 1824 sententiis,
705 1770 919 1823 censuris,
943 1774 982 1814 &
997 1773 1130 1829 poenis
1155 1773 1311 1830 sijum,

254 1835 326 1879 vel
350 1838 401 1877 ab
422 1832 588 1875 homine
603 1860 618 1885 ,
632 1831 769 1888 quavis
798 1829 1009 1882 occasione
1030 1859 1045 1883 ,
1079 1832 1145 1875 vel
1162 1832 1309 1877 causa,

254 1894 352 1938 latis
374 1922 390 1945 ,
417 1890 444 1934 fi
473 1891 619 1948 quibus
652 1888 966 1947 quomodolibet
994 1891 1197 1935 innodatae
1223 1894 1310 1936 exi·

254 1954 363 1996 stunt
381 1980 395 2004 ,
419 1949 472 1994 ad
488 1950 671 1994 effee'tum
700 1951 952 2006 praesentium
977 1950 1185 1996 dumtaxat
1214 1966 1311 1995 con·

254 2009 505 2069 sequendum
520 2040 536 2062 ,
552 2011 695 2054 harum
715 2007 817 2052 serie
829 2008 1087 2054 absolventes
1101 2040 1115 2063 ,
1144 2013 1184 2053 &
1197 2010 1310 2055 abso-

253 2073 363 2117 lutas
381 2067 472 2114 fore
490 2071 725 2120 censentes,
743 2067 1220 2127 supplicationibus,Ejus
1237 2086 1309 2113 no-

251 2131 366 2175 mine
380 2155 395 2178 a
410 2129 541 2175 Nobis
555 2128 674 2186 super
688 2131 766 2173 hoc
782 2126 999 2172 humiliter
1025 2131 1219 2186 porrectis
1245 2131 1307 2174 in-

254 2190 426 2242 clinati,
455 2190 493 2232 in
521 2192 685 2240 Domo,
709 2189 748 2230 δε
774 2186 957 2231 Ecclesia
984 2191 1026 2232 S.
1042 2191 1305 2235 Bouaventu-

254 2264 309 2293 rae
322 2248 541 2307 praedietis,
555 2261 719 2290 omnem
732 2246 872 2290 statum
887 2277 904 2298 ,
918 2244 1128 2291 essentiam
1145 2279 1161 2300 ,
1175 2252 1215 2293 δι
1230 2250 1305 2293 de-

255 2308 523 2364 pendentiam
536 2306 771 2363 Regulares
785 2336 798 2357 ,
829 2306 963 2349 omnia
979 2333 995 2356 ,
1007 2307 1048 2347 &
1063 2306 1214 2362 singula
1230 2308 1312 2363 pri-

253 2366 435 2423 vilegia,
464 2368 642 2420 gratias,
667 2367 708 2406 &
732 2364 889 2406 indulta
906 2363 1019 2415 illis,
1043 2366 1102 2407 uti
1126 2367 1312 2421 Regula—

254 2427 364 2469 ribus
381 2423 563 2468 concessa
579 2453 593 2476 ‚
607 2423 843 2478 Apostolica
862 2425 1120 2467 Auctor-itate
1133 2453 1146 2476 ,
1160 2437 1306 2468 tenore

250 2484 505 2542 praesentium
523 2482 807 2536 supprimimus
819 2510 833 2533 ‚
848 2483 888 2523 δι
900 2481 1177 2538 extinguimus
1195 2512 1208 2534 ‚
1224 2485 1306 2525 Ec-

253 2542 416 2587 clesiam
441 2540 677 2598 praedictam
704 2539 755 2583 ad
779 2538 1013 2583 saecularem
1043 2541 1308 2595 reducimus,

250 2614 562 2658 eamque,quam
577 2598 631 2642 de
645 2610 797 2642 caetero
807 2601 1014 2655 perpetuis
1037 2599 1307 2646 futuristem-

250 2663 362 2706 ribus
380 2663 532 2704 Sanstae
546 2659 694 2702 Crucis
712 2657 764 2701 de
781 2661 917 2701 Lucca
931 2687 946 2710 ‚
977 2660 1018 2699 &
1038 2663 1079 2703 S.
1095 2664 1309 2704 Bonaven-

253 2733 351 2763 turae
364 2718 591 2775 nuncupari
607 2717 766 2760 debere
781 2716 1045 2760 decernimus
1063 2747 1077 2770 ,
1108 2721 1146 2759 &
1159 2718 1304 2761 decla.-

252 2793 390 2824 ramus
407 2808 424 2830 ,
449 2792 541 2822 cum
570 2777 727 2827 choro,
760 2776 930 2818 sacristia
947 2805 964 2828 ,
992 2778 1032 2817 &
1046 2787 1166 2833 parte
1181 2775 1274 2820 sitt'is
1288 2803 1303 2827 ,

249 2853 297 2883 ac
325 2838 478 2880 fabrica
505 2836 619 2878 dietae
647 2832 802 2877 Domus
826 2835 876 2877 ab
902 2833 1056 2878 eisdem
1086 2836 1301 2878 Fratribus

255 2897 407 2941 relistae
431 2909 506 2951 per
524 2897 610 2936 Nos
625 2923 639 2943 ,
673 2893 741 2936 seu
773 2893 827 2936 de
840 2893 1038 2937 Mandato
1053 2894 1205 2937 Nostro
1229 2908 1303 2949 per

251 2957 426 3000 dilectos
459 2951 566 2994 filios
598 2951 784 2994 Faustum
811 2952 958 2993 Polum
976 2954 1150 3003 ,Palatii
1168 2951 1308 2996 Nostri

250 3013 493 3061 Praefe&um
505 3040 517 3062 ,
530 3013 568 3051 8(
587 3009 838 3052 Michaelem
854 3012 1097 3065 Bergomen.
1113 3012 1208 3055 dic‘ti
1221 3014 1282 3054 Or
1293 3032 1305 3044 ·

250 3075 359 3118 dinis
384 3067 654 3115 Professorem
686 3067 968 3119 declaranda,
998 3071 1038 3111 δε
1067 3068 1302 3125 specifican-

249 3134 303 3177 da
318 3163 330 3184 ,
345 3130 518 3189 praefatae
538 3127 708 3171 Nationi
723 3128 891 3168 Lucanae
907 3155 922 3178 ,
938 3127 995 3169 ita
1009 3138 1148 3169 tamen
1170 3157 1183 3179 ,
1195 3130 1304 3171 utin

246 3208 296 3236 ea
326 3195 416 3234 od’to
437 3185 568 3231 Missas
594 3184 756 3242 singulis
779 3184 925 3227 diebus
957 3186 1160 3228 celebrari
1193 3185 1302 3229 face-

246 3267 294 3295 re
311 3281 325 3303 ,
355 3251 549 3302 difiaeque
568 3246 758 3287 Ecclesia:
774 3242 827 3285 de
841 3244 1085 3299 paramentis
1100 3273 1114 3296 ,
1128 3247 1166 3287 &t
1182 3258 1304 3286 orna-

244 3310 395 3354 mentis
421 3303 702 3350 Ecclesiasticis
714 3331 728 3353 ,
742 3302 902 3359 aliaque
919 3302 1154 3346 omnimoda
1167 3303 1271 3345 sacra
1287 3329 1303 3353 ‚

245 3372 288 3411 &
317 3365 522 3425 prophana
547 3361 788 3419 supelleetili
804 3359 884 3411 ,ad
903 3359 1093 3403 Divinum
1109 3362 1267 3404 cultum
1283 3389 1298 3413 ,

245 3428 442 3484 ipsiusque
474 3422 662 3468 Ecclesiae
689 3420 886 3463 decorem
915 3417 1130 3464 necessaria
1164 3420 1299 3476 provi·

246 3487 348 3531 dere
361 3487 542 3530 debeant
555 3512 568 3533 ‚
578 3484 618 3523 &
632 3489 852 3524 teneantur
863 3507 877 3530 ,
891 3478 1297 3533 ApostolicaAutho-

247 3546 370 3589 ritate
386 3574 400 3597 ,
417 3556 565 3589 tenore
579 3539 834 3598 praesentium
852 3567 866 3588 ‚
884 3539 1087 3592 perpetuo
1101 3536 1298 3580 concedi-

248 3617 337 3646 mus
352 3633 368 3656 ,
388 3606 428 3646 &
451 3602 685 3658 assignamus
698 3629 708 3640 .
728 3600 882 3640 Dantcs
901 3595 1036 3638 eidem
1053 3595 1222 3639 Nationi
1240 3594 1295 3638 ffi-

2263 224 2366 308 37

1385 297 1625 356 aperiendi,
1650 294 1837 353 illudque
1852 302 2023 355 regendi
2041 332 2055 354 ,
2082 307 2123 349 &
2142 308 2398 364 gubernandi
2411 340 2427 363 ‚

1384 361 1424 401 δι
1440 373 1513 415 pro
1527 357 1716 401 Ecclesia
1732 385 1747 409 ,
1767 357 1808 398 δι
1820 356 2039 412 Hospitalis
2057 364 2283 419 hujusmodi
2296 382 2427 425 nego-

1384 419 1448 460 tiis
1478 418 1516 459 se
1546 414 1853 472 congregandi,
1882 416 1923 456 δε
1947 431 2207 479 quaecumque
2239 427 2379 471 statuta
2407 457 2423 481 ‚

1381 476 1574 532 Capitula
1603 504 1617 528 ,
1656 474 1833 516 Ordines
1852 501 1867 524 ‚
1896 475 1935 515 δι
1957 477 2140 522 Decreta
2170 498 2242 537 pro
2273 485 2419 531 snlubfj

1378 534 1569 577 Ecclesia:
1583 562 1598 585 ,
1610 534 1651 574 δι
1665 531 1886 589 Hospitalis
1902 534 2099 588 regimine
2114 565 2128 588 ‚
2141 541 2180 582 8(
2195 541 2421 589 directione

1376 590 1593 636 necessaria
1605 620 1618 642 ,
1636 593 1676 634 δε
1690 600 1920 649 opportuna
1934 620 1950 642 ,
1983 592 2096 636 licita
2112 605 2247 641 tamen
2264 628 2278 651 ,
2289 604 2328 643 ἃ.
2343 606 2421 646 ho.

1379 651 1520 701 nesta,
1550 648 1748 707 sacrisque
1773 650 2039 704 Curionibus,
2065 655 2107 694 δε
2134 656 2308 699 Concilii
2330 663 2421 705 ‘rri-

1380 708 1540 751 dentini
1552 710 1749 753 Decretis
1764 738 1778 761 ‚
1804 724 1851 752 ac
1867 710 2233 756 Constitutionibus
2252 718 2422 770 Aposto-

1378 767 1463 810 licis
1479 782 1558 811 non
1574 771 1876 824 contraria,per
1889 768 2084 815 dilectum
2102 769 2227 815 filium
2243 775 2419 821 nostrum

1376 826 1419 868 in
1432 826 1550 869 Alma
1570 828 1685 870 Urbe
1711 827 1898 883 praedic‘ta
1915 828 2128 872 Vicarium
2142 832 2184 873 in
2202 830 2422 888 spirituali-

1377 886 1449 926 bus
1472 885 1723 930 Generalem
1747 887 2044 941 examinanda,
2073 891 2387 946 &approbanda
2404 923 2419 946 ,

1377 941 1581 996 faciendi,
1605 947 1645 988 δι
1663 945 1846 999 edendi,
1875 946 2030 1003 illaque
2055 962 2135 1001 pro
2163 960 2421 1006 temporm,

1379 1015 1507 1059 prout
1518 1005 1576 1048 eis
1590 1004 1827 1056 videbitur,
1852 1006 1998 1061 praevia
2015 1005 2129 1049 simili
2154 1010 2423 1052 examinatio-

1377 1076 1431 1106 ne
1446 1092 1460 1116 ,
1481 1066 1522 1106 &
1536 1062 1834 1122 approbatione
1846 1065 2057 1116 mutandi,
2073 1066 2274 1111 alterandi
2290 1096 2304 1119 ,
2328 1083 2422 1111 cor-

1374 1123 1535 1178 rigendi
1552 1152 1567 1176 ‚
1593 1123 1696 1166 acin
1713 1122 1857 1166 melius
1875 1121 2158 1178 reformandi3
2184 1139 2231 1168 ac
2258 1126 2422 1182 insuper

1371 1182 1532 1235 omnia,
1560 1184 1600 1228 δε
1628 1182 1777 1237 singula
1793 1181 1930 1238 legata
1948 1214 1964 1237 ,
1980 1183 2150 1237 relicta,
2177 1199 2270 1237 res,
2295 1187 2335 1228 δε
2352 1187 2422 1228 bo-

1375 1256 1442 1292 na,
1458 1242 1775 1297 quomodolibet
1789 1241 2018 1298 qualificata
2032 1274 2048 1296 ,
2065 1244 2230 1288 mobilia
2247 1273 2262 1296 ,
2293 1246 2333 1286 &
2346 1245 2422 1287 im-

1372 1301 1536 1343 mobilia
1553 1314 1624 1355 per
1637 1301 1899 1358 quoscunque
1916 1301 2216 1350 Christifideles
2231 1332 2246 1355 ‚
2264 1303 2422 1348 Eccle-

1371 1359 1430 1402 fiae
1447 1389 1462 1412 ‚
1480 1362 1520 1402 &
1534 1359 1736 1417 Hospitali
1751 1360 2043 1420 praediftis‚per
2060 1363 2165 1407 viam
2183 1362 2422 1409 Testamen-

1371 1421 1402 1462 ti
1428 1449 1442 1472 ,
1475 1420 1740 1472 donationis,
1768 1431 1837 1464 aut
1865 1421 1961 1466 alitis
1995 1421 2310 1479 quomodolibet
2338 1438 2418 1480 pro

1371 1489 1558 1534 tempore
1582 1479 1759 1535 elargita
1789 1479 2046 1536 recipiendi,
2076 1483 2116 1522 &
2142 1496 2217 1536 per
2248 1480 2417 1525 eosdem

1370 1541 1603 1594 Deputatos
1631 1538 1959 1590 administrandi,
1994 1554 2040 1582 ac
2068 1541 2108 1582 in
2134 1540 2348 1592 Ecclesiae,
2377 1542 2419 1583 &

1371 1596 1605 1653 Hospitalis
1622 1598 1908 1653 praedictorum
1936 1597 2051 1650 usus,
2080 1599 2137 1641 ita
2167 1610 2307 1643 tamen
2325 1629 2338 1652 ,
2370 1609 2418 1644 ut

1375 1657 1429 1700 de
1452 1657 1632 1713 receptis
1655 1683 1669 1706 ,
1699 1658 1739 1704 ὃς
1754 1655 2036 1700 administratis
2054 1671 2130 1713 per
2154 1672 2256 1711 eos,
2278 1659 2418 1702 eidem

1374 1715 1545 1758 Vicario
1570 1744 1584 1768 ‚
1613 1714 1729 1772 juxta
1761 1718 1942 1759 Decreta
1970 1717 2149 1760 Concilii
2187 1718 2416 1763 Tridentini

1371 1775 1580 1817 rationem
1605 1774 1789 1818 reddere
1825 1785 2076 1827 teneantur,
2107 1776 2415 1828 convertendi,

1371 1836 1411 1875 δι
1438 1833 1601 1891 insuper
1627 1833 1666 1876 in
1691 1834 1876 1878 Ecclesia
1904 1835 2090 1892 praedicta
2113 1838 2416 1880 Sacrosanctum

1373 1893 1630 1936 Eucharistiae
1645 1897 1955 1937 Sacramentum
1970 1924 1984 1947 ,
2016 1897 2054 1936 &
2071 1895 2222 1938 Oleum
2239 1895 2413 1938 infirmo·

1373 1967 1462 1997 rum
1488 1952 1640 1995 debitis
1680 1968 1773 1996 cum
1794 1955 1950 1998 honore
1977 1955 2017 1996 δι
2043 1957 2272 1999 reverentia
2295 1952 2418 1997 asser·

1371 2012 1490 2056 vandi
1503 2041 1518 2064 ,
1544 2027 1590 2056 ac
1605 2011 1776 2055 infirmis
1793 2012 1954 2056 indicto
1972 2014 2172 2071 Hospitali
2190 2044 2203 2066 ,
2217 2028 2290 2070 pro
2304 2026 2412 2056 tem-

1368 2086 1468 2129 pore
1484 2071 1768 2122 existentibus,
1788 2073 2047 2115 Sacrosanfia
2070 2074 2412 2124 Poenitentiae,&

1370 2130 1625 2177 Eucharistiae
1646 2131 1842 2187 praedictae
1853 2160 1868 2182 ,
1887 2142 2178 2186 vextremaequae
2197 2132 2406 2174 Unftionis

1369 2196 1648 2242 Sacramenta,
1662 2205 1736 2247 per
1758 2190 1976 2242 Ecclefiae,
1992 2189 2055 2232 seu
2075 2188 2298 2246 Hospitalis
2315 2203 2413 2245 pra-

1372 2250 1786 2306 fatiCa'ppenanum,
1812 2249 1879 2307 qui
1906 2251 1931 2293 a
1957 2250 2065 2291 dicto
2094 2249 2261 2292 vicario
2286 2248 2337 2291 ad
2367 2247 2409 2290 id

1371 2310 1619 2366 approbatus
1644 2306 1801 2360 fuerit,
1838 2306 2103 2351 administrari
2130 2307 2332 2358 curandi,
2359 2321 2409 2350 ac

1373 2376 1568 2426 praeterea
1587 2368 1628 2411 iu
1644 2369 1792 2411 eadem
1805 2366 1986 2410 Ecclesia
2016 2371 2056 2410 S.
2073 2367 2220 2410 Crucis
2239 2396 2252 2418 ,
2277 2368 2314 2408 &
2329 2369 2409 2408 Bo-

1370 2437 1604 2470 navcnturae
1629 2436 1713 2468 tarn
1747 2426 1787 2468 in
1828 2425 1938 2467 dic'to
1962 2425 2163 2482 Hospitali
2198 2425 2411 2469 deceden-

1370 2486 1474 2528 tium
1492 2512 1506 2534 ,
1539 2486 1660 2540 quam
1675 2498 2025 2542 quorumcumque
2053 2483 2407 2535 christifidelium,

1368 2544 1425 2586 ibi
1454 2543 1619 2600 sepeliri
1652 2545 1939 2600 cupientium,
1968 2558 2139 2600 corpora
2154 2542 2405 2599 sepeliendi,

1370 2603 1436 2646 seu
1459 2601 1625 2658 sepeliri
1643 2601 1851 2653 faciendi,
1871 2603 1952 2645 sine
1971 2613 2107 2646 tamen
2123 2598 2408 2657 quorumcum-

1367 2675 1448 2718 que
1470 2661 1619 2718 jurium
1647 2661 1939 2715 parochialium
1953 2659 2214 2715 praejudicio.
2246 2662 2404 2700 Decer-

1367 2730 1511 2762 nentes
1535 2718 1760 2760 Ecclesiam
1788 2719 1828 2759 8.
1851 2717 1995 2759 Crucis
2012 2745 2025 2767 ,
2056 2717 2096 2756 δι
2130 2718 2171 2757 S.
2187 2717 2404 2757 Bonaven-

1365 2788 1462 2819 tutae
1498 2774 1727 2832 hujusmodi
1754 2773 1954 2825 liberam,
1978 2773 2184 2830 ipsamque
2203 2803 2220 2825 ,
2242 2775 2283 2815 δι
2315 2775 2404 2815 Ho-

1365 2832 1512 2891 spitale
1539 2831 1747 2890 praefatum
1773 2833 1882 2875 dieto
1909 2833 2104 2884 Vicario,
2132 2838 2216 2876 tam
2246 2833 2284 2875 in
2301 2832 2402 2873 Visi-

1365 2892 1591 2936 tationibus
1620 2921 1631 2943 ‚
1666 2893 1789 2953 quam
1817 2891 1904 2934 aliis
1930 2891 2246 2948 quibuscumque
2278 2890 2399 2947 plene

1365 2952 1579 3009 subjectam
1594 2949 1703 3002 esse,
1730 2950 1901 2994 &foret
1931 2948 2146 3006 praesentes
2170 2949 2271 2992 vero
2300 2949 2399 2991 lite-

1364 3024 1426 3054 ras
1443 3039 1457 3062 ,
1481 3013 1521 3052 &
1543 3024 1593 3052 ex
1623 3023 1700 3061 eo,
1727 3008 1836 3064 quod
1863 3010 2109 3065 quicumque
2134 3008 2175 3049 in
2200 3006 2397 3063 praemiffis

1362 3069 1554 3112 interesse
1575 3069 1776 3110 habentes
1791 3097 1807 3117 ‚
1839 3065 1904 3110 seu
1922 3067 2073 3110 habere
2095 3065 2395 3120 praetendentes

1363 3127 1412 3171 ad
1430 3128 1468 3168 id
1489 3127 1620 3171 vocati
1639 3155 1654 3178 ,
1681 3128 1718 3168 &
1744 3125 1875 3168 auditi
1902 3139 1982 3168 nou
1999 3126 2151 3169 suerint
2170 3152 2186 3175 ,
2210 3135 2275 3165 aut
2293 3137 2395 3178 prae·

1362 3185 1481 3229 missis
1512 3201 1590 3228 non
1607 3182 1912 3236 consenserint,
1943 3183 2164 3242 autquavis
2180 3183 2256 3225 alia
2285 3181 2393 3226 dt.»

1362 3245 1477 3289 causa
1493 3275 1507 3297 ,
1522 3243 1781 3300 quantumvis
1809 3242 1991 3299 legitima
2011 3274 2027 3294 ,
2064 3244 2102 3284 δι
2127 3240 2296 3297 juridica
2311 3239 2392 3288 ,de

1362 3304 1633 3361 subreptionis
1647 3332 1662 3353 ‚
1682 3300 1746 3344 vel
1763 3301 2016 3359 obreptionis
2035 3300 2164 3349 vitio,
2180 3297 2247 3339 seu
2263 3298 2392 3340 inten-

1360 3363 1479 3406 tionis
1496 3362 1677 3413 Nostrae3
1701 3360 1768 3404 vel
1781 3374 2027 3417 quocunque
2048 3359 2128 3400 alio
2143 3355 2304 3398 defectu
2319 3370 2393 3399 no·

1360 3423 1470 3474 tari,
1493 3423 1754 3477 impugnari,
1785 3418 2006 3476 redargui,
2034 3413 2224 3470 infringi,
2252 3425 2323 3458 aut
2351 3415 2391 3459 in

1358 3480 1420 3537 jus
1437 3481 1500 3523 vel
1519 3476 1837 3523 controversiam
1852 3473 2288 3525 revocari‚nullatenfls
2301 3473 2393 3530 pos-

1358 3538 1428 3591 se,
1458 3538 1525 3582 sed
1541 3553 1604 3581 eas
1621 3537 1777 3593 semper
1791 3566 1804 3588 ‚
1829 3539 1869 3578 &
1895 3535 2096 3592 perpetuo
2113 3532 2268 3576 validas
2286 3562 2300 3585 ,
2320 3530 2392 3575 fir-

1359 3611 1469 3648 mas,
1502 3600 1540 3639 &
1566 3595 1753 3640 efficaces
1782 3595 1951 3638 existere
1969 3622 1982 3645 ‚
2011 3594 2048 3634 δι
2074 3590 2190 3644 sore,
2212 3606 2258 3634 ac
2276 3592 2388 3634 dietae

251 3662 451 3706 cultatem
475 3660 582 3718 apud
606 3657 827 3702 Ecclesiam
855 3659 895 3699 S·
912 3656 1060 3697 Crucis
1075 3681 1089 3704 ,
1109 3655 1149 3695 &
1163 3658 1202 3698 S.
1217 3655 1291 3695 Bo·
1355 3657 1525 3699 Nationi
1540 3654 1763 3710 plenissime
1776 3651 1981 3709 suffragari
1996 3682 2007 3693 .
2022 3651 2169 3708 Sicque
2182 3664 2258 3707 per
2272 3650 2389 3707 quos·

250 3733 481 3765 naventurae
497 3718 724 3776 praedit‘tam
740 3747 754 3770 ,
774 3730 895 3758 unum
911 3713 1122 3770 Hospitale
1137 3726 1290 3768 paupe·
1352 3729 1524 3769 cumque
1532 3717 1552 3770 J
1559 3710 2384 3766 udices,0rdinarios,&Delegatos‚etiam

246 3796 290 3825 ru
299 3797 334 3824 m
349 3778 600 3823 infirmorum
614 3776 795 3834 ejusdem
812 3776 999 3821 Nationis
1016 3771 1287 3829 erigendi,scu
1350 3773 1573 3817 Causarum
1603 3771 1745 3815 Palatii
1774 3769 1996 3827 Apostolici
2031 3768 2253 3834 Auditores
2280 3767 2379 3823 judi-

360 3842 463 3883 Tom.
479 3840 533 3883 11.

1621 3832 1661 3873 Η
2212 3830 2290 3870 cari
2308 3856 2322 3878 ,
