2710 4108
327 260 443 390 ab}
459 356 508 389 ad
527 358 679 389 novam
698 339 879 390 Domum
893 351 1046 390 Sanctae
1071 347 1219 387 Crucis
1237 343 1368 402 hujus-

324 407 446 447 -modi
465 432 479 453 ,
509 406 583 446 una
604 420 696 447 cum
723 421 863 448 eorum
890 406 1134 448 supellectili
1162 408 1267 446 lac-ra
1286 431 1300 454 ,
1327 405 1365 444 &

327 466 539 518 prophana
558 473 727 506 tranlire
747 465 875 507 libere
889 493 903 515 ,
929 462 1096 507 &licite
1113 462 1267 518 possent
1283 490 1298 512 ,
1331 463 1368 503 &

325 524 546 573 valerent,
584 524 818 578 indulgeres
838 549 851 573 ,
877 534 995 578 prout
1024 523 1061 564 in
1091 523 1211 567 dictis
1234 521 1367 564 literis

323 581 482 635 plenius
496 584 732 624 continetur
747 611 759 622 .
792 587 898 625 Cum
913 593 1073 630 autem,
1099 582 1195 624 ficut
1212 581 1363 622 exhibi-

327 649 367 681 ta
389 641 519 682 Nobis
546 655 673 695 nuper
707 655 779 694 pro
795 653 909 695 parte
927 641 1133 695 Augustini
1148 666 1162 688 ,
1180 642 1220 681 δε
1235 643 1361 682 Com-

322 700 538 740 munitatis
554 725 568 747 ,
588 700 876 742 etc-Hominum
892 700 1171 754 praedictorum
1186 726 1200 749 ‚
1216 698 1364 754 petitio

323 758 593 808 continebat,
625 757 734 799 dicta
769 758 945 800 Ecclesia
973 764 1124 801 Sanctae
1146 758 1294 800 Crucis
1323 758 1362 797 in

324 817 623 859 parochialem
654 815 875 859 Ecclesiam
902 817 1067 872 quidem
1087 845 1100 867 ,
1128 827 1172 858 ut
1201 814 1361 871 praefer·-

323 883 419 924 tur,
451 884 617 924 erecta,
644 875 904 930 &tamquam
924 876 1012 918 talis
1039 875 1152 918 dicto
1171 874 1361 930 Augusti-

324 946 380 975 no
394 932 549 975 collata
573 931 695 974 suerit
707 960 720 982 ,
737 935 990 977 Parochianis
1007 945 1142 976 tamen
1158 933 1215 974 illi
1230 932 1359 987 appli-

325 991 455 1043 c-atis,
490 993 556 1033 seu
585 991 807 1046 affigimus,
837 993 904 1034 sub
924 1008 1018 1035 cura
1044 994 1158 1048 primi
1184 1005 1356 1034 eorum..

323 1050 497 1092 Parochi
517 1051 838 1101 remanentibus,
865 1051 968 1094 idem
1000 1050 1238 1104 Augustinus
1269 1064 1356 1091 mu-

321 1122 420 1150 nera
448 1107 697 1150 Parochialia
728 1109 766 1150 in
794 1123 841 1150 ea
868 1122 1068 1164 nunqu-am
1091 1108 1353 1158 exercuerit,

322 1167 581 1223 proindeque
603 1167 798 1208 haefitetur
814 1180 891 1217 ,an
916 1167 1101 1208 eamdem
1131 1165 1353 1209 Ecclefiam

323 1225 404 1267 sine
433 1238 531 1266 eura
559 1223 776 1266 remanfiffe
802 1225 884 1267 dici
908 1225 1047 1278 poffit,
1075 1227 1168 1282 quin
1197 1227 1354 1268 etiam..

320 1283 456 1340 postea
489 1283 653 1324 licentia
694 1284 847 1338 priores
886 1284 1049 1326 domum
1076 1313 1090 1335 ,
1134 1287 1170 1326 δι
1205 1283 1353 1326 Eccle-

322 1341 413 1384 siam
427 1341 629 1383 dictorum
647 1341 869 1384 Guardiani
885 1371 899 1393 ,
920 1346 964 1385 &
977 1345 1161 1386 Fratrum
1178 1343 1352 1398 propha-

320 1400 474 1450 nandi,
504 1399 790 1451 &<vendendi,
823 1403 1080 1458 pretiumque
1107 1401 1199 1443 inde
1217 1401 1348 1456 perci-

319 1457 514 1515 piendum
532 1481 546 1505 5
592 1458 631 1500 in
669 1460 1011 1502 constructionem
1044 1470 1155 1503 novae
1195 1463 1347 1502 Domus

314 1517 520 1571 erogandi
535 1545 549 1567 ,
577 1518 600 1560 ὲ
617 1514 770 1565 Nobis,
796 1518 863 1560 sub
877 1520 1002 1560 certis
1018 1532 1178 1575 quoque
1192 1520 1312 1561 modo
1332 1547 1347 1571 ,

320 1577 361 1616 δι.
374 1573 499 1617 forma
517 1586 613 1616 tunc
628 1575 814 1631 expreffis
828 1605 842 1628 ‚
856 1577 1023 1620 obtenta
1041 1578 1159 1620 fuerit
1174 1607 1188 1629 ,
1215 1577 1347 1634 ficque

316 1634 669 1676 Communitatem
685 1663 698 1685 ,
726 1637 972 1678 &Homines
995 1638 1204 1692 praedictos
1218 1666 1233 1687 ,
1251 1650 1345 1677 nec-

322 1706 401 1734 non
433 1694 608 1733 Domum
638 1692 860 1750 hujusmodi
882 1696 1067 1738 omnibus
1088 1709 1223 1738 eorum
1251 1709 1344 1751 pro-

313 1751 417 1806 priis
432 1748 647 1806 sumptibus
660 1752 1164 1796 construereneceffarium
1181 1769 1259 1796 non
1275 1755 1318 1795 sit
1330 1779 1344 1801 ,

317 1817 441 1863 prout
459 1808 630 1850 indictis
647 1810 773 1853 literis
796 1813 1028 1855 construere
1053 1813 1162 1856 velle
1186 1813 1345 1854 dictum

318 1866 432 1917 fuit,
459 1880 530 1909 nec
546 1867 610 1922 ipfi
626 1878 784 1921 tamen,
817 1869 886 1913 sed
913 1886 1050 1912 eorum
1078 1871 1226 1912 auxilio
1258 1882 1344 1911 tan-

311 1925 405 1969 ·ttim
421 1926 729 1981 quinquedictae
755 1928 943 1971 Civitatis
966 1930 1136 1971 Nobiles
1153 1927 1340 1985 praemissa

317 1982 544 2037 adimplere
574 1985 731 2034 velint,
754 2000 800 2027 ac
826 1999 1045 2043 propterea
1075 1989 1341 2043 Augustinus,

314 2055 362 2083 ac
392 2045 702 2095 Communitas,
730 2046 770 2085 δι
795 2048 990 2087 Homines
1017 2048 1195 2102 praedicti
1223 2046 1340 2088 dubi-

309 2110 403 2142 tent
421 2127 434 2148 ,
470 2098 608 2144 lit-eras
637 2101 690 2142 de
721 2103 1019 2157 subreptionis,
1050 2105 1115 2146 seu
1144 2106 1340 2148 nullitatis

310 2158 416 2201 vitio
432 2160 594 2210 notari,
625 2159 779 2216 {ibique
795 2165 922 2206 minus
938 2163 1060 2204 utiles
1089 2165 1204 2206 reddi
1233 2162 1339 2220 posse

308 2225 499 2271 tempore
512 2218 787 2272 procedente.
820 2223 958 2278 Quare
976 2237 1055 2276 -pro
1079 2235 1192 2278 parte
1205 2227 1338 2279 Augu.

311 2274 424 2326 nini,
456 2277 855 2330 &Communitatis,
886 2281 1158 2323 &Hominum
1192 2282 1336 2337 praedi·

310 2344 470 2377 ctorum
498 2362 512 2385 ,
553 2335 679 2378 Nobis
708 2338 1015 2381 fuithumilsster
1048 2342 1333 2396 supplicatum,

306 2403 535 2448 quatenus,
563 2407 612 2437 ne
625 2394 829 2439 dictarum
860 2397 1068 2439 literarum
1096 2398 1333 2442 frustrentur

307 2450 480 2501 effectu,
512 2450 569 2493 eis
589 2452 808 2508 providere
833 2456 884 2498 de
900 2457 1152 2517 benignitate
1164 2459 1332 2514 Aposto-

302 2507 390 2554 ,lica
404 2509 666 2564 dignaremur
676 2541 687 2552 .

304 2596 310 2609 .›
368 2570 454 2609 Nos
473 2567 619 2622 igitur,
638 2571 924 2625 Augustinum,
944 2589 991 2618 ac
1008 2574 1216 2631 singulares
1236 2581 1330 2621 Per-

304 2626 421 2667 sonas
435 2623 614 2681 ejusdem
644 2632 958 2675 communitatis
985 2636 1005 2675 zi
1033 2637 1230 2690 quibusvis
1261 2651 1332 2679 ex·

298 2685 684 2728 ‚communicationis
698 2690 768 2731 &c-
784 2690 1021 2744 censentes,
1047 2708 1092 2734 ac
1123 2694 1334 2738 literarum

298 2742 585 2796 pra-dictarum
610 2747 787 2791 veriores
812 2758 976 2792 tenores
991 2781 1004 2802 ,
1029 2766 1073 2794 ac
1091 2755 1214 2796 Datas
1235 2769 1332 2811 pra:-

301 2800 483 2843 sentzbus
522 2817 598 2858 pro
640 2805 825 2862 expreffis
852 2809 1076 2861 habentes,
1109 2812 1328 2867 hujusmodi

297 2857 660 2915 supplicationibus
706 2866 915 2920 inclinati,
959 2870 1204 2914 Discretioni
1235 2876 1331 2917 Tuae

301 2931 378 2972 per
407 2920 637 2975 Apostolica
665 2922 807 2980 scripta
834 2927 1063 2969 mandamus
1084 2957 1096 2979 ,
1135 2943 1330 2985 quatenus

299 2978 510 3032 negotium
527 2979 775 3035 hujusmodi,
794 2982 831 3025 in
850 2984 946 3028 statu
963 3017 978 3038 ,
1006 2989 1248 3034 &terminis
1263 2994 1328 3044 ,in

298 3037 443 3089 quibus
459 3043 662 3093 reperitur
675 3041 728 3083 de
742 3043 948 3097 praesenti,
961 3044 1240 3099 affumens,vel
1263 3065 1327 3094 re-

295 3094 522 3146 nisumens,
566 3099 775 3152 praedictas
802 3102 966 3155 literas,
1003 3120 1093 3148 cum
1116 3110 1325 3162 omnibus,

297 3153 337 3192 &
354 3151 519 3208 fingulis
533 3156 569 3195 in
584 3157 643 3198 eis
662 3163 865 3202 contentis
881 3192 896 3213 ,
925 3163 1202 3221 processusque
1221 3171 1325 3213 habi.

295 3220 361 3252 tos
376 3240 389 3261 ,
422 3214 485 3255 vel
504 3214 709 3258 habendos
724 3233 792 3272 per
804 3220 990 3273 easdem,
1019 3225 1059 3264 &
1080 3225 1172 3267 inde
1186 3226 1324 3283 sequu—

292 3279 609 3335 taquaecumque
627 3275 764 3317 valere
781 3307 795 3327 ,
819 3280 1060 3337 plenamque
1077 3285 1232 3329 roboris
1256 3286 1322 3328 fir-

294 3339 480 3371 mitatem
511 3333 723 3384 obtinere‚
765 3338 805 3376 &
831 3337 952 3381 dictis
989 3344 1238 3398 Augustino,
1281 3348 1320 3387 &

295 3388 620 3443 communitati,
643 3393 684 3434 &
700 3395 940 3440 Hominibus
964 3396 1165 3457 suffragari
1192 3404 1317 3447 debe-

292 3457 339 3485 re
373 3446 626 3502 decernens,
655 3451 705 3494 ad
733 3468 871 3498 earum
899 3461 1216 3514 executionem,
1235 3465 1315 3506 ser·

294 3502 389 3544 vata
402 3507 497 3547 alias
513 3523 650 3551 earum
669 3508 797 3555 forma
810 3540 824 3561 a
856 3518 1048 3570 procedas
1062 3521 1101 3561 in
1118 3523 1316 3576 omnibus,

291 3562 330 3601 &
348 3576 418 3615 per
440 3568 571 3630 omnia
585 3597 598 3618 ,
616 3571 811 3622 perinde,
828 3587 873 3615 ac
891 3574 914 3615 si
939 3577 1138 3620 ineisdem
1155 3580 1282 3624 literis
1300 3611 1315 3633 ,

291 3621 402 3673 quod
417 3621 526 3666 dicta
558 3627 736 3670 Ecclefia
763 3634 914 3675 Sanctae
943 3638 1085 3680 Crucis
1113 3637 1192 3680 fine
1217 3655 1313 3683 cura

287 3682 556 3747 remanserat,
575 3686 735 3730 minim‘e
749 3691 972 3747 expressum
987 3723 1000 3746 ,
1017 3697 1082 3737 sed
1108 3699 1217 3751 quod
1245 3701 1314 3742 Pa.

291 3737 494 3806 -rochiarns
524 3742 581 3782 illi
598 3744 792 3800 affignatis
807 3776 820 3798 a
846 3749 916 3794 sub
929 3767 1022 3795 cura
1035 3755 1151 3808 primi
1168 3771 1309 3799 eorum

286 3797 459 3841 Parochi
477 3805 779 3850 remanentibus
795 3839 808 3863 ,
831 3811 1044 3868 predictus
1070 3816 1308 3869 Augustinus

992 299 994 301 ,
1046 221 1111 304 ,Ὗ
1147 219 1706 315 Prov'inbrias

1428 358 1567 386 curam
1597 345 1864 394 Animarum,
1889 344 1934 386 δι’
1950 355 2121 386 munera
2147 345 2397 391 parochialia
2420 348 2459 390 in

1427 417 1473 445 ea
1491 416 1693 458 nunquam
1720 403 1982 454 exercuerit,
2013 403 2194 455 dictique
2221 407 2459 448 Communi-

1428 472 1512 509 tas,
1543 462 1590 502 δι’
1619 462 1816 505 Homines
1851 474 1996 503 novam
2025 463 2198 505 Domum
2234 462 2458 519 hujusmodi

1427 534 1572 563 eorum
1587 519 1808 576 sumptibus
1821 550 1838 572 ,
1870 518 2078 563 mediante
2102 531 2234 565 tamen
2253 525 2385 577 pretio
2405 536 2458 575 ex

1424 580 1557 622 veteri
1596 581 1764 632 Domo,
1794 581 1832 621 ὅτ.
1866 577 2048 620 Ecclesia
2085 579 2338 637 hujusmodi,
2370 581 2456 636 post

1422 651 1567 679 earum
1607 639 1999 693 prophanationem,
2037 637 2091 678 de
2130 639 2297 681 licentia
2336 640 2455 686 Sedis

1424 695 1663 752 Apostolicae
1707 693 1933 738 faciendam
1968 696 2155 738 habendo
2190 698 2455 749 construere,

1425 753 1691 810 praemiffaque
1716 769 1794 796 non
1813 755 1880 809 ipsi
1897 752 2095 807 quidem,
2123 754 2188 796 sed
2212 771 2355 799 eorum
2383 771 2455 799 au:-

1421 814 1520 855 xilio
1536 813 1692 855 tantum
1708 841 1721 863 ,
1736 813 1915 868 quinque
1934 812 2302 867 Nobilespraedicti
2319 817 2448 858 adim·

1421 872 1536 928 plere
1551 871 1835 922 intendebant,
1849 868 2075 923 expressum
2091 869 2221 914 fuisset
2239 900 2254 924 ,
2267 873 2448 929 ipspsque

1419 930 1796 981 Communitatem,
1826 929 2073 971 &Homines
2095 929 2267 986 desuper
2293 931 2315 974 a
2343 948 2446 989 quo-

1417 1002 1567 1046 quam,
1598 989 1738 1044 quavis
1754 988 1999 1032 auctoritate
2016 989 2329 1044 quomodolibet
2359 1006 2448 1033 mo—

1418 1048 1550 1090 lcstari
1567 1060 1645 1088 non
1663 1045 1769 1103 posse
1782 1076 1797 1098 ,
1818 1060 1863 1089 ac
1882 1060 1931 1088 ex
1947 1057 2045 1089 tunc
2059 1047 2219 1090 irritum
2238 1075 2251 1098 ,
2277 1049 2446 1091 &inane

1415 1107 1612 1149 decernas
1638 1135 1652 1156 ‚
1680 1106 1873 1162 quidquid
1910 1103 2020 1148 secus
2063 1107 2179 1161 super
2209 1107 2267 1148 his
2293 1111 2317 1151 a
2340 1121 2445 1162 quo-

1415 1179 1534 1220 quam
1549 1191 1563 1213 ,
1578 1165 1716 1218 quavis
1735 1165 2211 1220 auctoritatecontigerit·
2227 1168 2416 1207 attentari
2428 1191 2443 1206 .-

1415 1228 1509 1266 Non
1526 1223 1770 1265 obstantibus
1792 1223 2071 1266 omnibusiilis
2087 1254 2102 1275 ,
2131 1238 2214 1279 quae
2235 1225 2279 1265 in
2304 1224 2446 1279 praedi-

1414 1282 1494 1325 ctis
1510 1281 1644 1323 literis
1661 1282 1861 1324 voluimus
1886 1296 1966 1324 non
1993 1283 2147 1325 obstare
2163 1313 2177 1334 ,
2207 1284 2445 1339 caeterisque

1412 1340 1627 1382 contrariis
1642 1341 1958 1396 quibuscumque
1972 1370 1983 1382 .
2003 1343 2156 1383 Datum
2175 1344 2312 1384 Romae
2330 1343 2442 1398 apud

1410 1404 1601 1443 Sanctum
1623 1401 1785 1442 Petrum
1799 1427 1813 1449 a
1827 1414 1931 1442 anno
1947 1401 2236 1442 lncarnationis
2257 1401 2443 1443 Domini.

1409 1473 1460 1501 cae
1501 1457 1711 1500 millesnno
1748 1457 2034 1500 sexcentesimo
2062 1458 2193 1513 pridie
2214 1460 2323 1502 Aldus
2353 1464 2443 1504 No·

1410 1517 1614 1568 vembris,
1646 1515 1910 1559 Pontificatus
1925 1517 2057 1561 Nostri
2085 1531 2191 1560 anno
2215 1532 2348 1562 nono.

1463 1638 1525 1678 Ex·
1541 1632 1709 1677 Archivo
1724 1636 1936 1678 Bullarum
1960 1640 2156 1678 Secretar.
2171 1640 2288 1678 Brea.
2305 1611 2440 1691 Apoll}

1522 1696 1555 1737 R
1561 1706 1624 1750 eg.·
1634 1696 1759 1751 Mcrgfi
1774 1696 1826 1744 ὠ,
1840 1697 1936 1736 anni
1938 1694 2067 1751 praed.
2067 1694 2149 1751 fol.
2163 1706 2262 1750 355..

1932 1837 2086 1848 0--
2320 1839 2438 1853 ῃ

1403 1930 1580 1978 Petiurn
1609 1945 1737 1979 terrae
1768 1931 1824 1980 ad
1849 1929 2050 1982 mensam
2078 1931 2436 2002 Episcopalem

1470 2000 1767 2054 Alexandrin.
1795 2001 2062 2070 spestantis,
2100 2020 2183 2069 pro
2219 2005 2438 2072 amplian-

1469 2070 1524 2124 da
1540 2075 1696 2126 Domo.
1718 2071 1866 2122 nostra
1882 2073 2172 2126 Alexandriae
2192 2077 2358 2131 vendi,
2386 2071 2436 2129 ὃς

1466 2142 1665 2208 pretium
1700 2142 1758 2191 ad
1787 2145 1923 2195 aliam
1955 2143 2082 2196 distae
2119 2143 2280 2194 mensae
2313 2149 2437 2209 utili-

1466 2226 1608 2260 tatem
1644 2215 1847 2262 converti
1877 2249 1892 2271 ,
1930 2213 2154 2282 Episcopo
2189 2215 2387 2283 Papienfi
2417 2253 2434 2276 ,

1463 2279 1538 2331 seu
1562 2285 1653 2345 ejus
1671 2284 1859 2333 Vicario
1876 2287 2091 2334 Generali
2119 2290 2397 2335 committit.

1401 2409 1616 2451 Venerabili
1631 2413 1776 2454 Fratri
1792 2413 1968 2469 Epssopo
1981 2414 2142 2469 PapIen.
2161 2414 2256 2469 ,stu
2277 2413 2431 2458 uilem

1536 2468 1641 2513 Filio
1663 2469 1742 2531 ejus
1766 2473 1998 2574 Vlcgsssrzp
1995 2473 2284 2529 spiritualibus
2421 2502 2423 2504 -

1427 2647 1868 2704 PAULUS
1956 2653 2231 2702 PAPA
2321 2654 2423 2717 V.-

1402 2766 1632 2808 Venerabilis
1651 2769 1910 2826 Frater-,stu
1939 2768 2090 2812 DileHe
2117 2772 2201 2814 Fili
2215 2771 2421 2829 filatem,

1567 2825 1875 2882 &qustolicam
1913 2830 2217 2872 Benediffionem
2232 2859 2244 2872 .
2419 2846 2422 2854 ·

1503 2944 1542 2984 X
1574 2942 1750 3000 injune'to
1774 2946 1900 2988 Nobis
1926 2946 2097 3004 desuper
2121 2947 2333 2996 Pastor-alis
2351 2943 2426 2988 Ost

1391 2944 1484 3057 E
1518 2999 1596 3042 ficii
1612 3003 1754 3046 debito
1771 3005 1877 3051 votis
1894 3005 1972 3047 illis
1986 3033 1998 3055 ,
2031 3022 2105 3062 per
2125 3021 2210 3064 quae
2228 3004 2422 3049 Ecclesia-

1386 3074 1478 3100 rum
1497 3062 2006 3118 quarumlibet,praesertim
2018 3067 2327 3109 Cathedralium
2344 3065 2423 3104 uti-

1388 3118 1523 3161 litates
1538 3148 1551 3171 ,
1566 3122 1605 3162 &
1618 3122 1882 3177 Regularium
1898 3123 2082 3167 locorum
2099 3125 2307 3167 commoda
2329 3137 2421 3179 pro-

1385 3186 1606 3230 curantur,
1639 3181 1813 3224 libenter
1836 3183 2072 3237 annuimus,
2099 3183 2246 3240 illaque
2268 3180 2421 3225 favori-

1385 3235 1455 3277 bus
1471 3236 1748 3294 prosequimur
1763 3242 2004 3295 opportunis
2036 3271 2046 3282 .
2284 3242 2287 3245 ¹

1442 3297 1629 3340 Exhibita
1645 3298 1836 3353 siquidem
1851 3301 1980 3342 Nobis
1996 3315 2120 3355 nuper
2136 3299 2295 3342 nomine
2313 3302 2419 3341 Ven-

1379 3355 1532 3395 Fratris
1554 3357 1733 3412 Episcopi
1750 3358 2071 3410 Alexandrin.,&
2083 3359 2333 3401 milesiorum
2354 3360 2420 3401 Fi-

1377 3412 1523 3455 liorum
1553 3416 1630 3457 FF.
1646 3418 1800 3459 Domus
1826 3417 1990 3460 Ordinis
2020 3420 2099 3459 FF.
2116 3421 2417 3473 Capucinorum

1377 3471 1643 3516 Alexandria.
1668 3476 1814 3530 petitio
1836 3475 2095 3526 continebat,
2123 3478 2229 3532 quod
2256 3480 2410 3518 Domus

1374 3531 1558 3584 praedic‘ta
1577 3534 1695 3575 valde
1710 3533 1869 3589 angusta
1884 3533 2012 3575 existit
2027 3563 2043 3584 ,
2059 3535 2098 3577 &
2113 3536 2274 3586 quidam
2290 3537 2418 3578 Chri-

1375 3586 1559 3633 stifidelis
1576 3593 1637 3647 pia
1654 3593 1854 3634 charitate
1871 3592 2013 3635 duetus
2029 3594 2234 3649 quoddam
2259 3596 2413 3650 perium

1376 3649 1641 3699 terrae,didtae
1653 3650 1789 3692 domui
1806 3650 2193 3702 vicinum,star0rum
2212 3654 2414 3705 sex,men.'

1375 3703 1474 3749 surae
1498 3707 1659 3751 illarum
1688 3710 1892 3764 partium,
1922 3712 1962 3751 δε
1990 3711 2136 3753 valoris
2167 3713 2413 3768 quadragin-

1370 3775 1409 3805 ta
1442 3766 1686 3809 ducatorum
1701 3795 1714 3817 ‚
1730 3766 1779 3808 ad
1812 3768 1994 3812 Mensam
2012 3769 2290 3826 Episcopalem
2314 3772 2414 3814 Ale-

1368 3825 1605 3869 xandrinam
1642 3826 1818 3882 spestans
1845 3853 1860 3877 ³
1910 3841 1960 3872 ex
2009 3830 2183 3886 propriis
2216 3856 2220 3863 ·
2232 3831 2413 3886 pecuniis

2246 3903 2359 3933 eme·
