2762 4030
433 276 550 359 40
1224 236 1746 327 Provincia

375 366 636 408 absolventes
651 389 666 414 ,
696 359 738 402 &
751 357 950 404 absolutas
977 356 1067 400 sore
1083 353 1295 399 censentes
1311 385 1325 408 ‚
1348 358 1419 399 hu·
1483 359 1779 401 habitationem
1794 371 1873 414 pro
1888 360 2125 419 'semetipso
2139 395 2155 416 ,
2174 365 2325 424 tuaque
2340 368 2492 415 familia
2509 401 2525 424 ,

372 422 548 483 jusmodi
564 414 1317 478 supplicationibusinclinati‚eisdem
1330 418 1417 459 Ab·
1479 431 1523 461 ac
1568 419 1646 461 tuis
1675 447 1688 470 ‚
1722 420 1763 460 δε
1800 419 1916 474 ipsius
1947 421 2106 466 familiae
2132 426 2241 468 Viris
2267 428 2438 470 construi
2466 431 2526 474 fa-

373 480 520 528 batissae
536 511 552 534 ‚
581 480 650 524 seu
667 477 868 522 Priorissae
882 508 896 531 ,
926 480 964 520 &
993 476 1242 520 Monialibus
1261 503 1275 526 ,
1302 485 1348 517 ut
1376 476 1423 518 fi·
1486 490 1584 519 cere
1599 477 1789 520 intendas
1803 506 1817 528 ,
1853 479 2123 537 &propterea
2142 485 2238 527 Tibi
2258 500 2333 541 per
2349 489 2436 530 Nos
2451 488 2527 532 de-

377 554 464 585 tum
491 540 723 597 praedidtum
749 539 865 580 dietis
884 538 1093 582 fratribus
1122 534 1171 577 ad
1198 534 1418 579 effeetum,
1483 534 1600 591 super
1617 566 1630 589 ‚
1656 547 1701 579 ut
1728 534 1830 579 infra
1855 566 1869 590 ,
1911 543 2141 594 opportune
2167 546 2389 601 providere
2417 544 2526 589 sum-

375 598 615 660 praemissum
641 598 876 642 concedere
902 628 916 650 ‚
957 598 997 652 &
1021 594 1219 651 elargiri,
1244 596 1284 636 δι
1311 607 1415 650 quae-
1477 609 1643 652 mopere
1673 595 1887 639 desideres
1904 626 1915 638 .
1949 601 2036 642 Nos
2058 603 2164 644 votis
2192 604 2273 646 tuis
2290 634 2303 654 ‚
2321 616 2524 661 quantum

374 675 537 718 cunque
562 660 825 702 instrumenta
839 686 854 710 ,
886 658 955 700 seu
972 654 1215 710 scripturas,
1246 656 1284 696 &
1299 655 1410 698 alia-³
1472 668 1564 698 cum
1582 655 1759 699 Domino
1781 653 1980 710 possumus
1996 687 2010 709 ,
2025 674 2202 705 annuere
2222 693 2236 716 ,
2271 666 2416 720 Teque
2436 663 2526 722 spe-

377 719 558 776 desuper
583 717 833 767 necessaria,
858 718 899 758 δι
930 725 1159 771 opportuna
1183 711 1350 765 facere,
1380 715 1418 755 &
1480 714 1649 757 cialibus
1679 714 1912 765 favoribus,
1936 718 1977 758 &
2000 719 2138 772 gratiis
2165 725 2354 779 prosequi
2379 725 2526 767 volen-

378 779 527 836 exequi
554 776 716 828 libere,
746 778 785 818 δε
812 775 926 819 licite
955 774 1128 830 poffint,
1158 774 1197 814 δι
1224 773 1416 824 valeant,
1479 783 1542 815 tes
1560 802 1574 825 ‚
1607 776 1685 817 tuis
1710 775 1748 816 in
1777 775 1849 815 hac
1880 786 2000 830 parte
2023 777 2382 833 supplicationibus
2405 783 2526 825 incli-

375 839 588 882 licentiam
606 834 928 889 ,&facultatem
945 863 958 885 ‚
979 833 1208 889 Apostolica
1224 833 1414 875 Auctori-
1475 834 1591 887 nati3
1627 834 1719 875 Tibi
1748 833 1907 876 stantias
1924 861 1938 884 ,
1971 833 2036 877 seu
2067 837 2360 884 habitationem
2387 841 2522 898 hujus—

377 908 467 941 tate
493 927 508 950 ‚
548 907 695 940 tenore
730 893 982 950 praesentium
1001 922 1014 945 ,
1046 890 1313 938 concedimus
1328 920 1342 943 ,
1373 893 1412 933 &
1478 892 1587 934 modi
1606 893 1642 935 in
1660 891 1846 948 praedifita
1861 895 2027 945 Domo,
2049 907 2170 950 prout
2189 899 2262 941 tibi
2278 901 2518 955 videbitur,

379 955 653 1014 impartimur.
665 957 759 997 Non
774 953 1020 997 obstantibus
1033 950 1419 1002 fel-rec.Pauli11.‚
1479 953 1519 992 &
1544 952 1995 1006 placuerit,construi,
2023 954 2063 995 &
2085 954 2270 1000 aedificari
2289 956 2408 1003 facias
2432 991 2445 1013 ,
2473 975 2521 1004 ac

379 1017 610 1060 &aliorum
627 1016 904 1056 Romanorum
928 1009 1173 1055 Pontificum
1191 1008 1415 1053 Praedeces·
1479 1010 1690 1067 postquam
1721 1011 1958 1054 constructa:
1982 1042 1997 1064 ,
2039 1014 2079 1054 &
2106 1014 2309 1059 aedificatae
2338 1018 2524 1072 fuerint,

381 1074 516 1119 sorum
533 1075 763 1117 nostrorum
787 1071 840 1114 de
855 1072 976 1115 rebus
995 1069 1183 1113 Ecclefiae
1207 1083 1291 1112 non
1322 1069 1422 1112 alie·
1485 1070 1614 1121 inibi,
1633 1069 1767 1126 quoad
1782 1071 1928 1115 vixeris
1955 1099 1969 1122 ‚
2014 1074 2088 1114 una
2124 1089 2215 1116 cum
2247 1075 2399 1119 familia
2425 1087 2522 1131 tua,

381 1134 527 1179 nandis
543 1157 556 1178 ‚
581 1132 746 1188 aliisque
762 1131 1132 1175 Constitutionibus
1149 1159 1163 1181 ,
1193 1129 1234 1169 ὃς
1247 1129 1421 1171 Ordina·
1485 1131 1610 1171 etiam
1625 1131 1913 1187 Superioribus
1928 1159 1942 1182 ,
1965 1131 2006 1177 &
2019 1133 2232 1177 Fratribus
2251 1134 2435 1191 ejusdem
2448 1140 2524 1180 Or.

382 1193 562 1236 tionibus
581 1192 822 1248 Apostolicis
839 1221 851 1242 ,
866 1204 1028 1234 necnon
1045 1189 1141 1231 dicti
1159 1187 1395 1231 Monasterii
1411 1215 1426 1239 ‚
1487 1188 1618 1240 dinis,
1649 1204 1695 1233 ac
1724 1191 1845 1232 etiam
1869 1190 1980 1233 illius
1997 1192 2100 1247 apud
2117 1197 2203 1238 Nos
2220 1222 2235 1245 ,
2263 1196 2300 1236 &
2316 1197 2526 1252 Apostoli-

384 1252 756 1308 etiamjuramento
771 1278 785 1301 2
801 1249 1131 1292 Confirmatione
1157 1246 1392 1303 Apostolica
1408 1276 1422 1299 ‚
1485 1263 1575 1291 cam
1592 1249 1742 1291 Sedem
1757 1252 1998 1293 Proteum-e
2023 1266 2127 1294 nunc
2148 1284 2164 1304 ,
2195 1256 2235 1296 &
2260 1268 2336 1308 pro
2368 1266 2527 1312 tempo-

384 1312 454 1354 vel
494 1311 636 1366 quavis
667 1309 860 1351 firmitate
895 1309 972 1350 alia
995 1307 1203 1348 roboratis
1233 1306 1387 1348 statutis
1405 1333 1420 1356 ,
1482 1323 1527 1350 re
1555 1308 1752 1351 existente
1775 1308 2152 1354 contradicentibus
2170 1342 2183 1364 ,
2212 1314 2454 1366 habitandi,
2486 1317 2528 1356 δι

382 1373 423 1413 &
439 1368 826 1418 consuetudinibus,
850 1364 1085 1422 caeterisque
1101 1365 1318 1408 contrariis
1333 1366 1419 1422 qui·
1482 1367 1689 1424 degendi,
1719 1382 1766 1410 ac
1794 1370 2105 1421 commorandi,
2135 1372 2377 1424 licentiam,
2404 1376 2442 1415 δι
2470 1373 2528 1416 fa-

385 1427 619 1482 buscunque
635 1456 646 1467 .
678 1428 835 1468 Datum
859 1428 1000 1469 Romae
1023 1426 1132 1480 apud
1148 1427 1187 1467 S.
1205 1425 1416 1467 Mariam..-
1477 1428 1694 1479 cultatem,
1709 1428 1942 1483 Apostolica
1955 1431 2214 1476 Austoritate
2231 1462 2243 1485 ,
2258 1443 2404 1476 tenore
2422 1447 2525 1489 prae-

378 1487 585 1542 Maiorem
601 1484 840 1528 subAnnulo
850 1484 1065 1527 Piscatoris
1078 1483 1158 1526 Die
1173 1498 1211 1526 v.
1227 1487 1416 1539 Septem·
1478 1486 1652 1529 sentium
1668 1486 1928 1531 concedimus
1942 1518 1957 1540 ,
1979 1490 2020 1530 &
2035 1490 2295 1546 impartimur
2313 1523 2323 1534 .
2359 1495 2521 1534 Decer-

381 1547 461 1590 bris
478 1543 1016 1589 mncxxv111.Pontificatus
1030 1541 1415 1586 nostriAnnosexto.
1478 1556 1618 1590 nentes
1653 1548 1715 1590 Te
1742 1576 1756 1599 ‚
1802 1558 1870 1590 aut
1905 1547 2101 1591 familiam
2132 1561 2244 1593 tuam
2285 1549 2517 1608 hujusmodi

1478 1620 1552 1663 per
1582 1607 1817 1662 Superiores
1845 1637 1860 1659 ,
1898 1610 2090 1660 Fratres,
2117 1624 2163 1651 ac
2197 1612 2520 1652 Protectorem„

1479 1663 1666 1722 praefatos
1684 1695 1697 1718 ‚
1710 1666 1799 1708 ullo
1813 1680 1989 1723 unquam
2001 1676 2188 1724 tempore
2204 1698 2221 1719 ‚
2248 1671 2393 1726 quovis
2416 1683 2519 1724 prae-

1478 1735 1596 1768 textu
1608 1753 1621 1775 ,
1635 1728 1750 1767 causa
1765 1752 1779 1775 ‚
1795 1725 1859 1767 vel
1875 1725 2084 1768 occasione
2105 1728 2415 1784 quomodolibet
2431 1733 2522 1770 mo-'

1476 1784 1642 1833 lestari‚
1674 1782 1847 1838 desuper
1881 1785 2155 1840 perturbari,
2190 1781 2259 1828 a'ut
2297 1787 2519 1842 inquietari

1474 1842 1712 1886 nullatenus
1740 1839 1877 1896 posse,
1907 1856 1982 1884 nec
2011 1843 2193 1895 debere,
2228 1843 2520 1901 praesentesque

1474 1901 1616 1944 literas
1639 1899 1794 1943 validas
1812 1929 1826 1952 ‚
1858 1897 2021 1953 firmas,
2053 1904 2093 1943 &
2115 1901 2297 1946 efficaces
2313 1903 2520 1957 existere,

1475 1962 1516 2002 δι
1544 1957 1632 2003 fore
1651 1989 1665 2009 ‚
1699 1957 1864 2015 suosque
1888 1960 2095 2015 plenarios
2111 1991 2123 2014 ,
2154 1962 2194 2002 δε
2215 1963 2399 2018 integros
2414 1962 2519 2006 effe·

1475 2022 1562 2062 &us
1577 2018 1710 2061 sortiri
1724 2047 1739 2070 ,
1769 2020 1809 2060 &
1822 2018 2011 2063 obtinere
2027 2049 2042 2072 ‚
2070 2036 2115 2063 ac
2134 2021 2226 2063 Tibi
2244 2024 2283 2064 in
2302 2022 2489 2066 omnibus
2503 2052 2518 2075 ‚

1476 2081 1516 2120 δε
1544 2093 1618 2135 per
1634 2078 1769 2120 omnia
1792 2076 2013 2134 plenissime
2035 2080 2264 2135 suffragari,
2294 2081 2425 2138 sicque
2446 2097 2520 2137 per

434 1667 561 1706 Breve
573 1662 750 1720 format.
778 1665 822 1716 in
851 1666 973 1709 Arch.
1004 1666 1218 1708 Provinct'ae
1232 1693 1244 1704 .

960 1756 1015 1797 V.
1049 1754 1271 1797 Theatinus
1286 1781 1300 1794 .

627 1884 1187 1948 NOTA.

462 2009 498 2044 T
523 2005 605 2042 vide
618 2004 953 2052 infraApostolicum
967 2005 1103 2048 Breve,
1124 2016 1197 2052 quo
1210 2004 1341 2052 emptio
1355 2004 1415 2043 hu-

468 2055 622 2105 jusmodi
638 2055 718 2091 situs
732 2054 849 2102 postea
863 2053 929 2091 fuit
952 2053 1148 2091 confirmata
1165 2078 1176 2088 .

374 2172 980 2204 1—————-—--'-
1299 2186 1415 2200 *-

382 2300 540 2349 Cellas
559 2333 574 2355 ,
595 2299 640 2345 in
659 2311 783 2345 novo
799 2296 1050 2343 Conventu
1061 2294 1208 2348 Urbis
1226 2330 1241 2352 ,
1258 2295 1283 2342 εἳ
1302 2297 1414 2344 Car·

448 2369 598 2417 dinale
632 2367 843 2415 Antonio
873 2381 957 2430 pro
994 2362 1105 2422 suo,
1143 2363 1192 2415 <Sc
1221 2363 1307 2413 suae
1332 2368 1414 2413 Fa-

445 2438 588 2489 miliae
616 2433 699 2484 usu
729 2431 931 2483 construi
966 2437 1219 2501 permittit.

376 2580 519 2625 Foris:
551 2577 707 2623 DilecSJo
737 2576 842 2619 Filio
857 2573 999 2630 Nostro
1024 2574 1151 2616 Tituli
1166 2576 1204 2615 S.
1221 2572 1415 2632 Honufrt'i

475 2639 700 2690 Presbytero
720 2634 928 2677 Cardinali
944 2663 958 2686 ,
973 2632 1099 2690 nostro
1105 2634 1326 2689 ficundum

603 2707 758 2738 carnem
785 2695 933 2736 Fratri
955 2694 1153 2736 Germano
1167 2721 1179 2732 .

422 2825 849 2884 URBANUS
903 2823 1125 2873 PAPA
1179 2825 1363 2873 VIII.

499 2969 623 3012 Ileete
641 2963 881 3010 &cAEximia
897 2962 1263 3020 circumspeciionis
1280 2971 1357 3005 tuae
1373 2961 1410 3003 in

516 3031 600 3070 Nos
615 3057 628 3080 ,
655 3029 693 3069 &
709 3027 810 3068 hanc
828 3025 1012 3065 Sanctam
1030 3025 1180 3067 Sedem
1195 3023 1343 3073 Fidei,
1367 3023 1407 3062 &

366 3088 599 3130 devotionis
631 3085 774 3128 merita
802 3092 1123 3139 promerentur,
1167 3093 1213 3125 ut
1243 3083 1280 3124 in
1314 3083 1401 3132 hm,

367 3160 452 3202 quae
482 3147 531 3188 ad
548 3157 625 3190 tuae
642 3141 948 3189 commoditatis
966 3153 1230 3198 augmentum
1247 3141 1403 3183 cedere

364 3205 523 3262 possunt
539 3234 552 3255 ,
570 3204 852 3247 favorabiliter
865 3215 1086 3245 annuamus
1103 3231 1115 3253 ‚
1132 3204 1278 3257 Teqne
1293 3199 1406 3242 favo-

363 3267 491 3316 ribus,
505 3268 545 3306 &
559 3265 699 3321 gratiis
716 3265 1003 3318 prosequamur
1022 3262 1277 3317 opportunis.
1294 3262 1403 3301 Cum

363 3325 503 3381 itaque
532 3356 545 3376 ,
592 3323 688 3366 ficut
706 3322 833 3364 Nobis
861 3334 993 3376 nuper
1024 3319 1266 3376 exposuisti,
1299 3320 1363 3361 Tu
1389 3346 1403 3369 ,

363 3401 442 3441 pro
472 3384 657 3440 singulari
686 3391 751 3423 tua
776 3394 870 3435 erga
893 3382 1030 3421 Deum
1058 3383 1239 3434 pietate,
1270 3380 1402 3419 &Or-

366 3444 501 3487 dinem
530 3446 608 3487 FF.
626 3444 832 3485 Minoi-um
862 3442 902 3481 S.
921 3438 1119 3482 Francisci
1144 3438 1401 3495 Capuccino-

362 3517 451 3544 rum
484 3510 810 3559 nuncupatorum
839 3497 1070 3541 devotionis
1089 3499 1231 3541 affec‘tu
1247 3525 1262 3544 ‚
1280 3511 1400 3538 unam

367 3561 546 3615 ejusdem
575 3561 744 3605 Ordinis
763 3558 1014 3615 Regularem
1030 3559 1210 3601 Domum
1225 3586 1239 3609 ‚
1270 3571 1403 3599 cum.)

368 3620 579 3673 Ecclefia,
606 3623 762 3671 hortis,
796 3617 1011 3660 hortalitiis
1037 3645 1050 3666 ,
1080 3616 1245 3673 aliisque
1274 3630 1404 3658 mem-

367 3677 449 3718 bris
478 3679 733 3731 necessariis,
761 3678 1059 3734 &opportunis
1078 3689 1206 3732 prope
1223 3674 1402 3731 plateam

366 3735 463 3777 olim
490 3737 542 3778 de
559 3738 719 3782 §fortiis
737 3768 751 3790 ‚
784 3751 889 3780 nunc
921 3746 1057 3780 autem
1084 3735 1137 3778 de
1165 3735 1403 3777 Barberinis

365 3805 635 3850 nuncupatam
661 3797 712 3838 de
731 3799 845 3839 Urbe
873 3796 1049 3853 propriis
1065 3793 1245 3850 expensis
1271 3791 1398 3836 fabri·

365 3855 448 3895 cari
478 3853 600 3897 facias
626 3881 639 3906 ,
680 3856 719 3896 in
747 3868 877 3910 eaque
899 3855 1086 3911 quasdam
1111 3853 1301 3905 stantias,
1329 3854 1393 3897 seu

1476 2140 1740 2195 quoscunque
1762 2135 1927 2193 Judices
1942 2167 1957 2190 ,
1984 2139 2210 2182 Auditores
2225 2169 2239 2192 ‚
2267 2154 2313 2182 ac
2340 2144 2375 2183 S.
2398 2142 2520 2183 ΚΕ.

1476 2196 1725 2241 Cardinales
1740 2226 1755 2247 ‚
1783 2197 1903 2239 etiam
1926 2197 1979 2240 de
2006 2199 2140 2241 latere
2158 2203 2365 2256 Legatos,
2390 2197 2522 2244 subla-

1474 2256 1516 2300 ta
1533 2258 1608 2298 &c.
1643 2259 1737 2299 Non
1753 2255 1998 2300 obstantibus
2023 2258 2251 2313 praemiffis,
2283 2273 2329 2301 ac
2359 2259 2520 2301 Consti-

1475 2316 1702 2358 tutionibus
1713 2343 1727 2365 ,
1742 2316 1783 2355 &
1798 2315 2134 2360 ordinationibus
2148 2318 2395 2374 Apostolicis
2407 2349 2424 2370 ,
2441 2331 2517 2361 nec

1472 2388 1553 2417 non
1579 2373 1675 2415 dieti
1691 2373 1885 2424 Ordinis,
1914 2377 2037 2418 etiam
2056 2378 2132 2419 διε.
2166 2378 2368 2420 roboratis
2402 2378 2518 2420 statu.

1477 2433 1526 2474 tis
1543 2461 1556 2484 ,
1583 2432 1624 2473 &
1646 2432 2001 2478 consuetudinibus
2016 2464 2029 2487 ,
2058 2436 2283 2491 privilegiis
2304 2451 2513 2493 quoquea
2550 2439 2552 2441 ’

1474 2490 1643 2533 indultis
1659 2518 1672 2541 ,
1687 2491 1727 2529 δε
1744 2490 1893 2533 Literis
1912 2494 2170 2547 Apostolicis,
2191 2495 2328 2536 eidem
2339 2496 2485 2537 Ordini
2497 2523 2513 2547 2

1475 2547 1662 2604 illiusque
1678 2547 1966 2603 Superioribus
1982 2580 1997 2602 ‚
2028 2565 2074 2592 ac
2092 2553 2298 2594 Fratribus
2315 2580 2329 2602 ‚
2355 2555 2395 2593 δε
2412 2556 2513 2596 Pro-

1476 2607 1620 2651 tectori
1639 2607 1813 2661 praetatis
1831 2636 1846 2657 ,
1860 2609 2117 2664 &quibusvis
2133 2611 2238 2661 aliis,
2253 2609 2323 2651 sub
2348 2611 2513 2666 quibus-

1473 2680 1637 2722 cunque
1655 2666 1865 2708 tenoribus
1882 2696 1895 2718 ,
1927 2668 1967 2708 δι
1980 2667 2118 2710 formis
2132 2696 2147 2719 a
2182 2683 2226 2711 ac
2244 2684 2334 2712 cum
2350 2669 2512 2725 quibus-

1474 2727 1532 2770 vis
1547 2754 1561 2778 ,
1574 2726 1697 2767 etiam
1719 2724 2071 2781 derogatoriarum
2084 2728 2354 2783 derogatoriis
2370 2757 2384 2779 ,
2405 2729 2513 2772 aliis-

1474 2799 1552 2843 que
1568 2784 1861 2827 efficacioribus
1876 2814 1890 2836 ,
1903 2786 1941 2826 &
1969 2785 2139 2828 insolitis
2152 2785 2339 2829 clausulis
2355 2816 2369 2839 ‚
2399 2789 2440 2829 ec
2455 2788 2511 2830 ir-

1471 2844 1724 2894 ritantibus,
1749 2858 1795 2888 ac
1823 2844 1920 2886 alias
1948 2845 1988 2887 in
2018 2846 2362 2888 contrarium&c.
2393 2848 2510 2889 inno-

1473 2905 1578 2947 vatis
1597 2932 1610 2955 ,
1641 2903 1783 2960 quibus
1805 2904 1992 2946 omnibus
2008 2906 2084 2947 διε.
2109 2919 2125 2958 3
2167 2905 2321 2948 etiamsi
2347 2905 2400 2947 de
2425 2906 2507 2948 illis

1469 2961 1654 3019 specialis
1682 2963 1866 3005 habenba
1896 2961 1995 3005 esset
2018 2965 2095 3006 &c.
2125 2962 2213 3006 illas
2243 2966 2439 3016 omnino,
2470 2967 2511 3006 δε

1467 3022 1637 3076 singulas
1651 3023 1727 3063 &c-
1753 3031 1898 3065 tenore
1913 3023 2164 3077 praesentium
2181 3037 2254 3079 pro
2282 3023 2404 3079 plene
2430 3025 2510 3066 διε.

1467 3082 1715 3136 derogamus
1732 3110 1746 3132 ,
1773 3081 2009 3139 caeterisque
2033 3083 2254 3125 contrariis
2267 3082 2503 3138 quibuscun.

1465 3156 1545 3196 que
1563 3170 1574 3181 .
1609 3144 1762 3183 Datum
1779 3143 1919 3184 Romae
1934 3142 2040 3196 apud
2060 3145 2101 3185 S·
2117 3143 2288 3185 Mariam
2303 3140 2506 3198 Majorem

1466 3202 1539 3244 sub
1552 3200 1721 3243 Annulo
1736 3199 1950 3244 Piscatoris
1968 3201 2049 3244 Die
2061 3215 2148 3243 xxi.
2166 3199 2276 3257 Junii
2292 3214 2506 3244 mncxxxx.

1466 3260 1737 3305 Pontificatus
1765 3260 1905 3305 Nostri
1928 3263 2046 3304 Anno
2072 3260 2186 3302 sexto
2202 3288 2213 3299 .

1526 3384 1671 3436 Autog.
1689 3383 1733 3422 in
1746 3378 1865 3423 Arcb.
1881 3381 2007 3422 Excel.
2025 3380 2168 3424 Famil.
2181 3377 2415 3421 BarberInae
2431 3406 2445 3427 ‚
2459 3377 2502 3418 de

1581 3453 1657 3495 quo
1679 3440 1899 3495 Exemplar.
1914 3439 1956 3483 in
1971 3439 2193 3496 Arcb.gcn.
2209 3436 2308 3481 ord.
2335 3449 2382 3479 ac
2405 3438 2504 3482 Com

1582 3499 1720 3543 venta‘s
1732 3500 1777 3542 de
1792 3497 1895 3543 Urbe
1910 3527 1922 3542 .

2294 3906 2439 3952 Cellas
