2774 4068
398 199 572 284 2226

1095 190 1651 281 'Provincia‘
1709 261 1714 266 ,

341 320 455 363 snum
485 307 714 366 hujusmodi
736 309 790 354 de
816 295 1375 372 consensu'Exequutoruma
1433 306 1571 350 stolica
1606 304 1850 351 aneioritate
1891 306 2020 349 nostra
2055 306 2280 361 consignari
2323 310 2474 364 curesg

341 369 618 420 Testamenti,
645 368 714 412 seu
734 367 954 412 voluntatis
977 365 1373 418 distipolidori,ex
1429 367 1478 409 δι
1516 363 1640 408 facias
1666 393 1682 418 ‚
1727 378 1774 408 ac
1816 377 1890 420 per
1937 364 2283 422 consignationem
2334 367 2471 423 hujus-

341 440 446 471 nunc
462 455 478 479 ‚
504 427 656 473 etiamst
679 427 750 472 illa
765 426 814 472 ad
832 426 1075 470 novennium
1090 424 1269 469 nondum
1285 423 1372 469 ela·

1433 425 1571 475 modi,
1593 425 1707 469 unica
1731 425 1825 466 vice
1856 421 2080 468 faciendam
2097 451 2111 472 a
2144 425 2345 467 voluntati
2373 426 2467 469 dicti

341 483 454 542 psum
470 512 484 537 ,
509 497 555 530 ut
571 482 819 543 praefertur,
838 485 969 528 locata
987 484 1214 538 reperiatur
1228 509 1243 534 2
1259 486 1372 540 Apo·
1425 483 1592 542 Joannis
1609 485 1746 528 Mariae
1772 479 2017 526 satisfactum
2035 482 2114 526 effe
2134 483 2357 535 decernas,
2390 499 2471 529 non

342 542 482 588 fiolica
493 546 736 591 auctoritate
750 543 949 593 concedas
966 571 979 595 ,
1002 544 1042 586 δι
1055 539 1221 598 affignes
1236 570 1250 595 ‚
1264 555 1375 584 eam-

342 600 521 658 demque
539 603 793 649 demoliendi
811 599 1048 648 facultatem
1066 601 1218 646 tribuas
1233 629 1244 643 -
1277 604 1374 646 Non

342 660 525 705 obstante
552 661 769 707 voluntate
796 661 890 704 dieti
919 659 1126 711 Polidori,
1156 673 1274 718 quam
1292 689 1305 711 ,
1335 660 1375 702 δι

342 719 479 776 quoad
506 718 692 776 praemiffa
724 719 963 764 sufficienter
984 728 1278 765 commutamus
1293 746 1308 769 ‚
1330 731 1375 762 ac

345 778 738 834 constitutionibus,
761 781 801 822 &
823 778 1158 822 Ordinationibus
1175 776 1376 834 Apostoli·

346 837 404 880 cis
423 863 439 887 ‚
462 837 688 893 ceterisque
703 838 917 880 contrariis
938 835 1278 893 quibuscumque.

406 897 558 943 Datum
577 899 716 944 Romae
730 896 835 955 apud
864 900 904 939 S.
922 897 1087 938 Petrum
1114 892 1181 936 sub
1211 892 1378 935 Annulo

347 954 561 1000 Piscatoris
576 984 591 1006 ‚
616 955 743 1001 diexs
757 954 977 1012 s.Januarii
993 968 1141 999 Mocxi
1156 967 1169 998 ι
1183 968 1218 995 1.
1238 951 1375 997 Ponti·-

347 1012 488 1066 ficatus
504 1014 642 1060 Nostri
657 1017 778 1059 Anno
793 1017 936 1058 octavo
949 1042 961 1056 .

815 1131 949 1188 Scipio
966 1128 1227 1175 Cobellutius
1242 1155 1255 1169 .

412 1257 511 1299 Aut.
526 1255 570 1293 in
585 1251 704 1298 Arch.
723 1253 863 1292 secret·
881 1252 998 1293 Brcv.
1017 1245 1146 1304 Apost.
1157 1249 1247 1301 Reg.
1264 1242 1383 1298 mensi

467 1312 516 1359 θ’
539 1313 635 1352 anni
651 1319 703 1364 pr
712 1310 781 1350 ed.
794 1305 876 1366 fol.
894 1320 912 1349 2
919 1320 989 1365 97.
1026 1309 1122 1360 Lege
1150 1304 1203 1355 ῥ’
1225 1310 1267 1347 in
1278 1314 1382 1362 prae-

447 1367 645 1427 fintifol.
658 1367 795 1409 literas
812 1364 928 1423 incip.
947 1364 1057 1405 Alias
1072 1365 1150 1409 &c.

930 1444 1382 1461 ——u-——u-O--m

351 1552 579 1600 Annuum
610 1548 835 1614 Legatum
860 1580 874 1602 ,
907 1543 932 1591 a
956 1541 1184 1609 quondam
1198 1543 1381 1611 Joanne

417 1619 571 1668 Maria
594 1615 825 1667 Rizzardo
844 1616 1018 1667 Domui
1045 1617 1256 1663 Fratrum
1280 1616 1383 1661 Fer·

421 1689 549 1738 rariae
578 1685 792 1738 relictum
822 1686 1135 1742 commutari,
1165 1682 1212 1735 ἃ
1245 1684 1290 1731 in
1315 1678 1382 1731 *fa-

422 1757 597 1810 bricam
626 1755 759 1807 distae
788 1760 969 1809 Domus
987 1757 1225 1816 converti,
1255 1769 1384 1802 com-

418 1841 595 1882 mittit.

354 1959 390 2004 Α
406 1958 576 2012 Tergo:
614 1956 832 1999 Venerabili
857 1953 999 1999 Fratri
1024 1955 1203 2012 Episcopo
1231 1957 1382 2000 Ferra-

462 2016 562 2060 rien.
562 2016 639 2073 seu
666 2013 820 2058 Dilefflo
847 2016 979 2064 Filio,
1008 2015 1086 2070 ejus
1121 2015 1271 2057 Vicarto

582 2078 625 2119 in
628 2073 916 2132 spiritualibus
937 2070 1126 2116 Geni-razi
1136 2101 1148 2116 .

388 2193 836 2249 PAULUS
921 2192 1198 2244 PAPA
1283 2195 1346 2243 V.

357 2311 591 2359 Venerabilis
613 2315 761 2355 Frater
777 2340 790 2363 ‚
811 2311 888 2368 seu
924 2308 1077 2353 Dile157e
1095 2309 1174 2354 Fili
1178 2309 1382 2368 salutem,

528 2371 577 2422 (5
590 2369 852 2426 Apostoticam
879 2368 1182 2418 Bencdtblionem
1199 2399 1210 2413 .

459 2487 594 2540 Xponi
613 2501 741 2543 nuper
761 2487 892 2532 Nobis
921 2486 1018 2529 fecit
1047 2486 1233 2533 Dilectus
1262 2485 1385 2531 Filius

410 2552 416 2553 ⁷
476 2544 675 2598 Syndicus
697 2547 846 2591 Domus
863 2549 1050 2592 Fratrum
1068 2548 1274 2588 Minorum
1290 2548 1387 2589 San·

350 2604 418 2647 eti·
444 2603 645 2649 francisci
687 2608 988 2660 Capucinorum
1024 2617 1384 2660 nuncupatorum

352 2663 582 2708 ferrarien.
598 2664 706 2717 quod
724 2666 821 2708 alias
834 2666 1039 2721 quondam
1055 2667 1229 2721 Joannes
1255 2665 1384 2706 Maria

352 2721 553 2766 Rizzardi
568 2747 581 2770 a
605 2722 646 2764 in
663 2723 809 2767 ultimo
827 2752 840 2774 ‚
862 2723 972 2779 quod
1000 2723 1214 2774 condidit,
1243 2724 1283 2764 &
1315 2721 1385 2767 sub

353 2779 470 2834 eujus
486 2779 744 2835 dispositione
769 2783 819 2825 ab
836 2781 1019 2826 humanis
1035 2780 1197 2826 deceffit
1214 2809 1228 2833 ,
1246 2782 1385 2827 Testa·

351 2850 496 2882 mento
511 2867 526 2894 2
556 2840 664 2883 inter
676 2841 754 2886 alia
773 2855 896 2886 unum
915 2841 1096 2885 Modium
1115 2841 1292 2888 Farinae2
1319 2840 1386 2884 vel

353 2908 514 2942 tantum
547 2899 657 2954 panis
687 2901 788 2941 costi
804 2929 817 2950 ,
845 2915 891 2943 ac
920 2915 1043 2943 unum
1075 2900 1185 2950 olei,
1210 2901 1250 2943 δι
1277 2899 1385 2944 aliud

352 2970 457 2999 cerae
474 2957 593 3011 pensa
608 2986 622 3007 ,
653 2960 848 3006 mensurae
860 2959 1022 3006 illarum
1037 2959 1208 3017 partium
1230 2960 1384 3002 Fratri.

353 3017 428 3060 bus
445 3014 557 3062 dietae
575 3018 729 3059 Domus
746 3019 939 3074 reliquit,
968 3031 1084 3075 prout
1113 3020 1151 3062 in
1174 3018 1282 3060 dicto
1300 3021 1385 3062 Te-

354 3074 555 3118 stamento
573 3074 731 3130 plenius
759 3077 912 3121 dicitur
927 3077 1130 3123 contineri
1148 3105 1159 3121 .
1191 3079 1298 3119 Cum
1317 3092 1388 3120 au-

354 3144 439 3178 tem
453 3162 468 3185 ‚
494 3134 593 3178 ficut
611 3135 755 3178 eadem
769 3138 965 3191 expositio
981 3135 1245 3192 subiungebat
1261 3166 1277 3189 ,
1297 3140 1391 3181 Fra.

356 3203 442 3236 tres
456 3193 655 3248 Capucini
674 3196 917 3249 Legatorum
935 3194 1158 3251 hujusmodi
1175 3195 1384 3253 incapaces

356 3251 527 3296 existant
540 3278 554 3301 a
571 3250 723 3297 fabrica
741 3256 838 3297 vero
850 3252 964 3298 diaae
980 3258 1129 3298 Domus
1146 3254 1282 3311 aliquo
1297 3255 1387 3300 sub-

358 3310 560 3354 ventionis
582 3311 733 3354 auxilio
752 3311 960 3368 indigeat,
988 3317 1074 3360 Nos
1102 3312 1261 3360 fabricae
1288 3329 1387 3372 prae-

361 3368 472 3410 dictae
491 3369 794 3416 necessitatibus
809 3371 1020 3414 consulere
1032 3403 1048 3426 ‚
1062 3388 1106 3417 ac
1123 3373 1219 3421 alias
1233 3374 1273 3417 in
1291 3390 1389 3431 prae-

360 3427 475 3472 miffis
502 3429 719 3483 providere
746 3430 961 3486 volentes,
990 3434 1250 3479 Fraternitati
1282 3445 1389 3487 tuae,

359 3487 504 3551 Frater
533 3488 738 3544 Episcope
752 3518 766 3540 ‚
806 3488 872 3533 seu
900 3489 1145 3536 Discretioni
1174 3502 1248 3536 tuae
1265 3522 1280 3544 ,
1313 3494 1388 3543 Fili

362 3545 525 3587 Vicarie
543 3575 557 3599 ‚
573 3561 647 3602 per
663 3547 874 3605 praesentes
889 3550 1178 3593 committimus
1193 3579 1207 3602 ‚
1224 3552 1264 3594 δι
1276 3567 1389 3597 man-

360 3602 501 3644 damus
520 3632 534 3654 ,
559 3617 603 3649 ut
626 3607 813 3651 stantibus
832 3607 1028 3664 praemiffis
1043 3639 1057 3661 ,
1071 3619 1253 3659 tantum,
1267 3625 1390 3667 quan·

363 3673 448 3729 tum
464 3663 609 3707 sortem
625 3667 889 3723 principalem
903 3667 996 3708 dieti
1016 3669 1156 3726 Legati
1170 3669 1388 3713 aestimave-

364 3735 416 3761 ris
432 3750 445 3772 ,
462 3722 642 3775 Syndico
665 3727 851 3779 praedic‘to
864 3726 913 3768 ad
930 3725 1116 3772 effectum
1147 3727 1250 3773 illud
1276 3730 1316 3770 in
1332 3728 1393 3771 fa-

362 3780 513 3826 bricam
528 3780 638 3823 dietae
661 3784 813 3829 Domus
838 3788 1007 3833 omnino
1020 3788 1217 3848 erogandi
1234 3816 1248 3840 ,
1277 3789 1393 3844 Apo-

1435 542 1616 586 obstante
1647 543 1859 585 voluntate
1876 543 2065 597 praedieta
2082 572 2097 593 ,
2121 556 2166 584 ae
2198 543 2475 586 Constitutio-

1436 602 1575 649 nibus‚
1596 600 1980 643 &ordinationibus
2006 600 2276 655 Apostolicis3
2308 615 2471 646 necnon

1439 663 1590 704 Domus
1606 686 1619 706 a
1633 661 1672 703 δι
1684 658 1853 701 Ordinis
1869 657 2112 714 hujusmodi,
2127 661 2252 702 etiam
2263 658 2472 716 juramen-

1437 729 1508 771 to,
1532 717 1844 762 confirmatione
1862 717 2094 772 Apostolica
2113 746 2125 769 ,
2154 716 2372 772 velquavis
2395 719 2464 761 fir-

1439 777 1582 820 mitate
1597 777 1673 820 alia
1688 774 1890 819 roboratis
1910 777 2081 818 statutis
2101 803 2115 827 ,
2141 778 2177 819 &
2204 777 2474 822 consuetudi-

1439 837 1578 888 nibus,
1592 833 1817 886 ceterisque
1834 834 2050 881 contrariis
2067 835 2383 893 quibuscumque
2401 868 2413 879 .

1497 897 1648 939 Datum
1667 897 1805 937 Romae
1820 891 1925 948 apud
1942 895 2126 936 Sanctam
2149 892 2319 936 Mariam
2339 895 2470 952 Majo—

1436 967 1523 997 rem
1536 954 1606 995 sub
1623 952 1789 996 Annulo
1804 952 1951 995 Piscat.
1964 951 2032 993 die
2045 965 2097 993 xv
2108 952 2196 1007 1.Ju
2206 950 2251 994 lii
2263 965 2467 1007 mucxur,

1438 1012 1704 1059 Pontificatus
1723 1010 1844 1054 nostri
1860 1012 1977 1055 Anno
1993 1023 2123 1052 nono.

1914 1127 2050 1183 Scipio
2068 1127 2328 1171 Cobellutius
2343 1159 2355 1170 .

1501 1258 1644 1306 Autog.
1660 1248 1704 1290 in
1719 1245 2475 1303 Arch 5ecret.Brev.Apoll-Regimens:

1558 1308 1606 1356 (ς’
1620 1310 1716 1348 anni
1726 1303 1937 1363 praed.flvl.
1952 1319 2048 1361 337.
2063 1306 2107 1347 de
2124 1317 2198 1360 quo
2210 1306 2332 1348 Breve
2335 1303 2473 1364 form.

1556 1370 1599 1410 in
1614 1365 1734 1409 Arch.
1754 1369 1971 1409 Conventus
1990 1393 2003 1405 .

1442 1606 1571 1658 Alias
1588 1604 1760 1655 Literas
1776 1601 1874 1652 suas
1904 1602 2024 1652 circa
2046 1605 2255 1651 Domum
2285 1600 2473 1661 Secula·-¹

1511 1692 1610 1725 rem
1625 1711 1640 1733 ,
1676 1674 1852 1726 Domui
1868 1672 2022 1723 nostrat
2045 1667 2470 1724 Ferrarienfidomi-

1509 1760 1694 1796 nantem
1706 1745 1962 1794 executioni
1988 1743 2120 1801 dari,
2152 1740 2201 1792 ὅ(
2229 1740 2379 1808 primo
2407 1739 2478 1789 di-

1510 1816 1631 1866 &am
1673 1821 1879 1866 Domum
1907 1849 1923 1872 ,
1976 1815 2300 1862 reclamatione
2338 1812 2475 1860 unius

1513 1887 1779 1937 Executoris
1794 1883 2142 1934 'testamentarii
2163 1900 2252 1932 non
2268 1880 2475 1931 obstante-

1511 1956 1674 2007 destrui
1694 1992 1710 2015 ,
1747 1953 1970 2024 Episcopo
1992 1954 2084 2006 διε.
2103 1955 2356 2003 committit
2371 1989 2383 2001 .

1443 2080 1481 2120 A
1497 2089 1627 2131 tergo.
1654 2072 1866 2121 Venerabili
1884 2075 2026 2119 Fratri
2047 2071 2226 2129 Epifiopo
2245 2071 2476 2115 Ferrarien.

1458 2136 1537 2198 stu
1551 2135 1707 2180 DileHo
1723 2135 1846 2187 Pelio,
1852 2132 2103 2235 32:2⁶3in
2115 2136 2157 2175 in
2157 2128 2447 2190 spiritualibus

1479 2312 1924 2371 PAULUS
2013 2311 2290 2361 PAPA
2377 2307 2442 2355 V.

1452 2440 1686 2492 Venerabili}
1704 2443 1876 2492 Frater,
1892 2440 1968 2499 stu
1983 2436 2139 2480 DileHc
2153 2434 2236 2480 Fili
2245 2464 2260 2488 ‚
2267 2435 2464 2493 salutem,

1619 2500 1668 2551 (β’
1684 2499 1945 2558 Apostolicam
1965 2494 2273 2538 Benedimonem
2285 2523 2307 2544 .,

1571 2607 1663 2652 Lias
1678 2622 1752 2663 pro
1773 2612 1887 2660 parte
1913 2603 2062 2647 Dilec‘ti
2081 2602 2170 2648 Filii
2186 2601 2468 2645 Procuratoris

1600 2663 1817 2709 Generalis
1832 2666 2015 2707 Fratrum
2035 2663 2238 2706 Minorum
2251 2665 2291 2704 S.
2311 2660 2474 2701 Franci·-

1446 2728 1499 2771 sci
1515 2726 1815 2780 Capucinorum
1836 2731 2157 2778 nuncupatorum
2174 2750 2187 2770 ‚
2204 2719 2331 2763 Nobis
2348 2733 2475 2774 expo-

1445 2785 1649 2842 fito,quod
1660 2785 1862 2841 quondam
1879 2780 2161 2831 Polidorusde
2174 2777 2486 2829 Maranettis‚in,

1447 2845 1592 2889 ultimo
1606 2857 1677 2900 per
1688 2857 1781 2885 eum
1791 2840 1959 2884 condito
1975 2840 2253 2887 Testamenm,
2264 2837 2476 2894 quamdam

1448 2908 1624 2947 Domum
1651 2904 1691 2945 in
1722 2902 1908 2944 Civitate
1943 2897 2222 2948 ferrariensi,
2253 2896 2364 2953 juxta
2392 2894 2480 2938 suos

1446 2963 1663 3008 notiffimos
1679 2960 1778 3003 fines
1791 2961 1905 3002 fitam
1920 2958 2058 3008 vendi,
2070 2957 2227 3001 &illius
2243 2956 2421 3010 pretium
2436 2954 2477 2994 in

1447 3023 1616 3067 alterius
1653 3021 1713 3064 rei
1736 3016 1948 3062 frut‘liferae
1974 3017 2224 3072 emptionem
2252 3012 2477 3060 collocari,

1449 3081 1643 3139 ipliusque
1658 3079 1715 3123 rei
1730 3087 1874 3135 emptae
1892 3077 2041 3119 fruetus
2057 3074 2299 3131 pauperibus
2315 3068 2477 3125 erogari

1449 3141 1715 3188 mandaverat
1731 3167 1746 3190 ,
1769 3139 1808 3185 δι
1833 3135 1882 3179 ad
1901 3138 2007 3179 hunc
2022 3134 2203 3177 effectum
2223 3130 2362 3174 eadem
2390 3132 2472 3174 Do—

1450 3214 1538 3243 mus
1554 3201 1603 3242 ab
1622 3196 1947 3246 Executoribus,
1981 3193 2048 3238 seu
2073 3187 2357 3236 Commiss'ariis
2380 3186 2476 3230 dieti

1450 3258 1702 3305 Testamenti
1725 3256 1773 3300 ad
1786 3256 2031 3298 novennium
2048 3253 2177 3295 locata
2195 3246 2353 3297 fuerat,
2386 3247 2475 3288 &in

1448 3317 1594 3362 eadem
1608 3317 1855 3374 expofitione
1879 3313 2111 3369 subjuncto,
2135 3313 2306 3353 Domum
2336 3304 2476 3372 praedi-

1448 3380 1552 3421 etam
1570 3373 1822 3433 responsione
1837 3388 1992 3424 annua,
2014 3371 2092 3415 five
2114 3371 2282 3411 Canone
2309 3364 2375 3407 sex
2408 3367 2478 3407 Li-

1449 3438 1612 3480 brarum
1632 3444 1801 3477 monetae
1815 3432 1974 3478 illarum
1993 3428 2165 3486 partium
2181 3454 2194 3477 ,
2224 3426 2263 3467 in
2288 3422 2472 3467 favorem

1450 3494 1684 3541 Monasterii
1700 3492 1938 3537 Monialium
1961 3490 2108 3532 Sant’tae
2124 3484 2350 3528 Catharinae
2367 3482 2478 3524 dietae

1450 3554 1643 3597 Civitatis
1657 3583 1671 3606 ,
1699 3567 1744 3596 ac
1762 3549 2011 3609 praestatione
2027 3547 2148 3589 etiam
2167 3558 2298 3586 annua
2314 3541 2474 3584 duode-

1449 3613 1530 3655 cim
1556 3611 1760 3658 scutorum
1785 3637 1799 3658 2
1837 3608 1888 3652 ad
1917 3605 2173 3648 commodum
2203 3602 2349 3650 Dilc‘Cti
2381 3599 2470 3643 Filii

1451 3672 1659 3718 Vincentii
1678 3671 1840 3718 Silone,
1870 3665 2034 3711 Ordinis
2055 3667 2240 3708 Fratrum
2257 3666 2477 3704 servorum

1456 3731 1585 3773 Beatae
1602 3733 1737 3774 Mariae
1757 3723 1947 3776 Proferri,
1961 3724 2047 3780 ejus
2065 3724 2146 3765 vita
2171 3723 2369 3770 durante,
2386 3731 2480 3772 gra-

1455 3799 1587 3833 vatam
1604 3787 1680 3832 effe
1694 3815 1708 3839 ,
1732 3785 1845 3828 illam
1865 3786 1962 3828 vero
1977 3784 2068 3826 loco
2083 3811 2096 3834 ,
2127 3784 2168 3827 in
2184 3795 2263 3838 quo
2280 3791 2379 3822 nova
2396 3780 2479 3818 Do·

2352 3849 2421 3878 mo
