<?xml version="1.0" encoding="UTF-8"?>
<!DOCTYPE html PUBLIC "-//W3C//DTD XHTML 1.0 Transitional//EN"
    "http://www.w3.org/TR/xhtml1/DTD/xhtml1-transitional.dtd">
<html xmlns="http://www.w3.org/1999/xhtml" xml:lang="en" lang="en">
 <head>
  <title>
</title>
<meta http-equiv="Content-Type" content="text/html;charset=utf-8" />
  <meta name='ocr-system' content='tesseract 3.04.00' />
  <meta name='ocr-capabilities' content='ocr_page ocr_carea ocr_par ocr_line ocrx_word'/>
</head>
<body>
  <div class='ocr_page' id='page_1' title='image "./bullariumordinis02cath_0345.png"; bbox 0 0 2762 4108; ppageno 0'>
   <div class='ocr_carea' id='block_1_1' title="bbox 0 3044 11 3334">
    <p class='ocr_par' dir='ltr' id='par_1_1' title="bbox 0 3044 11 3334">
     <span class='ocr_line' id='line_1_1' title="bbox 0 3044 11 3334; textangle 90"><span class='ocrx_word' id='word_1_1' title='bbox 0 3213 11 3334; x_wconf 53' lang='lat' dir='ltr'>-wa-‹n-uu</span> <span class='ocrx_word' id='word_1_2' title='bbox 0 3139 7 3178; x_wconf 46' lang='grc' dir='ltr'>νη-</span> <span class='ocrx_word' id='word_1_3' title='bbox 0 3111 6 3129; x_wconf 48' lang='lat' dir='ltr'>&lt;l</span> <span class='ocrx_word' id='word_1_4' title='bbox 0 3088 3 3090; x_wconf 89' lang='lat'>-</span> <span class='ocrx_word' id='word_1_5' title='bbox 0 3067 4 3070; x_wconf 86' lang='lat'>.</span> <span class='ocrx_word' id='word_1_6' title='bbox 0 3044 4 3053; x_wconf 78' lang='lat'><em>-</em></span> 
     </span>
    </p>
   </div>
   <div class='ocr_carea' id='block_1_2' title="bbox 1035 222 1655 310">
    <p class='ocr_par' dir='ltr' id='par_1_2' title="bbox 1035 222 1655 310">
     <span class='ocr_line' id='line_1_2' title="bbox 1035 222 1655 310; baseline 0 -4"><span class='ocrx_word' id='word_1_7' title='bbox 1035 222 1655 310; x_wconf 78' lang='lat' dir='ltr'>Lombardiae.</span> 
     </span>
    </p>
   </div>
   <div class='ocr_carea' id='block_1_3' title="bbox 291 405 1328 621">
    <p class='ocr_par' dir='ltr' id='par_1_3' title="bbox 291 405 1328 621">
     <span class='ocr_line' id='line_1_3' title="bbox 291 405 1328 476; baseline -0.016 -3"><span class='ocrx_word' id='word_1_8' title='bbox 291 423 455 476; x_wconf 81' lang='lat' dir='ltr'>Altare</span> <span class='ocrx_word' id='word_1_9' title='bbox 491 410 764 468; x_wconf 67' lang='lat' dir='ltr'>Sanfliffirni</span> <span class='ocrx_word' id='word_1_10' title='bbox 795 405 1022 461; x_wconf 84' lang='lat' dir='ltr'>Crucifixi</span> <span class='ocrx_word' id='word_1_11' title='bbox 1056 410 1103 460; x_wconf 85' lang='lat' dir='ltr'>in</span> <span class='ocrx_word' id='word_1_12' title='bbox 1129 408 1328 463; x_wconf 75' lang='lat' dir='ltr'>Ecclesia</span> 
     </span>
     <span class='ocr_line' id='line_1_4' title="bbox 359 476 1327 545; baseline -0.011 -5"><span class='ocrx_word' id='word_1_13' title='bbox 359 487 537 545; x_wconf 70' lang='lat' dir='ltr'>Domus</span> <span class='ocrx_word' id='word_1_14' title='bbox 551 487 727 535; x_wconf 68' lang='lat' dir='ltr'>Parmae</span> <span class='ocrx_word' id='word_1_15' title='bbox 743 478 803 531; x_wconf 82' lang='lat' dir='ltr'>ad</span> <span class='ocrx_word' id='word_1_16' title='bbox 815 476 1046 531; x_wconf 85' lang='lat' dir='ltr'>instantias</span> <span class='ocrx_word' id='word_1_17' title='bbox 1061 481 1216 528; x_wconf 88' lang='lat' dir='ltr'>Seren.</span> <span class='ocrx_word' id='word_1_18' title='bbox 1232 484 1327 534; x_wconf 89' lang='lat' dir='ltr'>Du·</span> 
     </span>
     <span class='ocr_line' id='line_1_5' title="bbox 361 548 1324 621; baseline -0.016 -8"><span class='ocrx_word' id='word_1_19' title='bbox 361 563 425 612; x_wconf 82' lang='lat' dir='ltr'>cis</span> <span class='ocrx_word' id='word_1_20' title='bbox 438 551 662 610; x_wconf 84' lang='lat' dir='ltr'>Francisci</span> <span class='ocrx_word' id='word_1_21' title='bbox 680 554 728 602; x_wconf 87' lang='lat' dir='ltr'>in</span> <span class='ocrx_word' id='word_1_22' title='bbox 744 563 1016 621; x_wconf 85' lang='lat' dir='ltr'>perpetuum</span> <span class='ocrx_word' id='word_1_23' title='bbox 1031 548 1293 619; x_wconf 74' lang='lat' dir='ltr'>privilegiat</span> <span class='ocrx_word' id='word_1_24' title='bbox 1312 585 1324 598; x_wconf 90' lang='lat'><strong>.</strong></span> 
     </span>
    </p>
   </div>
   <div class='ocr_carea' id='block_1_4' title="bbox 291 680 1326 745">
    <p class='ocr_par' dir='ltr' id='par_1_4' title="bbox 291 680 1326 745">
     <span class='ocr_line' id='line_1_6' title="bbox 291 680 1326 745; baseline -0.018 0"><span class='ocrx_word' id='word_1_25' title='bbox 291 684 810 745; x_wconf 81' lang='lat' dir='ltr'><strong>CLEMENS</strong></span> <span class='ocrx_word' id='word_1_26' title='bbox 882 680 1160 730; x_wconf 77' lang='lat' dir='ltr'>PAPA</span> <span class='ocrx_word' id='word_1_27' title='bbox 1230 681 1326 732; x_wconf 86' lang='lat' dir='ltr'>XI.</span> 
     </span>
    </p>
   </div>
   <div class='ocr_carea' id='block_1_5' title="bbox 477 805 1154 869">
    <p class='ocr_par' dir='ltr' id='par_1_5' title="bbox 477 805 1154 869">
     <span class='ocr_line' id='line_1_7' title="bbox 477 805 1154 869; baseline -0.013 -9"><span class='ocrx_word' id='word_1_28' title='bbox 477 814 546 860; x_wconf 76' lang='lat' dir='ltr'>Ad</span> <span class='ocrx_word' id='word_1_29' title='bbox 563 819 794 869; x_wconf 75' lang='lat' dir='ltr'>perpetuane</span> <span class='ocrx_word' id='word_1_30' title='bbox 816 812 877 854; x_wconf 70' lang='lat' dir='ltr'>rel</span> <span class='ocrx_word' id='word_1_31' title='bbox 900 805 1154 853; x_wconf 68' lang='lat' dir='ltr'>memoriam.</span> 
     </span>
    </p>
   </div>
   <div class='ocr_carea' id='block_1_6' title="bbox 280 922 1334 3504">
    <p class='ocr_par' dir='ltr' id='par_1_6' title="bbox 430 922 1325 984">
     <span class='ocr_line' id='line_1_8' title="bbox 430 922 1325 984; baseline -0.012 -7"><span class='ocrx_word' id='word_1_32' title='bbox 430 933 586 978; x_wconf 86' lang='lat' dir='ltr'>Mnium</span> <span class='ocrx_word' id='word_1_33' title='bbox 600 927 740 981; x_wconf 79' lang='lat' dir='ltr'>saluti,</span> <span class='ocrx_word' id='word_1_34' title='bbox 757 926 929 984; x_wconf 65' lang='lat' dir='ltr'>paterna</span> <span class='ocrx_word' id='word_1_35' title='bbox 943 927 1146 971; x_wconf 81' lang='lat' dir='ltr'>charitate</span> <span class='ocrx_word' id='word_1_36' title='bbox 1160 922 1325 976; x_wconf 85' lang='lat' dir='ltr'>intenti,</span> 
     </span>
    </p>

    <p class='ocr_par' dir='ltr' id='par_1_7' title="bbox 280 982 1334 3504">
     <span class='ocr_line' id='line_1_9' title="bbox 448 982 1326 1044; baseline -0.011 -10"><span class='ocrx_word' id='word_1_37' title='bbox 448 992 554 1038; x_wconf 84' lang='lat' dir='ltr'>sacra</span> <span class='ocrx_word' id='word_1_38' title='bbox 569 987 776 1032; x_wconf 89' lang='lat' dir='ltr'>interdum</span> <span class='ocrx_word' id='word_1_39' title='bbox 789 985 880 1030; x_wconf 84' lang='lat' dir='ltr'>loca</span> <span class='ocrx_word' id='word_1_40' title='bbox 896 984 1167 1044; x_wconf 76' lang='lat' dir='ltr'>spiritualibus</span> <span class='ocrx_word' id='word_1_41' title='bbox 1185 982 1326 1025; x_wconf 87' lang='lat' dir='ltr'>Indul-</span> 
     </span>
     <span class='ocr_line' id='line_1_10' title="bbox 289 1041 1329 1114; baseline -0.015 -14"><span class='ocrx_word' id='word_1_42' title='bbox 289 1057 521 1114; x_wconf 87' lang='lat' dir='ltr'>gentiarum</span> <span class='ocrx_word' id='word_1_43' title='bbox 538 1047 769 1091; x_wconf 84' lang='lat' dir='ltr'>muneribus</span> <span class='ocrx_word' id='word_1_44' title='bbox 784 1044 1025 1088; x_wconf 76' lang='lat' dir='ltr'>decoramus</span> <span class='ocrx_word' id='word_1_45' title='bbox 1038 1073 1054 1097; x_wconf 90' lang='lat'><strong>,</strong></span> <span class='ocrx_word' id='word_1_46' title='bbox 1082 1054 1126 1086; x_wconf 91' lang='lat' dir='ltr'>ut</span> <span class='ocrx_word' id='word_1_47' title='bbox 1152 1042 1246 1085; x_wconf 92' lang='lat' dir='ltr'>inde</span> <span class='ocrx_word' id='word_1_48' title='bbox 1264 1041 1329 1085; x_wconf 84' lang='lat' dir='ltr'>Fi·</span> 
     </span>
     <span class='ocr_line' id='line_1_11' title="bbox 289 1102 1330 1161; baseline -0.017 0"><span class='ocrx_word' id='word_1_49' title='bbox 289 1110 446 1161; x_wconf 78' lang='lat' dir='ltr'>delium</span> <span class='ocrx_word' id='word_1_50' title='bbox 464 1105 755 1154; x_wconf 67' lang='lat' dir='ltr'>Defunctorum</span> <span class='ocrx_word' id='word_1_51' title='bbox 767 1103 1101 1155; x_wconf 77' lang='lat' dir='ltr'>Animae,Domini</span> <span class='ocrx_word' id='word_1_52' title='bbox 1119 1102 1330 1159; x_wconf 88' lang='lat' dir='ltr'>NostriJe-</span> 
     </span>
     <span class='ocr_line' id='line_1_12' title="bbox 290 1160 1332 1223; baseline -0.012 -8"><span class='ocrx_word' id='word_1_53' title='bbox 290 1177 331 1220; x_wconf 73' lang='lat' dir='ltr'>m</span> <span class='ocrx_word' id='word_1_54' title='bbox 351 1167 502 1216; x_wconf 82' lang='lat' dir='ltr'>Chrisli</span> <span class='ocrx_word' id='word_1_55' title='bbox 517 1196 533 1219; x_wconf 84' lang='lat'>‚</span> <span class='ocrx_word' id='word_1_56' title='bbox 562 1161 725 1223; x_wconf 81' lang='lat' dir='ltr'>ejusque</span> <span class='ocrx_word' id='word_1_57' title='bbox 741 1166 977 1207; x_wconf 66' lang='lat' dir='ltr'>Sanctorum</span> <span class='ocrx_word' id='word_1_58' title='bbox 1006 1160 1184 1216; x_wconf 81' lang='lat' dir='ltr'>suffragia</span> <span class='ocrx_word' id='word_1_59' title='bbox 1208 1161 1332 1204; x_wconf 87' lang='lat' dir='ltr'>meri-</span> 
     </span>
     <span class='ocr_line' id='line_1_13' title="bbox 290 1219 1332 1280; baseline -0.013 -4"><span class='ocrx_word' id='word_1_60' title='bbox 290 1243 425 1277; x_wconf 84' lang='lat' dir='ltr'>torum</span> <span class='ocrx_word' id='word_1_61' title='bbox 440 1223 654 1280; x_wconf 81' lang='lat' dir='ltr'>consequi,</span> <span class='ocrx_word' id='word_1_62' title='bbox 685 1223 726 1264; x_wconf 72' lang='grc' dir='ltr'>δὲ</span> <span class='ocrx_word' id='word_1_63' title='bbox 746 1221 828 1265; x_wconf 87' lang='lat' dir='ltr'>illis</span> <span class='ocrx_word' id='word_1_64' title='bbox 841 1220 1010 1279; x_wconf 84' lang='lat' dir='ltr'>adjutae,</span> <span class='ocrx_word' id='word_1_65' title='bbox 1032 1234 1082 1263; x_wconf 84' lang='lat' dir='ltr'>ex</span> <span class='ocrx_word' id='word_1_66' title='bbox 1106 1219 1332 1277; x_wconf 78' lang='lat' dir='ltr'>purgatorii</span> 
     </span>
     <span class='ocr_line' id='line_1_14' title="bbox 288 1278 1332 1351; baseline -0.011 -19"><span class='ocrx_word' id='word_1_67' title='bbox 288 1287 423 1351; x_wconf 81' lang='lat' dir='ltr'>poenis</span> <span class='ocrx_word' id='word_1_68' title='bbox 447 1286 499 1328; x_wconf 93' lang='lat' dir='ltr'>ad</span> <span class='ocrx_word' id='word_1_69' title='bbox 526 1293 716 1326; x_wconf 74' lang='lat' dir='ltr'>aternam</span> <span class='ocrx_word' id='word_1_70' title='bbox 731 1278 899 1325; x_wconf 80' lang='lat' dir='ltr'>salutem</span> <span class='ocrx_word' id='word_1_71' title='bbox 915 1293 988 1336; x_wconf 93' lang='lat' dir='ltr'>per</span> <span class='ocrx_word' id='word_1_72' title='bbox 1004 1280 1080 1321; x_wconf 89' lang='lat' dir='ltr'>Dei</span> <span class='ocrx_word' id='word_1_73' title='bbox 1108 1280 1332 1322; x_wconf 79' lang='lat' dir='ltr'>misericor-</span> 
     </span>
     <span class='ocr_line' id='line_1_15' title="bbox 281 1337 1332 1400; baseline -0.012 -7"><span class='ocrx_word' id='word_1_74' title='bbox 281 1350 402 1393; x_wconf 73' lang='lat' dir='ltr'>‘diani</span> <span class='ocrx_word' id='word_1_75' title='bbox 425 1341 595 1400; x_wconf 77' lang='lat' dir='ltr'>perduci</span> <span class='ocrx_word' id='word_1_76' title='bbox 613 1340 799 1384; x_wconf 84' lang='lat' dir='ltr'>valeant.</span> <span class='ocrx_word' id='word_1_77' title='bbox 832 1341 939 1383; x_wconf 92' lang='lat' dir='ltr'>Cum</span> <span class='ocrx_word' id='word_1_78' title='bbox 949 1338 1094 1394; x_wconf 83' lang='lat' dir='ltr'>itaque</span> <span class='ocrx_word' id='word_1_79' title='bbox 1109 1366 1124 1391; x_wconf 87' lang='lat'><strong>,</strong></span> <span class='ocrx_word' id='word_1_80' title='bbox 1145 1337 1243 1381; x_wconf 82' lang='lat' dir='ltr'>sicut</span> <span class='ocrx_word' id='word_1_81' title='bbox 1260 1350 1332 1393; x_wconf 90' lang='lat' dir='ltr'>pro</span> 
     </span>
     <span class='ocr_line' id='line_1_16' title="bbox 289 1396 1334 1466; baseline -0.011 -16"><span class='ocrx_word' id='word_1_82' title='bbox 289 1417 405 1466; x_wconf 88' lang='lat' dir='ltr'>parte</span> <span class='ocrx_word' id='word_1_83' title='bbox 420 1401 566 1446; x_wconf 71' lang='lat' dir='ltr'>Dilecii</span> <span class='ocrx_word' id='word_1_84' title='bbox 584 1398 702 1448; x_wconf 83' lang='lat' dir='ltr'>Filii,</span> <span class='ocrx_word' id='word_1_85' title='bbox 716 1397 874 1442; x_wconf 83' lang='lat' dir='ltr'>Nobilis</span> <span class='ocrx_word' id='word_1_86' title='bbox 888 1397 976 1441; x_wconf 91' lang='lat' dir='ltr'>Viri</span> <span class='ocrx_word' id='word_1_87' title='bbox 989 1425 1006 1447; x_wconf 92' lang='lat'>,</span> <span class='ocrx_word' id='word_1_88' title='bbox 1022 1396 1218 1440; x_wconf 78' lang='lat' dir='ltr'>Francis‘ci</span> <span class='ocrx_word' id='word_1_89' title='bbox 1239 1399 1334 1441; x_wconf 87' lang='lat' dir='ltr'>Far-</span> 
     </span>
     <span class='ocr_line' id='line_1_17' title="bbox 280 1451 1332 1512; baseline -0.012 -1"><span class='ocrx_word' id='word_1_90' title='bbox 280 1465 389 1511; x_wconf 78' lang='lat' dir='ltr'>&#39;nesii</span> <span class='ocrx_word' id='word_1_91' title='bbox 405 1465 555 1507; x_wconf 79' lang='lat' dir='ltr'>Parmae</span> <span class='ocrx_word' id='word_1_92' title='bbox 569 1484 583 1507; x_wconf 72' lang='lat' dir='ltr'>a</span> <span class='ocrx_word' id='word_1_93' title='bbox 595 1460 638 1500; x_wconf 72' lang='grc' dir='ltr'>ἃ.</span> <span class='ocrx_word' id='word_1_94' title='bbox 656 1457 871 1501; x_wconf 81' lang='lat' dir='ltr'>Placentiae</span> <span class='ocrx_word' id='word_1_95' title='bbox 890 1451 1032 1506; x_wconf 78' lang='lat' dir='ltr'>Ducis,</span> <span class='ocrx_word' id='word_1_96' title='bbox 1049 1457 1185 1499; x_wconf 86' lang='lat' dir='ltr'>Nobis</span> <span class='ocrx_word' id='word_1_97' title='bbox 1203 1470 1332 1512; x_wconf 84' lang='lat' dir='ltr'>nuper</span> 
     </span>
     <span class='ocr_line' id='line_1_18' title="bbox 290 1513 1332 1581; baseline -0.015 -12"><span class='ocrx_word' id='word_1_98' title='bbox 290 1521 519 1581; x_wconf 82' lang='lat' dir='ltr'>expositum</span> <span class='ocrx_word' id='word_1_99' title='bbox 543 1517 620 1560; x_wconf 88' lang='lat' dir='ltr'>suit</span> <span class='ocrx_word' id='word_1_100' title='bbox 636 1545 650 1568; x_wconf 87' lang='lat'>,</span> <span class='ocrx_word' id='word_1_101' title='bbox 676 1515 718 1558; x_wconf 89' lang='lat' dir='ltr'>in</span> <span class='ocrx_word' id='word_1_102' title='bbox 743 1513 923 1563; x_wconf 82' lang='lat' dir='ltr'>Ecclesia</span> <span class='ocrx_word' id='word_1_103' title='bbox 948 1517 1138 1563; x_wconf 78' lang='lat' dir='ltr'>Fratrum</span> <span class='ocrx_word' id='word_1_104' title='bbox 1164 1515 1332 1565; x_wconf 76' lang='lat' dir='ltr'>Ordinis</span> 
     </span>
     <span class='ocr_line' id='line_1_19' title="bbox 289 1573 1332 1631; baseline -0.01 -3"><span class='ocrx_word' id='word_1_105' title='bbox 289 1585 499 1628; x_wconf 81' lang='lat' dir='ltr'>Minorum</span> <span class='ocrx_word' id='word_1_106' title='bbox 527 1581 568 1621; x_wconf 88' lang='lat' dir='ltr'>S.</span> <span class='ocrx_word' id='word_1_107' title='bbox 583 1574 782 1619; x_wconf 78' lang='lat' dir='ltr'>Francisci</span> <span class='ocrx_word' id='word_1_108' title='bbox 795 1573 1101 1630; x_wconf 74' lang='lat' dir='ltr'>Capacinorum</span> <span class='ocrx_word' id='word_1_109' title='bbox 1123 1587 1332 1631; x_wconf 79' lang='lat' dir='ltr'>nuncupa-</span> 
     </span>
     <span class='ocr_line' id='line_1_20' title="bbox 292 1631 1334 1688; baseline -0.01 -2"><span class='ocrx_word' id='word_1_110' title='bbox 292 1654 446 1688; x_wconf 84' lang='lat' dir='ltr'>torum,</span> <span class='ocrx_word' id='word_1_111' title='bbox 460 1635 653 1681; x_wconf 87' lang='lat' dir='ltr'>Civitatis</span> <span class='ocrx_word' id='word_1_112' title='bbox 668 1631 894 1676; x_wconf 82' lang='lat' dir='ltr'>Parmensis</span> <span class='ocrx_word' id='word_1_113' title='bbox 906 1659 921 1682; x_wconf 86' lang='lat'>,</span> <span class='ocrx_word' id='word_1_114' title='bbox 935 1631 1158 1682; x_wconf 83' lang='lat' dir='ltr'>Cadavera</span> <span class='ocrx_word' id='word_1_115' title='bbox 1174 1634 1334 1677; x_wconf 83' lang='lat' dir='ltr'>Princi-</span> 
     </span>
     <span class='ocr_line' id='line_1_21' title="bbox 290 1691 1331 1759; baseline -0.009 -15"><span class='ocrx_word' id='word_1_116' title='bbox 290 1715 387 1759; x_wconf 86' lang='lat' dir='ltr'>pum</span> <span class='ocrx_word' id='word_1_117' title='bbox 417 1711 469 1743; x_wconf 87' lang='lat' dir='ltr'>ex</span> <span class='ocrx_word' id='word_1_118' title='bbox 493 1693 660 1740; x_wconf 80' lang='lat' dir='ltr'>Familia</span> <span class='ocrx_word' id='word_1_119' title='bbox 677 1691 861 1736; x_wconf 82' lang='lat' dir='ltr'>Faruefia</span> <span class='ocrx_word' id='word_1_120' title='bbox 877 1691 1036 1746; x_wconf 84' lang='lat' dir='ltr'>sepulta</span> <span class='ocrx_word' id='word_1_121' title='bbox 1064 1692 1164 1744; x_wconf 83' lang='lat' dir='ltr'>sint,</span> <span class='ocrx_word' id='word_1_122' title='bbox 1195 1693 1331 1748; x_wconf 87' lang='lat' dir='ltr'>ibique</span> 
     </span>
     <span class='ocr_line' id='line_1_22' title="bbox 291 1748 1330 1809; baseline -0.008 -7"><span class='ocrx_word' id='word_1_123' title='bbox 291 1759 444 1808; x_wconf 72' lang='lat' dir='ltr'>Altare</span> <span class='ocrx_word' id='word_1_124' title='bbox 458 1784 474 1809; x_wconf 87' lang='lat'><strong>,</strong></span> <span class='ocrx_word' id='word_1_125' title='bbox 504 1755 574 1799; x_wconf 89' lang='lat' dir='ltr'>sub</span> <span class='ocrx_word' id='word_1_126' title='bbox 598 1750 860 1796; x_wconf 85' lang='lat' dir='ltr'>invocatione</span> <span class='ocrx_word' id='word_1_127' title='bbox 874 1748 1107 1797; x_wconf 66' lang='lat' dir='ltr'>Sanffiffimi</span> <span class='ocrx_word' id='word_1_128' title='bbox 1129 1751 1330 1797; x_wconf 85' lang='lat' dir='ltr'>Crucifixi</span> 
     </span>
     <span class='ocr_line' id='line_1_23' title="bbox 292 1807 1332 1867; baseline -0.011 -4"><span class='ocrx_word' id='word_1_129' title='bbox 292 1820 475 1863; x_wconf 65' lang='lat' dir='ltr'>erectum</span> <span class='ocrx_word' id='word_1_130' title='bbox 491 1844 508 1867; x_wconf 89' lang='lat'>,</span> <span class='ocrx_word' id='word_1_131' title='bbox 522 1811 577 1859; x_wconf 86' lang='lat' dir='ltr'>ad</span> <span class='ocrx_word' id='word_1_132' title='bbox 594 1809 718 1867; x_wconf 84' lang='lat' dir='ltr'>ipsum</span> <span class='ocrx_word' id='word_1_133' title='bbox 734 1807 992 1854; x_wconf 80' lang='lat' dir='ltr'>Franciscum</span> <span class='ocrx_word' id='word_1_134' title='bbox 1018 1809 1179 1851; x_wconf 88' lang='lat' dir='ltr'>Ducem</span> <span class='ocrx_word' id='word_1_135' title='bbox 1205 1811 1332 1866; x_wconf 88' lang='lat' dir='ltr'>perti·</span> 
     </span>
     <span class='ocr_line' id='line_1_24' title="bbox 289 1867 1331 1930; baseline -0.014 -8"><span class='ocrx_word' id='word_1_136' title='bbox 289 1890 394 1922; x_wconf 81' lang='lat' dir='ltr'>nens</span> <span class='ocrx_word' id='word_1_137' title='bbox 422 1871 649 1930; x_wconf 81' lang='lat' dir='ltr'>reperiatur</span> <span class='ocrx_word' id='word_1_138' title='bbox 662 1896 678 1920; x_wconf 81' lang='lat'>‚</span> <span class='ocrx_word' id='word_1_139' title='bbox 708 1871 794 1914; x_wconf 81' lang='lat' dir='ltr'>Nos</span> <span class='ocrx_word' id='word_1_140' title='bbox 811 1867 1035 1915; x_wconf 74' lang='lat' dir='ltr'>Ecclesiam</span> <span class='ocrx_word' id='word_1_141' title='bbox 1048 1893 1063 1915; x_wconf 78' lang='lat'>,</span> <span class='ocrx_word' id='word_1_142' title='bbox 1082 1868 1123 1910; x_wconf 74' lang='grc' dir='ltr'>δι</span> <span class='ocrx_word' id='word_1_143' title='bbox 1146 1869 1331 1914; x_wconf 61' lang='lat' dir='ltr'>Altam,</span> 
     </span>
     <span class='ocr_line' id='line_1_25' title="bbox 293 1925 1328 1993; baseline -0.011 -13"><span class='ocrx_word' id='word_1_144' title='bbox 293 1931 521 1993; x_wconf 85' lang='lat' dir='ltr'>hujusmodi</span> <span class='ocrx_word' id='word_1_145' title='bbox 550 1931 624 1973; x_wconf 84' lang='lat' dir='ltr'>boc</span> <span class='ocrx_word' id='word_1_146' title='bbox 651 1925 1156 1983; x_wconf 80' lang='lat' dir='ltr'>specialidonoillustrare</span> <span class='ocrx_word' id='word_1_147' title='bbox 1187 1928 1328 1970; x_wconf 89' lang='lat' dir='ltr'>volen-</span> 
     </span>
     <span class='ocr_line' id='line_1_26' title="bbox 290 1985 1326 2048; baseline -0.005 -15"><span class='ocrx_word' id='word_1_148' title='bbox 290 2005 354 2040; x_wconf 75' lang='lat' dir='ltr'>tes</span> <span class='ocrx_word' id='word_1_149' title='bbox 365 2021 380 2042; x_wconf 81' lang='lat'>,</span> <span class='ocrx_word' id='word_1_150' title='bbox 402 1995 443 2036; x_wconf 75' lang='grc' dir='ltr'>δι</span> <span class='ocrx_word' id='word_1_151' title='bbox 456 1989 728 2048; x_wconf 81' lang='lat' dir='ltr'>quodcunque</span> <span class='ocrx_word' id='word_1_152' title='bbox 741 1985 853 2029; x_wconf 81' lang='lat' dir='ltr'>aliud</span> <span class='ocrx_word' id='word_1_153' title='bbox 866 1986 1011 2028; x_wconf 84' lang='lat' dir='ltr'>Altare</span> <span class='ocrx_word' id='word_1_154' title='bbox 1026 1985 1326 2041; x_wconf 84' lang='lat' dir='ltr'>privilegiatum</span> 
     </span>
     <span class='ocr_line' id='line_1_27' title="bbox 287 2042 1326 2110; baseline -0.01 -13"><span class='ocrx_word' id='word_1_155' title='bbox 287 2065 364 2110; x_wconf 83' lang='lat' dir='ltr'>pro</span> <span class='ocrx_word' id='word_1_156' title='bbox 388 2050 604 2096; x_wconf 81' lang='lat' dir='ltr'>Animabus</span> <span class='ocrx_word' id='word_1_157' title='bbox 628 2043 832 2088; x_wconf 86' lang='lat' dir='ltr'>Fidelium</span> <span class='ocrx_word' id='word_1_158' title='bbox 861 2042 1154 2087; x_wconf 72' lang='lat' dir='ltr'>Defirnc&#39;torum</span> <span class='ocrx_word' id='word_1_159' title='bbox 1183 2044 1206 2087; x_wconf 65' lang='grc' dir='ltr'>ἓ</span> <span class='ocrx_word' id='word_1_160' title='bbox 1230 2059 1326 2101; x_wconf 65' lang='lat' dir='ltr'>pur»</span> 
     </span>
     <span class='ocr_line' id='line_1_28' title="bbox 287 2102 1328 2170; baseline -0.009 -16"><span class='ocrx_word' id='word_1_161' title='bbox 287 2111 439 2170; x_wconf 85' lang='lat' dir='ltr'>gatorii</span> <span class='ocrx_word' id='word_1_162' title='bbox 465 2107 599 2166; x_wconf 87' lang='lat' dir='ltr'>poenis</span> <span class='ocrx_word' id='word_1_163' title='bbox 627 2102 853 2160; x_wconf 84' lang='lat' dir='ltr'>hujusmodi</span> <span class='ocrx_word' id='word_1_164' title='bbox 882 2103 1101 2148; x_wconf 74' lang='lat' dir='ltr'>liberandis</span> <span class='ocrx_word' id='word_1_165' title='bbox 1121 2132 1134 2155; x_wconf 89' lang='lat'>,</span> <span class='ocrx_word' id='word_1_166' title='bbox 1167 2103 1192 2146; x_wconf 88' lang='lat' dir='ltr'>si</span> <span class='ocrx_word' id='word_1_167' title='bbox 1220 2105 1328 2159; x_wconf 91' lang='lat' dir='ltr'>quod</span> 
     </span>
     <span class='ocr_line' id='line_1_29' title="bbox 290 2161 1330 2219; baseline -0.01 -5"><span class='ocrx_word' id='word_1_168' title='bbox 290 2173 334 2214; x_wconf 90' lang='lat' dir='ltr'>in</span> <span class='ocrx_word' id='word_1_169' title='bbox 359 2169 506 2214; x_wconf 86' lang='lat' dir='ltr'>eadem</span> <span class='ocrx_word' id='word_1_170' title='bbox 522 2164 704 2210; x_wconf 79' lang='lat' dir='ltr'>Ecclesia</span> <span class='ocrx_word' id='word_1_171' title='bbox 727 2161 983 2219; x_wconf 78' lang='lat' dir='ltr'>generaliter</span> <span class='ocrx_word' id='word_1_172' title='bbox 1008 2161 1236 2205; x_wconf 76' lang='lat' dir='ltr'>concessum</span> <span class='ocrx_word' id='word_1_173' title='bbox 1254 2165 1299 2205; x_wconf 89' lang='lat' dir='ltr'>sit</span> <span class='ocrx_word' id='word_1_174' title='bbox 1315 2191 1330 2215; x_wconf 88' lang='lat'>,</span> 
     </span>
     <span class='ocr_line' id='line_1_30' title="bbox 289 2220 1328 2276; baseline -0.008 -4"><span class='ocrx_word' id='word_1_175' title='bbox 289 2231 434 2272; x_wconf 86' lang='lat' dir='ltr'>harum</span> <span class='ocrx_word' id='word_1_176' title='bbox 450 2226 549 2271; x_wconf 80' lang='lat' dir='ltr'>serie</span> <span class='ocrx_word' id='word_1_177' title='bbox 565 2223 809 2267; x_wconf 79' lang='lat' dir='ltr'>revocantes</span> <span class='ocrx_word' id='word_1_178' title='bbox 825 2248 839 2271; x_wconf 89' lang='lat'>‚</span> <span class='ocrx_word' id='word_1_179' title='bbox 870 2220 950 2275; x_wconf 87' lang='lat' dir='ltr'>piis</span> <span class='ocrx_word' id='word_1_180' title='bbox 969 2221 1328 2276; x_wconf 72' lang='lat' dir='ltr'>supplicationibus</span> 
     </span>
     <span class='ocr_line' id='line_1_31' title="bbox 290 2277 1329 2338; baseline -0.009 -9"><span class='ocrx_word' id='word_1_181' title='bbox 290 2285 504 2331; x_wconf 82' lang='lat' dir='ltr'>memorati</span> <span class='ocrx_word' id='word_1_182' title='bbox 520 2281 722 2327; x_wconf 73' lang='lat' dir='ltr'>francisci</span> <span class='ocrx_word' id='word_1_183' title='bbox 739 2277 864 2320; x_wconf 88' lang='lat' dir='ltr'>Ducis</span> <span class='ocrx_word' id='word_1_184' title='bbox 883 2278 1046 2320; x_wconf 91' lang='lat' dir='ltr'>nomine</span> <span class='ocrx_word' id='word_1_185' title='bbox 1063 2278 1189 2321; x_wconf 87' lang='lat' dir='ltr'>Nobis</span> <span class='ocrx_word' id='word_1_186' title='bbox 1212 2278 1329 2338; x_wconf 84' lang='lat' dir='ltr'>super</span> 
     </span>
     <span class='ocr_line' id='line_1_32' title="bbox 293 2335 1332 2393; baseline -0.008 -4"><span class='ocrx_word' id='word_1_187' title='bbox 293 2348 373 2388; x_wconf 78' lang='lat' dir='ltr'>hoc</span> <span class='ocrx_word' id='word_1_188' title='bbox 407 2341 618 2387; x_wconf 77' lang='lat' dir='ltr'>humiliter</span> <span class='ocrx_word' id='word_1_189' title='bbox 644 2337 841 2393; x_wconf 70' lang='lat' dir='ltr'>porreetis</span> <span class='ocrx_word' id='word_1_190' title='bbox 864 2363 878 2387; x_wconf 88' lang='lat'><strong>,</strong></span> <span class='ocrx_word' id='word_1_191' title='bbox 913 2335 1090 2393; x_wconf 70' lang='lat' dir='ltr'>benigne</span> <span class='ocrx_word' id='word_1_192' title='bbox 1115 2338 1332 2392; x_wconf 76' lang='lat' dir='ltr'>inclinati,</span> 
     </span>
     <span class='ocr_line' id='line_1_33' title="bbox 293 2393 1330 2447; baseline -0.009 0"><span class='ocrx_word' id='word_1_193' title='bbox 293 2403 551 2447; x_wconf 64' lang='lat' dir='ltr'>Austoritate</span> <span class='ocrx_word' id='word_1_194' title='bbox 575 2398 705 2441; x_wconf 87' lang='lat' dir='ltr'>Nobis</span> <span class='ocrx_word' id='word_1_195' title='bbox 722 2393 744 2439; x_wconf 67' lang='grc' dir='ltr'>ἃ</span> <span class='ocrx_word' id='word_1_196' title='bbox 763 2394 941 2437; x_wconf 86' lang='lat' dir='ltr'>Domino</span> <span class='ocrx_word' id='word_1_197' title='bbox 962 2394 1109 2438; x_wconf 84' lang='lat' dir='ltr'>tradita</span> <span class='ocrx_word' id='word_1_198' title='bbox 1124 2425 1141 2447; x_wconf 88' lang='lat'>,</span> <span class='ocrx_word' id='word_1_199' title='bbox 1165 2411 1210 2440; x_wconf 83' lang='lat' dir='ltr'>ac</span> <span class='ocrx_word' id='word_1_200' title='bbox 1239 2397 1330 2443; x_wconf 54' lang='lat' dir='ltr'>de..)</span> 
     </span>
     <span class='ocr_line' id='line_1_34' title="bbox 293 2453 1331 2517; baseline -0.007 -11"><span class='ocrx_word' id='word_1_201' title='bbox 293 2457 601 2517; x_wconf 82' lang='lat' dir='ltr'>Omnipotentis</span> <span class='ocrx_word' id='word_1_202' title='bbox 632 2456 711 2499; x_wconf 89' lang='lat' dir='ltr'>Dei</span> <span class='ocrx_word' id='word_1_203' title='bbox 738 2453 1012 2497; x_wconf 81' lang='lat' dir='ltr'>misericordia</span> <span class='ocrx_word' id='word_1_204' title='bbox 1029 2482 1043 2506; x_wconf 93' lang='lat'><strong>,</strong></span> <span class='ocrx_word' id='word_1_205' title='bbox 1074 2468 1118 2497; x_wconf 88' lang='lat' dir='ltr'>ac</span> <span class='ocrx_word' id='word_1_206' title='bbox 1150 2457 1227 2498; x_wconf 84' lang='lat' dir='ltr'>BB.</span> <span class='ocrx_word' id='word_1_207' title='bbox 1252 2459 1331 2499; x_wconf 81' lang='lat' dir='ltr'>Pe·</span> 
     </span>
     <span class='ocr_line' id='line_1_35' title="bbox 296 2510 1330 2573; baseline -0.006 -9"><span class='ocrx_word' id='word_1_208' title='bbox 296 2522 351 2564; x_wconf 88' lang='lat' dir='ltr'>tri</span> <span class='ocrx_word' id='word_1_209' title='bbox 366 2550 380 2573; x_wconf 89' lang='lat'>‚</span> <span class='ocrx_word' id='word_1_210' title='bbox 392 2522 433 2562; x_wconf 77' lang='grc' dir='ltr'>δι</span> <span class='ocrx_word' id='word_1_211' title='bbox 444 2517 558 2563; x_wconf 77' lang='lat' dir='ltr'>Pauli</span> <span class='ocrx_word' id='word_1_212' title='bbox 571 2512 860 2572; x_wconf 80' lang='lat' dir='ltr'>Apostolorum</span> <span class='ocrx_word' id='word_1_213' title='bbox 874 2510 963 2570; x_wconf 81' lang='lat' dir='ltr'>ejus</span> <span class='ocrx_word' id='word_1_214' title='bbox 976 2513 1216 2558; x_wconf 62' lang='lat' dir='ltr'>auetoritate</span> <span class='ocrx_word' id='word_1_215' title='bbox 1230 2529 1330 2558; x_wconf 88' lang='lat' dir='ltr'>con-</span> 
     </span>
     <span class='ocr_line' id='line_1_36' title="bbox 292 2570 1327 2634; baseline -0.01 -11"><span class='ocrx_word' id='word_1_216' title='bbox 292 2579 346 2623; x_wconf 81' lang='lat' dir='ltr'>fisi</span> <span class='ocrx_word' id='word_1_217' title='bbox 363 2607 379 2630; x_wconf 86' lang='lat'><strong>,</strong></span> <span class='ocrx_word' id='word_1_218' title='bbox 411 2574 811 2634; x_wconf 76' lang='lat' dir='ltr'>ut‚quandocunque</span> <span class='ocrx_word' id='word_1_219' title='bbox 827 2570 1029 2614; x_wconf 76' lang='lat' dir='ltr'>Sacerdos</span> <span class='ocrx_word' id='word_1_220' title='bbox 1044 2571 1185 2628; x_wconf 86' lang='lat' dir='ltr'>aliquis</span> <span class='ocrx_word' id='word_1_221' title='bbox 1200 2578 1327 2618; x_wconf 80' lang='lat' dir='ltr'><strong>Saecu·</strong></span> 
     </span>
     <span class='ocr_line' id='line_1_37' title="bbox 281 2628 1329 2690; baseline -0.01 -9"><span class='ocrx_word' id='word_1_222' title='bbox 281 2637 390 2683; x_wconf 61' lang='lat' dir='ltr'>{aris</span> <span class='ocrx_word' id='word_1_223' title='bbox 415 2667 429 2689; x_wconf 85' lang='lat'>‚</span> <span class='ocrx_word' id='word_1_224' title='bbox 457 2636 526 2679; x_wconf 84' lang='lat' dir='ltr'>vel</span> <span class='ocrx_word' id='word_1_225' title='bbox 550 2632 723 2690; x_wconf 78' lang='lat' dir='ltr'>cujusvis</span> <span class='ocrx_word' id='word_1_226' title='bbox 745 2628 918 2673; x_wconf 30' lang='lat' dir='ltr'>Ordinis*</span> <span class='ocrx_word' id='word_1_227' title='bbox 941 2629 1158 2686; x_wconf 79' lang='lat' dir='ltr'>Regularis</span> <span class='ocrx_word' id='word_1_228' title='bbox 1173 2630 1329 2675; x_wconf 80' lang='lat' dir='ltr'>Miffam</span> 
     </span>
     <span class='ocr_line' id='line_1_38' title="bbox 293 2687 1334 2748; baseline -0.009 -7"><span class='ocrx_word' id='word_1_229' title='bbox 293 2694 590 2741; x_wconf 67' lang='lat' dir='ltr'>Defiinnorum</span> <span class='ocrx_word' id='word_1_230' title='bbox 616 2697 691 2748; x_wconf 86' lang='lat' dir='ltr'>pro</span> <span class='ocrx_word' id='word_1_231' title='bbox 707 2690 849 2733; x_wconf 80' lang='lat' dir='ltr'>Anima</span> <span class='ocrx_word' id='word_1_232' title='bbox 866 2687 1136 2745; x_wconf 85' lang='lat' dir='ltr'>cujuscunque</span> <span class='ocrx_word' id='word_1_233' title='bbox 1155 2690 1304 2733; x_wconf 81' lang='lat' dir='ltr'>Fidelis</span> <span class='ocrx_word' id='word_1_234' title='bbox 1318 2719 1334 2743; x_wconf 85' lang='lat'>‚</span> 
     </span>
     <span class='ocr_line' id='line_1_39' title="bbox 299 2746 1333 2813; baseline -0.012 -14"><span class='ocrx_word' id='word_1_235' title='bbox 299 2769 384 2813; x_wconf 78' lang='lat' dir='ltr'>quat</span> <span class='ocrx_word' id='word_1_236' title='bbox 419 2757 510 2797; x_wconf 89' lang='lat' dir='ltr'>Deo</span> <span class='ocrx_word' id='word_1_237' title='bbox 537 2753 576 2795; x_wconf 92' lang='lat' dir='ltr'>in</span> <span class='ocrx_word' id='word_1_238' title='bbox 600 2750 800 2793; x_wconf 72' lang='lat' dir='ltr'>charitate</span> <span class='ocrx_word' id='word_1_239' title='bbox 824 2746 1034 2803; x_wconf 68' lang='lat' dir='ltr'>conjuncta</span> <span class='ocrx_word' id='word_1_240' title='bbox 1066 2747 1115 2790; x_wconf 87' lang='lat' dir='ltr'>ab</span> <span class='ocrx_word' id='word_1_241' title='bbox 1141 2751 1213 2791; x_wconf 84' lang='lat' dir='ltr'>hae</span> <span class='ocrx_word' id='word_1_242' title='bbox 1238 2749 1333 2792; x_wconf 78' lang='lat' dir='ltr'>luce</span> 
     </span>
     <span class='ocr_line' id='line_1_40' title="bbox 294 2804 1333 2869; baseline -0.009 -12"><span class='ocrx_word' id='word_1_243' title='bbox 294 2812 535 2869; x_wconf 73' lang='lat' dir='ltr'>migraverit</span> <span class='ocrx_word' id='word_1_244' title='bbox 550 2839 565 2862; x_wconf 84' lang='lat'><strong>,</strong></span> <span class='ocrx_word' id='word_1_245' title='bbox 595 2808 647 2852; x_wconf 79' lang='lat' dir='ltr'>ad</span> <span class='ocrx_word' id='word_1_246' title='bbox 664 2806 893 2864; x_wconf 75' lang='lat' dir='ltr'>praediCtum</span> <span class='ocrx_word' id='word_1_247' title='bbox 909 2804 1058 2847; x_wconf 70' lang='lat' dir='ltr'>A’ltare</span> <span class='ocrx_word' id='word_1_248' title='bbox 1079 2807 1333 2860; x_wconf 81' lang='lat' dir='ltr'>celebrabit,</span> 
     </span>
     <span class='ocr_line' id='line_1_41' title="bbox 294 2862 1332 2927; baseline -0.012 -12"><span class='ocrx_word' id='word_1_249' title='bbox 294 2874 440 2917; x_wconf 79' lang='lat' dir='ltr'>Anima</span> <span class='ocrx_word' id='word_1_250' title='bbox 471 2871 549 2927; x_wconf 87' lang='lat' dir='ltr'>ipsa</span> <span class='ocrx_word' id='word_1_251' title='bbox 567 2869 622 2911; x_wconf 88' lang='lat' dir='ltr'>de</span> <span class='ocrx_word' id='word_1_252' title='bbox 650 2866 843 2908; x_wconf 84' lang='lat' dir='ltr'>thesauro</span> <span class='ocrx_word' id='word_1_253' title='bbox 858 2862 1049 2906; x_wconf 85' lang='lat' dir='ltr'>Ecclefiae</span> <span class='ocrx_word' id='word_1_254' title='bbox 1066 2878 1140 2918; x_wconf 88' lang='lat' dir='ltr'>per</span> <span class='ocrx_word' id='word_1_255' title='bbox 1169 2866 1332 2908; x_wconf 85' lang='lat' dir='ltr'>modum</span> 
     </span>
     <span class='ocr_line' id='line_1_42' title="bbox 294 2920 1333 2985; baseline -0.013 -10"><span class='ocrx_word' id='word_1_256' title='bbox 294 2929 467 2985; x_wconf 78' lang='lat' dir='ltr'>suffragii</span> <span class='ocrx_word' id='word_1_257' title='bbox 486 2924 776 2980; x_wconf 75' lang='lat' dir='ltr'>indulgentiam</span> <span class='ocrx_word' id='word_1_258' title='bbox 790 2920 1071 2977; x_wconf 85' lang='lat' dir='ltr'>consequatur,</span> <span class='ocrx_word' id='word_1_259' title='bbox 1089 2923 1159 2972; x_wconf 80' lang='lat' dir='ltr'>ita,</span> <span class='ocrx_word' id='word_1_260' title='bbox 1173 2934 1216 2966; x_wconf 89' lang='lat' dir='ltr'>ut</span> <span class='ocrx_word' id='word_1_261' title='bbox 1231 2923 1333 2980; x_wconf 76' lang='lat' dir='ltr'>ejus-</span> 
     </span>
     <span class='ocr_line' id='line_1_43' title="bbox 296 2980 1330 3040; baseline -0.009 -7"><span class='ocrx_word' id='word_1_262' title='bbox 296 2990 392 3033; x_wconf 81' lang='lat' dir='ltr'>dem</span> <span class='ocrx_word' id='word_1_263' title='bbox 426 2991 476 3029; x_wconf 82' lang='lat' dir='ltr'>D.</span> <span class='ocrx_word' id='word_1_264' title='bbox 495 2982 646 3040; x_wconf 83' lang='lat' dir='ltr'>N.Jesu</span> <span class='ocrx_word' id='word_1_265' title='bbox 662 2981 843 3032; x_wconf 77' lang='lat' dir='ltr'>Christi,</span> <span class='ocrx_word' id='word_1_266' title='bbox 871 2993 918 3020; x_wconf 75' lang='lat' dir='ltr'>ac</span> <span class='ocrx_word' id='word_1_267' title='bbox 943 2980 1175 3024; x_wconf 77' lang='lat' dir='ltr'>Beatissimae</span> <span class='ocrx_word' id='word_1_268' title='bbox 1193 2982 1330 3037; x_wconf 82' lang='lat' dir='ltr'>Virgi-</span> 
     </span>
     <span class='ocr_line' id='line_1_44' title="bbox 290 3039 1330 3094; baseline -0.01 -2"><span class='ocrx_word' id='word_1_269' title='bbox 290 3049 356 3092; x_wconf 82' lang='lat' dir='ltr'>nis</span> <span class='ocrx_word' id='word_1_270' title='bbox 373 3046 508 3090; x_wconf 83' lang='lat' dir='ltr'>Mariae</span> <span class='ocrx_word' id='word_1_271' title='bbox 522 3072 536 3094; x_wconf 88' lang='lat'>‚</span> <span class='ocrx_word' id='word_1_272' title='bbox 565 3043 884 3094; x_wconf 66' lang='lat' dir='ltr'>§annorumque</span> <span class='ocrx_word' id='word_1_273' title='bbox 899 3041 1075 3080; x_wconf 89' lang='lat' dir='ltr'>omnium</span> <span class='ocrx_word' id='word_1_274' title='bbox 1093 3041 1246 3083; x_wconf 86' lang='lat' dir='ltr'>meritis</span> <span class='ocrx_word' id='word_1_275' title='bbox 1261 3039 1330 3082; x_wconf 82' lang='lat' dir='ltr'>sibi</span> 
     </span>
     <span class='ocr_line' id='line_1_45' title="bbox 294 3096 1325 3161; baseline -0.011 -12"><span class='ocrx_word' id='word_1_276' title='bbox 294 3103 603 3161; x_wconf 81' lang='lat' dir='ltr'>suffragantibus</span> <span class='ocrx_word' id='word_1_277' title='bbox 635 3098 656 3142; x_wconf 62' lang='lat' dir='ltr'>a</span> <span class='ocrx_word' id='word_1_278' title='bbox 684 3096 904 3154; x_wconf 87' lang='lat' dir='ltr'>purgatorii</span> <span class='ocrx_word' id='word_1_279' title='bbox 929 3098 1059 3149; x_wconf 85' lang='lat' dir='ltr'>poenis</span> <span class='ocrx_word' id='word_1_280' title='bbox 1088 3098 1286 3141; x_wconf 86' lang='lat' dir='ltr'>liberetur</span> <span class='ocrx_word' id='word_1_281' title='bbox 1310 3126 1325 3150; x_wconf 85' lang='lat'><strong>,</strong></span> 
     </span>
     <span class='ocr_line' id='line_1_46' title="bbox 297 3154 1323 3211; baseline -0.008 -3"><span class='ocrx_word' id='word_1_282' title='bbox 297 3163 592 3211; x_wconf 77' lang='lat' dir='ltr'>concedimus,</span> <span class='ocrx_word' id='word_1_283' title='bbox 623 3160 663 3199; x_wconf 75' lang='grc' dir='ltr'>δι</span> <span class='ocrx_word' id='word_1_284' title='bbox 693 3154 976 3210; x_wconf 85' lang='lat' dir='ltr'>indulgemus,</span> <span class='ocrx_word' id='word_1_285' title='bbox 1006 3156 1045 3195; x_wconf 87' lang='lat' dir='ltr'>in</span> <span class='ocrx_word' id='word_1_286' title='bbox 1070 3156 1323 3200; x_wconf 83' lang='lat' dir='ltr'>contrarium</span> 
     </span>
     <span class='ocr_line' id='line_1_47' title="bbox 296 3210 1328 3272; baseline -0.014 -6"><span class='ocrx_word' id='word_1_287' title='bbox 296 3221 539 3266; x_wconf 74' lang='lat' dir='ltr'>facientibus</span> <span class='ocrx_word' id='word_1_288' title='bbox 556 3232 630 3260; x_wconf 89' lang='lat' dir='ltr'>non</span> <span class='ocrx_word' id='word_1_289' title='bbox 646 3214 890 3258; x_wconf 72' lang='lat' dir='ltr'>obstantibus</span> <span class='ocrx_word' id='word_1_290' title='bbox 904 3210 1216 3271; x_wconf 82' lang='lat' dir='ltr'>quibuscunque.</span> <span class='ocrx_word' id='word_1_291' title='bbox 1229 3216 1328 3272; x_wconf 53' lang='lat' dir='ltr'>Pr?-</span> 
     </span>
     <span class='ocr_line' id='line_1_48' title="bbox 297 3272 1325 3335; baseline -0.007 -12"><span class='ocrx_word' id='word_1_292' title='bbox 297 3281 474 3325; x_wconf 86' lang='lat' dir='ltr'>sentibus</span> <span class='ocrx_word' id='word_1_293' title='bbox 500 3275 703 3335; x_wconf 82' lang='lat' dir='ltr'>perpetuis</span> <span class='ocrx_word' id='word_1_294' title='bbox 729 3272 874 3316; x_wconf 61' lang='lat' dir='ltr'>futur-is</span> <span class='ocrx_word' id='word_1_295' title='bbox 900 3273 1151 3326; x_wconf 76' lang='lat' dir='ltr'>temporibus</span> <span class='ocrx_word' id='word_1_296' title='bbox 1179 3273 1325 3316; x_wconf 82' lang='lat' dir='ltr'>valitu-</span> 
     </span>
     <span class='ocr_line' id='line_1_49' title="bbox 298 3330 1327 3389; baseline -0.011 -7"><span class='ocrx_word' id='word_1_297' title='bbox 298 3341 352 3383; x_wconf 90' lang='lat' dir='ltr'>ris</span> <span class='ocrx_word' id='word_1_298' title='bbox 370 3370 380 3381; x_wconf 89' lang='lat'><strong><em>.</em></strong></span> <span class='ocrx_word' id='word_1_299' title='bbox 417 3343 569 3383; x_wconf 87' lang='lat' dir='ltr'>Datum</span> <span class='ocrx_word' id='word_1_300' title='bbox 591 3339 725 3377; x_wconf 83' lang='lat' dir='ltr'>Romae</span> <span class='ocrx_word' id='word_1_301' title='bbox 751 3331 859 3387; x_wconf 89' lang='lat' dir='ltr'>apud</span> <span class='ocrx_word' id='word_1_302' title='bbox 885 3332 925 3373; x_wconf 84' lang='lat' dir='ltr'>S·</span> <span class='ocrx_word' id='word_1_303' title='bbox 940 3330 1111 3372; x_wconf 78' lang='lat' dir='ltr'>Mariam</span> <span class='ocrx_word' id='word_1_304' title='bbox 1125 3331 1327 3389; x_wconf 81' lang='lat' dir='ltr'>Majorem</span> 
     </span>
     <span class='ocr_line' id='line_1_50' title="bbox 299 3389 1330 3442; baseline -0.009 -2"><span class='ocrx_word' id='word_1_305' title='bbox 299 3397 370 3442; x_wconf 85' lang='lat' dir='ltr'>sub</span> <span class='ocrx_word' id='word_1_306' title='bbox 384 3397 546 3442; x_wconf 83' lang='lat' dir='ltr'>Annulo</span> <span class='ocrx_word' id='word_1_307' title='bbox 565 3390 877 3440; x_wconf 84' lang='lat' dir='ltr'>Piscatoris‚Die</span> <span class='ocrx_word' id='word_1_308' title='bbox 890 3401 953 3430; x_wconf 81' lang='lat' dir='ltr'>xx·</span> <span class='ocrx_word' id='word_1_309' title='bbox 971 3389 1117 3431; x_wconf 67' lang='lat' dir='ltr'>octob.</span> <span class='ocrx_word' id='word_1_310' title='bbox 1130 3405 1330 3434; x_wconf 70' lang='lat' dir='ltr'>nocent.</span> 
     </span>
     <span class='ocr_line' id='line_1_51' title="bbox 300 3446 1056 3504; baseline -0.017 -3"><span class='ocrx_word' id='word_1_311' title='bbox 300 3456 570 3504; x_wconf 81' lang='lat' dir='ltr'>Pontificatus</span> <span class='ocrx_word' id='word_1_312' title='bbox 598 3451 732 3496; x_wconf 82' lang='lat' dir='ltr'>Nostri</span> <span class='ocrx_word' id='word_1_313' title='bbox 756 3452 877 3492; x_wconf 86' lang='lat' dir='ltr'>Anno</span> <span class='ocrx_word' id='word_1_314' title='bbox 903 3446 1027 3490; x_wconf 81' lang='lat' dir='ltr'>tertio</span> <span class='ocrx_word' id='word_1_315' title='bbox 1043 3476 1056 3488; x_wconf 93' lang='lat'><strong><em>.</em></strong></span> 
     </span>
    </p>
   </div>
   <div class='ocr_carea' id='block_1_7' title="bbox 916 3564 1216 3607">
    <p class='ocr_par' dir='ltr' id='par_1_8' title="bbox 916 3564 1216 3607">
     <span class='ocr_line' id='line_1_52' title="bbox 916 3564 1216 3607; baseline 0 -1"><span class='ocrx_word' id='word_1_316' title='bbox 916 3566 960 3606; x_wconf 81' lang='lat' dir='ltr'>F.</span> <span class='ocrx_word' id='word_1_317' title='bbox 990 3564 1216 3607; x_wconf 82' lang='lat' dir='ltr'>Oliverius·</span> 
     </span>
    </p>
   </div>
   <div class='ocr_carea' id='block_1_8' title="bbox 389 3679 1333 3791">
    <p class='ocr_par' dir='ltr' id='par_1_9' title="bbox 389 3679 1333 3791">
     <span class='ocr_line' id='line_1_53' title="bbox 389 3679 1333 3790; baseline -0.012 -57"><span class='ocrx_word' id='word_1_318' title='bbox 389 3696 512 3790; x_wconf 59' lang='grc' dir='ltr'>Βνῗε</span> <span class='ocrx_word' id='word_1_319' title='bbox 543 3690 774 3750; x_wconf 75' lang='lat' dir='ltr'>firmatum</span> <span class='ocrx_word' id='word_1_320' title='bbox 814 3687 858 3728; x_wconf 70' lang='lat' dir='ltr'>in</span> <span class='ocrx_word' id='word_1_321' title='bbox 908 3682 1078 3729; x_wconf 80' lang='lat' dir='ltr'>Archivo</span> <span class='ocrx_word' id='word_1_322' title='bbox 1116 3679 1333 3725; x_wconf 61' lang='lat' dir='ltr'>Conventa}</span> 
     </span>
     <span class='ocr_line' id='line_1_54' title="bbox 476 3762 624 3791; baseline -0.014 0"><span class='ocrx_word' id='word_1_323' title='bbox 476 3762 624 3791; x_wconf 79' lang='lat' dir='ltr'>armen·</span> 
     </span>
    </p>
   </div>
   <div class='ocr_carea' id='block_1_9' title="bbox 422 3843 598 3891">
    <p class='ocr_par' dir='ltr' id='par_1_10' title="bbox 422 3843 598 3891">
     <span class='ocr_line' id='line_1_55' title="bbox 422 3843 598 3891; baseline -0.023 -5"><span class='ocrx_word' id='word_1_324' title='bbox 422 3846 525 3891; x_wconf 80' lang='lat' dir='ltr'>Tam·</span> <span class='ocrx_word' id='word_1_325' title='bbox 543 3845 563 3884; x_wconf 88' lang='lat'><strong><em>1</em></strong></span> <span class='ocrx_word' id='word_1_326' title='bbox 570 3843 598 3884; x_wconf 91' lang='lat'>1.</span> 
     </span>
    </p>
   </div>
   <div class='ocr_carea' id='block_1_10' title="bbox 2158 223 2359 332">
    <p class='ocr_par' dir='ltr' id='par_1_11' title="bbox 2158 223 2359 332">
     <span class='ocr_line' id='line_1_56' title="bbox 2158 223 2359 332; baseline -0.01 -42"><span class='ocrx_word' id='word_1_327' title='bbox 2158 223 2359 332; x_wconf 66' lang='lat'>3275</span> 
     </span>
    </p>
   </div>
   <div class='ocr_carea' id='block_1_11' title="bbox 1390 404 2429 755">
    <p class='ocr_par' dir='ltr' id='par_1_12' title="bbox 1390 404 2429 755">
     <span class='ocr_line' id='line_1_57' title="bbox 1390 404 2426 477; baseline -0.009 -14"><span class='ocrx_word' id='word_1_328' title='bbox 1390 416 1536 463; x_wconf 86' lang='lat' dir='ltr'>Breve</span> <span class='ocrx_word' id='word_1_329' title='bbox 1548 404 1869 477; x_wconf 84' lang='lat' dir='ltr'>Apostolicum</span> <span class='ocrx_word' id='word_1_330' title='bbox 1888 419 1972 473; x_wconf 89' lang='lat' dir='ltr'>pro</span> <span class='ocrx_word' id='word_1_331' title='bbox 1986 405 2233 475; x_wconf 85' lang='lat' dir='ltr'>privilegio</span> <span class='ocrx_word' id='word_1_332' title='bbox 2249 406 2426 457; x_wconf 81' lang='lat' dir='ltr'>Altaris</span> 
     </span>
     <span class='ocr_line' id='line_1_58' title="bbox 1462 471 2429 544; baseline -0.005 -14"><span class='ocrx_word' id='word_1_333' title='bbox 1462 476 1740 531; x_wconf 65' lang='lat' dir='ltr'>sanctissimi</span> <span class='ocrx_word' id='word_1_334' title='bbox 1778 471 2003 528; x_wconf 84' lang='lat' dir='ltr'>Crucifixi</span> <span class='ocrx_word' id='word_1_335' title='bbox 2035 476 2078 521; x_wconf 91' lang='lat' dir='ltr'>in</span> <span class='ocrx_word' id='word_1_336' title='bbox 2099 475 2296 527; x_wconf 79' lang='lat' dir='ltr'>Ecclesia</span> <span class='ocrx_word' id='word_1_337' title='bbox 2323 494 2429 544; x_wconf 85' lang='lat' dir='ltr'>prae·</span> 
     </span>
     <span class='ocr_line' id='line_1_59' title="bbox 1466 541 2428 612; baseline -0.015 -12"><span class='ocrx_word' id='word_1_338' title='bbox 1466 548 1595 600; x_wconf 68' lang='lat' dir='ltr'>dista</span> <span class='ocrx_word' id='word_1_339' title='bbox 1625 541 1807 599; x_wconf 73' lang='lat' dir='ltr'>Domiis</span> <span class='ocrx_word' id='word_1_340' title='bbox 1851 543 2052 612; x_wconf 86' lang='lat' dir='ltr'>expediri</span> <span class='ocrx_word' id='word_1_341' title='bbox 2084 578 2101 600; x_wconf 92' lang='lat'><strong>,</strong></span> <span class='ocrx_word' id='word_1_342' title='bbox 2140 544 2166 591; x_wconf 69' lang='grc' dir='ltr'>ὲ</span> <span class='ocrx_word' id='word_1_343' title='bbox 2211 544 2255 595; x_wconf 81' lang='lat' dir='ltr'>se</span> <span class='ocrx_word' id='word_1_344' title='bbox 2292 551 2428 609; x_wconf 52' lang='lat' dir='ltr'>jum,</span> 
     </span>
     <span class='ocr_line' id='line_1_60' title="bbox 1457 612 2428 683; baseline -0.003 -15"><span class='ocrx_word' id='word_1_345' title='bbox 1457 617 1626 683; x_wconf 77' lang='lat' dir='ltr'>jussum</span> <span class='ocrx_word' id='word_1_346' title='bbox 1670 614 1753 665; x_wconf 88' lang='lat' dir='ltr'>esse</span> <span class='ocrx_word' id='word_1_347' title='bbox 1783 650 1800 674; x_wconf 86' lang='lat'><strong>,</strong></span> <span class='ocrx_word' id='word_1_348' title='bbox 1851 613 2003 664; x_wconf 89' lang='lat' dir='ltr'>eidem</span> <span class='ocrx_word' id='word_1_349' title='bbox 2031 612 2274 663; x_wconf 86' lang='lat' dir='ltr'>Francisco</span> <span class='ocrx_word' id='word_1_350' title='bbox 2306 618 2428 665; x_wconf 88' lang='lat' dir='ltr'>Duci</span> 
     </span>
     <span class='ocr_line' id='line_1_61' title="bbox 1457 689 1667 755; baseline -0.014 -17"><span class='ocrx_word' id='word_1_351' title='bbox 1457 689 1638 755; x_wconf 87' lang='lat' dir='ltr'>reponit</span> <span class='ocrx_word' id='word_1_352' title='bbox 1655 723 1667 735; x_wconf 88' lang='lat'>.</span> 
     </span>
    </p>
   </div>
   <div class='ocr_carea' id='block_1_12' title="bbox 1390 810 2426 924">
    <p class='ocr_par' dir='ltr' id='par_1_13' title="bbox 1390 810 2426 924">
     <span class='ocr_line' id='line_1_62' title="bbox 1390 810 2426 868; baseline -0.006 -8"><span class='ocrx_word' id='word_1_353' title='bbox 1390 815 1549 860; x_wconf 71' lang='lat' dir='ltr'>DileHo</span> <span class='ocrx_word' id='word_1_354' title='bbox 1573 813 1682 859; x_wconf 65' lang='lat' dir='ltr'>Filio</span> <span class='ocrx_word' id='word_1_355' title='bbox 1704 813 1843 857; x_wconf 78' lang='lat' dir='ltr'>Nobm</span> <span class='ocrx_word' id='word_1_356' title='bbox 1878 812 1966 856; x_wconf 74' lang='lat' dir='ltr'>Viro</span> <span class='ocrx_word' id='word_1_357' title='bbox 1993 810 2201 868; x_wconf 79' lang='lat' dir='ltr'>Francifio</span> <span class='ocrx_word' id='word_1_358' title='bbox 2234 811 2384 854; x_wconf 75' lang='lat' dir='ltr'>Parme</span> <span class='ocrx_word' id='word_1_359' title='bbox 2411 840 2426 864; x_wconf 87' lang='lat'><strong>,</strong></span> 
     </span>
     <span class='ocr_line' id='line_1_63' title="bbox 1679 871 2133 924; baseline -0.011 -9"><span class='ocrx_word' id='word_1_360' title='bbox 1679 873 1727 924; x_wconf 69' lang='lat'>(5</span> <span class='ocrx_word' id='word_1_361' title='bbox 1764 871 1971 915; x_wconf 69' lang='lat' dir='ltr'>Placentiae</span> <span class='ocrx_word' id='word_1_362' title='bbox 2003 872 2133 912; x_wconf 68' lang='lat' dir='ltr'>Duc).</span> 
     </span>
    </p>
   </div>
   <div class='ocr_carea' id='block_1_13' title="bbox 1390 990 2422 1048">
    <p class='ocr_par' dir='ltr' id='par_1_14' title="bbox 1390 990 2422 1048">
     <span class='ocr_line' id='line_1_64' title="bbox 1390 990 2422 1048; baseline -0.013 1"><span class='ocrx_word' id='word_1_363' title='bbox 1390 992 1911 1048; x_wconf 88' lang='lat' dir='ltr'><strong>CLEMENS</strong></span> <span class='ocrx_word' id='word_1_364' title='bbox 2012 990 2230 1038; x_wconf 81' lang='lat' dir='ltr'>PAPA</span> <span class='ocrx_word' id='word_1_365' title='bbox 2315 991 2422 1039; x_wconf 83' lang='lat' dir='ltr'>XI.</span> 
     </span>
    </p>
   </div>
   <div class='ocr_carea' id='block_1_14' title="bbox 1449 1106 2367 1231">
    <p class='ocr_par' dir='ltr' id='par_1_15' title="bbox 1449 1106 2367 1231">
     <span class='ocr_line' id='line_1_65' title="bbox 1449 1106 2367 1164; baseline -0.011 -8"><span class='ocrx_word' id='word_1_366' title='bbox 1449 1114 1612 1157; x_wconf 58' lang='lat' dir='ltr'>Dite-ele</span> <span class='ocrx_word' id='word_1_367' title='bbox 1633 1109 1744 1158; x_wconf 72' lang='lat' dir='ltr'>Fut,</span> <span class='ocrx_word' id='word_1_368' title='bbox 1773 1107 1926 1152; x_wconf 73' lang='lat' dir='ltr'>NobiIr‘r</span> <span class='ocrx_word' id='word_1_369' title='bbox 1958 1108 2023 1151; x_wconf 66' lang='lat' dir='ltr'>Vir</span> <span class='ocrx_word' id='word_1_370' title='bbox 2049 1107 2228 1164; x_wconf 60' lang='lat' dir='ltr'>salutem</span> <span class='ocrx_word' id='word_1_371' title='bbox 2256 1134 2271 1158; x_wconf 85' lang='lat'><strong>,</strong></span> <span class='ocrx_word' id='word_1_372' title='bbox 2314 1106 2367 1157; x_wconf 56' lang='grc' dir='ltr'>ῥυ</span> 
     </span>
     <span class='ocr_line' id='line_1_66' title="bbox 1611 1164 2210 1231; baseline -0.02 -13"><span class='ocrx_word' id='word_1_373' title='bbox 1611 1169 1868 1231; x_wconf 76' lang='lat' dir='ltr'>Apostolicam</span> <span class='ocrx_word' id='word_1_374' title='bbox 1883 1164 2188 1210; x_wconf 60' lang='lat' dir='ltr'>Benedinionem</span> <span class='ocrx_word' id='word_1_375' title='bbox 2198 1194 2210 1206; x_wconf 93' lang='lat'>.</span> 
     </span>
    </p>
   </div>
   <div class='ocr_carea' id='block_1_15' title="bbox 1381 1279 2431 2341">
    <p class='ocr_par' dir='ltr' id='par_1_16' title="bbox 1532 1279 2426 1342">
     <span class='ocr_line' id='line_1_67' title="bbox 1532 1279 2426 1342; baseline -0.016 -7"><span class='ocrx_word' id='word_1_376' title='bbox 1532 1292 1593 1336; x_wconf 84' lang='lat' dir='ltr'>Ul</span> <span class='ocrx_word' id='word_1_377' title='bbox 1624 1289 1646 1333; x_wconf 71' lang='grc' dir='ltr'><strong>ἑ</strong></span> <span class='ocrx_word' id='word_1_378' title='bbox 1666 1286 1878 1334; x_wconf 72' lang='lat' dir='ltr'>pontificia</span> <span class='ocrx_word' id='word_1_379' title='bbox 1894 1286 2139 1338; x_wconf 71' lang='lat' dir='ltr'>Chai-itate,</span> <span class='ocrx_word' id='word_1_380' title='bbox 2153 1279 2426 1342; x_wconf 84' lang='lat' dir='ltr'>spiritualibus</span> 
     </span>
    </p>

    <p class='ocr_par' dir='ltr' id='par_1_17' title="bbox 1507 1340 2426 1404">
     <span class='ocr_line' id='line_1_68' title="bbox 1507 1340 2426 1404; baseline -0.015 -10"><span class='ocrx_word' id='word_1_381' title='bbox 1507 1398 1511 1404; x_wconf 60' lang='grc'><strong>,</strong></span> <span class='ocrx_word' id='word_1_382' title='bbox 1547 1349 1784 1393; x_wconf 86' lang='lat' dir='ltr'>muneribus</span> <span class='ocrx_word' id='word_1_383' title='bbox 1799 1347 1938 1404; x_wconf 84' lang='lat' dir='ltr'>augeri</span> <span class='ocrx_word' id='word_1_384' title='bbox 1954 1345 2155 1403; x_wconf 85' lang='lat' dir='ltr'>postulat,</span> <span class='ocrx_word' id='word_1_385' title='bbox 2181 1343 2251 1387; x_wconf 91' lang='lat' dir='ltr'>ille</span> <span class='ocrx_word' id='word_1_386' title='bbox 2276 1340 2426 1384; x_wconf 84' lang='lat' dir='ltr'>nedum</span> 
     </span>
    </p>

    <p class='ocr_par' dir='ltr' id='par_1_18' title="bbox 1381 1400 2431 2341">
     <span class='ocr_line' id='line_1_69' title="bbox 1569 1400 2426 1465; baseline -0.015 -14"><span class='ocrx_word' id='word_1_387' title='bbox 1569 1409 1640 1453; x_wconf 84' lang='lat' dir='ltr'>suae</span> <span class='ocrx_word' id='word_1_388' title='bbox 1671 1408 1835 1465; x_wconf 80' lang='lat' dir='ltr'>pietatis</span> <span class='ocrx_word' id='word_1_389' title='bbox 1858 1433 1873 1456; x_wconf 80' lang='lat'><strong>‚</strong></span> <span class='ocrx_word' id='word_1_390' title='bbox 1912 1418 1957 1449; x_wconf 87' lang='lat' dir='ltr'>ac</span> <span class='ocrx_word' id='word_1_391' title='bbox 1981 1403 2215 1447; x_wconf 78' lang='lat' dir='ltr'>devotionis</span> <span class='ocrx_word' id='word_1_392' title='bbox 2239 1400 2426 1443; x_wconf 65' lang='lat' dir='ltr'>affectum</span> 
     </span>
     <span class='ocr_line' id='line_1_70' title="bbox 1393 1461 2427 1526; baseline -0.015 -13"><span class='ocrx_word' id='word_1_393' title='bbox 1393 1470 1600 1526; x_wconf 86' lang='lat' dir='ltr'>explicat,</span> <span class='ocrx_word' id='word_1_394' title='bbox 1630 1466 1697 1510; x_wconf 90' lang='lat' dir='ltr'>sed</span> <span class='ocrx_word' id='word_1_395' title='bbox 1715 1466 1887 1509; x_wconf 90' lang='lat' dir='ltr'>animum</span> <span class='ocrx_word' id='word_1_396' title='bbox 1904 1477 2065 1520; x_wconf 89' lang='lat' dir='ltr'>quoque</span> <span class='ocrx_word' id='word_1_397' title='bbox 2093 1461 2270 1504; x_wconf 86' lang='lat' dir='ltr'>nostrum</span> <span class='ocrx_word' id='word_1_398' title='bbox 2301 1471 2427 1514; x_wconf 88' lang='lat' dir='ltr'>pecu-</span> 
     </span>
     <span class='ocr_line' id='line_1_71' title="bbox 1381 1518 2426 1579; baseline -0.015 -5"><span class='ocrx_word' id='word_1_399' title='bbox 1381 1529 1482 1574; x_wconf 86' lang='lat' dir='ltr'>liari</span> <span class='ocrx_word' id='word_1_400' title='bbox 1497 1528 1619 1571; x_wconf 90' lang='lat' dir='ltr'>modo</span> <span class='ocrx_word' id='word_1_401' title='bbox 1635 1526 1890 1574; x_wconf 53' lang='lat' dir='ltr'>demeretur.</span> <span class='ocrx_word' id='word_1_402' title='bbox 1906 1523 2034 1579; x_wconf 79' lang='lat' dir='ltr'>Qod</span> <span class='ocrx_word' id='word_1_403' title='bbox 2049 1535 2140 1563; x_wconf 88' lang='lat' dir='ltr'>cum</span> <span class='ocrx_word' id='word_1_404' title='bbox 2155 1521 2175 1562; x_wconf 72' lang='lat' dir='ltr'>a</span> <span class='ocrx_word' id='word_1_405' title='bbox 2193 1518 2426 1562; x_wconf 85' lang='lat' dir='ltr'>Nobilitate</span> 
     </span>
     <span class='ocr_line' id='line_1_72' title="bbox 1395 1578 2429 1634; baseline -0.015 -3"><span class='ocrx_word' id='word_1_406' title='bbox 1395 1590 1484 1632; x_wconf 85' lang='lat' dir='ltr'>Tua</span> <span class='ocrx_word' id='word_1_407' title='bbox 1503 1582 1649 1630; x_wconf 64' lang='lat' dir='ltr'>facium</span> <span class='ocrx_word' id='word_1_408' title='bbox 1679 1583 1757 1628; x_wconf 80' lang='lat' dir='ltr'>esse</span> <span class='ocrx_word' id='word_1_409' title='bbox 1784 1585 2044 1628; x_wconf 85' lang='lat' dir='ltr'>advertamus</span> <span class='ocrx_word' id='word_1_410' title='bbox 2073 1579 2111 1621; x_wconf 93' lang='lat' dir='ltr'>in</span> <span class='ocrx_word' id='word_1_411' title='bbox 2138 1578 2324 1634; x_wconf 86' lang='lat' dir='ltr'>precibus</span> <span class='ocrx_word' id='word_1_412' title='bbox 2339 1578 2429 1618; x_wconf 89' lang='lat' dir='ltr'>No-</span> 
     </span>
     <span class='ocr_line' id='line_1_73' title="bbox 1393 1633 2429 1702; baseline -0.014 -12"><span class='ocrx_word' id='word_1_413' title='bbox 1393 1647 1459 1690; x_wconf 80' lang='lat' dir='ltr'>bis·</span> <span class='ocrx_word' id='word_1_414' title='bbox 1473 1647 1624 1690; x_wconf 86' lang='lat' dir='ltr'>oblatis</span> <span class='ocrx_word' id='word_1_415' title='bbox 1640 1676 1656 1697; x_wconf 94' lang='lat'>‚</span> <span class='ocrx_word' id='word_1_416' title='bbox 1671 1639 2000 1702; x_wconf 79' lang='lat' dir='ltr'>proassequendo</span> <span class='ocrx_word' id='word_1_417' title='bbox 2020 1637 2241 1681; x_wconf 80' lang='lat' dir='ltr'>enuntiato</span> <span class='ocrx_word' id='word_1_418' title='bbox 2273 1636 2311 1677; x_wconf 86' lang='lat' dir='ltr'>in</span> <span class='ocrx_word' id='word_1_419' title='bbox 2341 1633 2429 1689; x_wconf 76' lang='lat' dir='ltr'>ipsis</span> 
     </span>
     <span class='ocr_line' id='line_1_74' title="bbox 1393 1693 2429 1764; baseline -0.016 -15"><span class='ocrx_word' id='word_1_420' title='bbox 1393 1706 1581 1764; x_wconf 85' lang='lat' dir='ltr'>precibus</span> <span class='ocrx_word' id='word_1_421' title='bbox 1595 1702 1835 1756; x_wconf 78' lang='lat' dir='ltr'>Privilegio,</span> <span class='ocrx_word' id='word_1_422' title='bbox 1845 1699 1894 1742; x_wconf 85' lang='lat' dir='ltr'>ad</span> <span class='ocrx_word' id='word_1_423' title='bbox 1912 1699 2058 1742; x_wconf 76' lang='lat' dir='ltr'>Altare</span> <span class='ocrx_word' id='word_1_424' title='bbox 2071 1693 2305 1739; x_wconf 65' lang='lat' dir='ltr'>Sanetiffimi</span> <span class='ocrx_word' id='word_1_425' title='bbox 2321 1696 2429 1736; x_wconf 89' lang='lat' dir='ltr'>Cru-</span> 
     </span>
     <span class='ocr_line' id='line_1_75' title="bbox 1393 1751 2429 1816; baseline -0.015 -8"><span class='ocrx_word' id='word_1_426' title='bbox 1393 1763 1499 1808; x_wconf 82' lang='lat' dir='ltr'>cifixi</span> <span class='ocrx_word' id='word_1_427' title='bbox 1517 1794 1531 1816; x_wconf 90' lang='lat'>‚</span> <span class='ocrx_word' id='word_1_428' title='bbox 1554 1766 1592 1806; x_wconf 91' lang='lat' dir='ltr'>in</span> <span class='ocrx_word' id='word_1_429' title='bbox 1619 1761 1808 1806; x_wconf 86' lang='lat' dir='ltr'>Ecclefia·</span> <span class='ocrx_word' id='word_1_430' title='bbox 1826 1762 2011 1802; x_wconf 85' lang='lat' dir='ltr'>Fratrum</span> <span class='ocrx_word' id='word_1_431' title='bbox 2037 1755 2241 1800; x_wconf 89' lang='lat' dir='ltr'>Minorum</span> <span class='ocrx_word' id='word_1_432' title='bbox 2263 1751 2429 1795; x_wconf 77' lang='lat' dir='ltr'>Ordinis</span> 
     </span>
     <span class='ocr_line' id='line_1_76' title="bbox 1383 1810 2430 1883; baseline -0.017 -14"><span class='ocrx_word' id='word_1_433' title='bbox 1383 1827 1433 1883; x_wconf 27' lang='lat'>¹8.</span> <span class='ocrx_word' id='word_1_434' title='bbox 1453 1819 1962 1877; x_wconf 74' lang='lat' dir='ltr'>Erancistictapucinorum</span> <span class='ocrx_word' id='word_1_435' title='bbox 1978 1824 2308 1870; x_wconf 87' lang='lat' dir='ltr'>nuncupatorum</span> <span class='ocrx_word' id='word_1_436' title='bbox 2323 1810 2430 1854; x_wconf 82' lang='lat' dir='ltr'>istius</span> 
     </span>
     <span class='ocr_line' id='line_1_77' title="bbox 1389 1871 2429 1933; baseline -0.013 -7"><span class='ocrx_word' id='word_1_437' title='bbox 1389 1882 1584 1925; x_wconf 84' lang='lat' dir='ltr'>Civitatis</span> <span class='ocrx_word' id='word_1_438' title='bbox 1609 1910 1624 1933; x_wconf 86' lang='lat'>,</span> <span class='ocrx_word' id='word_1_439' title='bbox 1668 1884 1752 1923; x_wconf 86' lang='lat' dir='ltr'>Nos</span> <span class='ocrx_word' id='word_1_440' title='bbox 1784 1876 1934 1920; x_wconf 88' lang='lat' dir='ltr'>eisdem</span> <span class='ocrx_word' id='word_1_441' title='bbox 1961 1873 2178 1919; x_wconf 88' lang='lat' dir='ltr'>annuendo</span> <span class='ocrx_word' id='word_1_442' title='bbox 2206 1871 2429 1927; x_wconf 49' lang='lat' dir='ltr'>Dipioma„</span> 
     </span>
     <span class='ocr_line' id='line_1_78' title="bbox 1390 1929 2428 1999; baseline -0.015 -14"><span class='ocrx_word' id='word_1_443' title='bbox 1390 1941 1573 1999; x_wconf 85' lang='lat' dir='ltr'>expediri</span> <span class='ocrx_word' id='word_1_444' title='bbox 1598 1938 1879 1982; x_wconf 81' lang='lat' dir='ltr'>mandavimus</span> <span class='ocrx_word' id='word_1_445' title='bbox 1894 1962 1909 1985; x_wconf 83' lang='lat'>‚</span> <span class='ocrx_word' id='word_1_446' title='bbox 1939 1936 1980 1975; x_wconf 75' lang='grc' dir='ltr'>δι</span> <span class='ocrx_word' id='word_1_447' title='bbox 1993 1931 2212 1991; x_wconf 74' lang='lat' dir='ltr'>plurimum</span> <span class='ocrx_word' id='word_1_448' title='bbox 2234 1932 2273 1972; x_wconf 92' lang='lat' dir='ltr'>in</span> <span class='ocrx_word' id='word_1_449' title='bbox 2290 1929 2428 1971; x_wconf 85' lang='lat' dir='ltr'>Domi.</span> 
     </span>
     <span class='ocr_line' id='line_1_79' title="bbox 1390 1986 2429 2048; baseline -0.013 -6"><span class='ocrx_word' id='word_1_450' title='bbox 1390 2013 1444 2041; x_wconf 91' lang='lat' dir='ltr'>no</span> <span class='ocrx_word' id='word_1_451' title='bbox 1462 1999 1791 2041; x_wconf 86' lang='lat' dir='ltr'>commendantes</span> <span class='ocrx_word' id='word_1_452' title='bbox 1821 1994 2021 2044; x_wconf 82' lang='lat' dir='ltr'>studium,</span> <span class='ocrx_word' id='word_1_453' title='bbox 2048 2005 2128 2048; x_wconf 87' lang='lat' dir='ltr'>quo</span> <span class='ocrx_word' id='word_1_454' title='bbox 2145 1990 2208 2045; x_wconf 71' lang='lat' dir='ltr'>pie</span> <span class='ocrx_word' id='word_1_455' title='bbox 2223 1986 2429 2042; x_wconf 82' lang='lat' dir='ltr'>suffragari.</span> 
     </span>
     <span class='ocr_line' id='line_1_80' title="bbox 1393 2045 2431 2115; baseline -0.014 -14"><span class='ocrx_word' id='word_1_456' title='bbox 1393 2057 1618 2115; x_wconf 79' lang='lat' dir='ltr'>Maj‘oribus-</span> <span class='ocrx_word' id='word_1_457' title='bbox 1635 2057 1714 2098; x_wconf 88' lang='lat' dir='ltr'>tuis</span> <span class='ocrx_word' id='word_1_458' title='bbox 1729 2067 1844 2097; x_wconf 82' lang='lat' dir='ltr'>curas</span> <span class='ocrx_word' id='word_1_459' title='bbox 1859 2081 1874 2104; x_wconf 86' lang='lat'>‚</span> <span class='ocrx_word' id='word_1_460' title='bbox 1906 2052 1944 2093; x_wconf 87' lang='lat' dir='ltr'>in</span> <span class='ocrx_word' id='word_1_461' title='bbox 1971 2049 2246 2093; x_wconf 80' lang='lat' dir='ltr'>testimonium</span> <span class='ocrx_word' id='word_1_462' title='bbox 2260 2075 2275 2098; x_wconf 82' lang='lat'><strong>,</strong></span> <span class='ocrx_word' id='word_1_463' title='bbox 2303 2060 2349 2088; x_wconf 84' lang='lat' dir='ltr'>ac</span> <span class='ocrx_word' id='word_1_464' title='bbox 2366 2045 2431 2100; x_wconf 48' lang='lat' dir='ltr'>pi?</span> 
     </span>
     <span class='ocr_line' id='line_1_81' title="bbox 1390 2106 2427 2174; baseline -0.014 -15"><span class='ocrx_word' id='word_1_465' title='bbox 1390 2130 1489 2174; x_wconf 87' lang='lat' dir='ltr'>gnus</span> <span class='ocrx_word' id='word_1_466' title='bbox 1513 2114 1810 2157; x_wconf 73' lang='lat' dir='ltr'>benevolentiae</span> <span class='ocrx_word' id='word_1_467' title='bbox 1836 2109 1972 2152; x_wconf 73' lang='lat' dir='ltr'>nostrae</span> <span class='ocrx_word' id='word_1_468' title='bbox 1993 2107 2267 2164; x_wconf 82' lang='lat' dir='ltr'>Apostolicam</span> <span class='ocrx_word' id='word_1_469' title='bbox 2296 2106 2427 2145; x_wconf 81' lang='lat' dir='ltr'>Bene-</span> 
     </span>
     <span class='ocr_line' id='line_1_82' title="bbox 1389 2164 2428 2223; baseline -0.015 -4"><span class='ocrx_word' id='word_1_470' title='bbox 1389 2176 1609 2219; x_wconf 64' lang='lat' dir='ltr'>dictionem</span> <span class='ocrx_word' id='word_1_471' title='bbox 1629 2170 1850 2215; x_wconf 85' lang='lat' dir='ltr'>Nobilitati</span> <span class='ocrx_word' id='word_1_472' title='bbox 1870 2169 1965 2210; x_wconf 77' lang='lat' dir='ltr'>‘ruae</span> <span class='ocrx_word' id='word_1_473' title='bbox 1995 2175 2256 2223; x_wconf 87' lang='lat' dir='ltr'>peramanter</span> <span class='ocrx_word' id='word_1_474' title='bbox 2280 2164 2428 2218; x_wconf 88' lang='lat' dir='ltr'>impar-</span> 
     </span>
     <span class='ocr_line' id='line_1_83' title="bbox 1389 2219 2431 2282; baseline -0.015 -4"><span class='ocrx_word' id='word_1_475' title='bbox 1389 2235 1540 2278; x_wconf 88' lang='lat' dir='ltr'>timur.</span> <span class='ocrx_word' id='word_1_476' title='bbox 1574 2235 1727 2274; x_wconf 84' lang='lat' dir='ltr'>Datum</span> <span class='ocrx_word' id='word_1_477' title='bbox 1749 2230 1898 2272; x_wconf 70' lang='lat' dir='ltr'>Rome</span> <span class='ocrx_word' id='word_1_478' title='bbox 1925 2225 2030 2282; x_wconf 87' lang='lat' dir='ltr'>apud</span> <span class='ocrx_word' id='word_1_479' title='bbox 2063 2224 2282 2270; x_wconf 85' lang='lat' dir='ltr'>S·Mariam</span> <span class='ocrx_word' id='word_1_480' title='bbox 2300 2219 2431 2277; x_wconf 79' lang='lat' dir='ltr'>Majo-</span> 
     </span>
     <span class='ocr_line' id='line_1_84' title="bbox 1391 2276 2430 2341; baseline -0.016 -4"><span class='ocrx_word' id='word_1_481' title='bbox 1391 2309 1504 2341; x_wconf 65' lang='grc' dir='ltr'>γεω,</span> <span class='ocrx_word' id='word_1_482' title='bbox 1539 2292 1615 2334; x_wconf 90' lang='lat' dir='ltr'>Die</span> <span class='ocrx_word' id='word_1_483' title='bbox 1633 2303 1734 2332; x_wconf 85' lang='lat' dir='ltr'>xxvt</span> <span class='ocrx_word' id='word_1_484' title='bbox 1750 2302 1782 2329; x_wconf 85' lang='lat'>1.</span> <span class='ocrx_word' id='word_1_485' title='bbox 1799 2286 1993 2329; x_wconf 67' lang='lat' dir='ltr'>octobris</span> <span class='ocrx_word' id='word_1_486' title='bbox 2011 2298 2155 2328; x_wconf 74' lang='lat' dir='ltr'>mucci</span> <span class='ocrx_word' id='word_1_487' title='bbox 2171 2297 2184 2325; x_wconf 87' lang='grc' dir='ltr'><strong><em>ι</em></strong></span> <span class='ocrx_word' id='word_1_488' title='bbox 2199 2295 2234 2324; x_wconf 85' lang='lat'>1.</span> <span class='ocrx_word' id='word_1_489' title='bbox 2258 2276 2430 2325; x_wconf 55' lang='lat' dir='ltr'>Pontifiss</span> 
     </span>
    </p>
   </div>
   <div class='ocr_carea' id='block_1_16' title="bbox 1392 2345 2010 2396">
    <p class='ocr_par' dir='ltr' id='par_1_19' title="bbox 1392 2345 2010 2396">
     <span class='ocr_line' id='line_1_85' title="bbox 1392 2345 2010 2396; baseline -0.018 0"><span class='ocrx_word' id='word_1_490' title='bbox 1392 2364 1507 2396; x_wconf 90' lang='lat' dir='ltr'>catus</span> <span class='ocrx_word' id='word_1_491' title='bbox 1535 2349 1671 2394; x_wconf 82' lang='lat' dir='ltr'>Nostri</span> <span class='ocrx_word' id='word_1_492' title='bbox 1699 2351 1821 2392; x_wconf 82' lang='lat' dir='ltr'>Anno</span> <span class='ocrx_word' id='word_1_493' title='bbox 1844 2345 2010 2389; x_wconf 84' lang='lat' dir='ltr'>tertio..</span> 
     </span>
    </p>
   </div>
   <div class='ocr_carea' id='block_1_17' title="bbox 1543 2457 2368 2523">
    <p class='ocr_par' dir='ltr' id='par_1_20' title="bbox 1543 2457 2368 2523">
     <span class='ocr_line' id='line_1_86' title="bbox 1543 2457 2368 2523; baseline -0.012 -12"><span class='ocrx_word' id='word_1_494' title='bbox 1543 2464 1704 2523; x_wconf 83' lang='lat' dir='ltr'>Ulyffes</span> <span class='ocrx_word' id='word_1_495' title='bbox 1722 2462 1871 2522; x_wconf 83' lang='lat' dir='ltr'>Joseph</span> <span class='ocrx_word' id='word_1_496' title='bbox 1895 2460 2159 2505; x_wconf 86' lang='lat' dir='ltr'>Gozzadinus</span> <span class='ocrx_word' id='word_1_497' title='bbox 2177 2457 2368 2513; x_wconf 86' lang='lat' dir='ltr'>Archiep.</span> 
     </span>
    </p>
   </div>
   <div class='ocr_carea' id='block_1_18' title="bbox 1448 2574 2427 2698">
    <p class='ocr_par' dir='ltr' id='par_1_21' title="bbox 1448 2574 2427 2698">
     <span class='ocr_line' id='line_1_87' title="bbox 1448 2574 2427 2642; baseline -0.017 -10"><span class='ocrx_word' id='word_1_498' title='bbox 1448 2590 1592 2642; x_wconf 77' lang='lat' dir='ltr'>Autog.</span> <span class='ocrx_word' id='word_1_499' title='bbox 1608 2588 1652 2627; x_wconf 71' lang='lat' dir='ltr'>ln</span> <span class='ocrx_word' id='word_1_500' title='bbox 1662 2587 1885 2627; x_wconf 54' lang='lat' dir='ltr'>sne-Arm.</span> <span class='ocrx_word' id='word_1_501' title='bbox 1902 2581 1954 2626; x_wconf 86' lang='lat' dir='ltr'>ad</span> <span class='ocrx_word' id='word_1_502' title='bbox 1971 2579 2278 2635; x_wconf 84' lang='lat' dir='ltr'>Principesch.</span> <span class='ocrx_word' id='word_1_503' title='bbox 2294 2574 2427 2632; x_wconf 74' lang='lat' dir='ltr'>meust,</span> 
     </span>
     <span class='ocr_line' id='line_1_88' title="bbox 1510 2638 2051 2698; baseline -0.017 -11"><span class='ocrx_word' id='word_1_504' title='bbox 1510 2645 1565 2695; x_wconf 59' lang='grc' dir='ltr'>ὠ·</span> <span class='ocrx_word' id='word_1_505' title='bbox 1587 2646 1683 2685; x_wconf 70' lang='lat' dir='ltr'>anni</span> <span class='ocrx_word' id='word_1_506' title='bbox 1706 2643 1836 2697; x_wconf 82' lang='lat' dir='ltr'>praed.</span> <span class='ocrx_word' id='word_1_507' title='bbox 1855 2638 1940 2698; x_wconf 76' lang='lat' dir='ltr'>fil.</span> <span class='ocrx_word' id='word_1_508' title='bbox 1962 2651 2051 2683; x_wconf 82' lang='lat' dir='ltr'>iai.</span> 
     </span>
    </p>
   </div>
   <div class='ocr_carea' id='block_1_19' title="bbox 2176 2772 2425 2791">
    <p class='ocr_par' dir='ltr' id='par_1_22' title="bbox 2176 2772 2425 2791">
     <span class='ocr_line' id='line_1_89' title="bbox 2176 2772 2425 2791; baseline 0 1317"><span class='ocrx_word' id='word_1_509' title='bbox 2176 2772 2425 2791; x_wconf 95' lang='lat' dir='ltr'> </span> 
     </span>
    </p>
   </div>
   <div class='ocr_carea' id='block_1_20' title="bbox 1599 2868 2243 2930">
    <p class='ocr_par' dir='ltr' id='par_1_23' title="bbox 1599 2868 2243 2930">
     <span class='ocr_line' id='line_1_90' title="bbox 1599 2868 2243 2930; baseline -0.017 0"><span class='ocrx_word' id='word_1_510' title='bbox 1599 2868 2243 2930; x_wconf 68' lang='lat' dir='ltr'>necnnro.</span> 
     </span>
    </p>
   </div>
   <div class='ocr_carea' id='block_1_21' title="bbox 1543 2987 2283 3060">
    <p class='ocr_par' dir='ltr' id='par_1_24' title="bbox 1543 2987 2283 3060">
     <span class='ocr_line' id='line_1_91' title="bbox 1543 2987 2283 3060; baseline -0.012 -17"><span class='ocrx_word' id='word_1_511' title='bbox 1543 2994 1677 3043; x_wconf 72' lang='lat' dir='ltr'>Sacra</span> <span class='ocrx_word' id='word_1_512' title='bbox 1708 2991 2046 3060; x_wconf 79' lang='lat' dir='ltr'>Congregationis</span> <span class='ocrx_word' id='word_1_513' title='bbox 2074 2987 2254 3037; x_wconf 82' lang='lat' dir='ltr'>Rituum</span> <span class='ocrx_word' id='word_1_514' title='bbox 2271 3021 2283 3035; x_wconf 86' lang='lat'><strong>.</strong></span> 
     </span>
    </p>
   </div>
   <div class='ocr_carea' id='block_1_22' title="bbox 1384 3116 2427 3195">
    <p class='ocr_par' dir='ltr' id='par_1_25' title="bbox 1384 3116 2427 3195">
     <span class='ocr_line' id='line_1_92' title="bbox 1384 3116 2427 3195; baseline -0.013 -21"><span class='ocrx_word' id='word_1_515' title='bbox 1384 3120 1909 3195; x_wconf 64' lang='lat' dir='ltr'>Monialibus&#39;l&#39;ertiariis</span> <span class='ocrx_word' id='word_1_516' title='bbox 1923 3116 2170 3185; x_wconf 72' lang='lat' dir='ltr'>Capucinis</span> <span class='ocrx_word' id='word_1_517' title='bbox 2182 3116 2330 3177; x_wconf 61' lang='lat' dir='ltr'>Terre</span> <span class='ocrx_word' id='word_1_518' title='bbox 2348 3116 2427 3161; x_wconf 86' lang='lat' dir='ltr'>Fa·</span> 
     </span>
    </p>
   </div>
   <div class='ocr_carea' id='block_1_23' title="bbox 1365 3180 2424 3268">
    <p class='ocr_par' dir='ltr' id='par_1_26' title="bbox 1365 3180 2424 3268">
     <span class='ocr_line' id='line_1_93' title="bbox 1365 3180 2424 3268; baseline -0.012 -25"><span class='ocrx_word' id='word_1_519' title='bbox 1365 3188 1500 3268; x_wconf 52' lang='lat' dir='ltr'>grmfii</span> <span class='ocrx_word' id='word_1_520' title='bbox 1518 3228 1532 3251; x_wconf 93' lang='lat'><strong>,</strong></span> <span class='ocrx_word' id='word_1_521' title='bbox 1544 3190 1652 3242; x_wconf 85' lang='lat' dir='ltr'>feria</span> <span class='ocrx_word' id='word_1_522' title='bbox 1665 3210 1710 3240; x_wconf 92' lang='lat' dir='ltr'>v.</span> <span class='ocrx_word' id='word_1_523' title='bbox 1734 3191 1917 3254; x_wconf 88' lang='lat' dir='ltr'>majoris</span> <span class='ocrx_word' id='word_1_524' title='bbox 1931 3185 2225 3238; x_wconf 85' lang='lat' dir='ltr'>hebdomadae</span> <span class='ocrx_word' id='word_1_525' title='bbox 2241 3180 2424 3233; x_wconf 76' lang='lat' dir='ltr'>Missam</span> 
     </span>
    </p>
   </div>
   <div class='ocr_carea' id='block_1_24' title="bbox 1454 3252 2423 3397">
    <p class='ocr_par' dir='ltr' id='par_1_27' title="bbox 1454 3252 2423 3397">
     <span class='ocr_line' id='line_1_94' title="bbox 1454 3252 2423 3334; baseline -0.01 -20"><span class='ocrx_word' id='word_1_526' title='bbox 1454 3267 1681 3334; x_wconf 87' lang='lat' dir='ltr'>privatam</span> <span class='ocrx_word' id='word_1_527' title='bbox 1696 3265 1741 3311; x_wconf 91' lang='lat' dir='ltr'>in</span> <span class='ocrx_word' id='word_1_528' title='bbox 1758 3252 2333 3327; x_wconf 81' lang='lat' dir='ltr'>earumCapella‚Ecclesiae</span> <span class='ocrx_word' id='word_1_529' title='bbox 2348 3255 2423 3304; x_wconf 75' lang='lat' dir='ltr'>Pa·</span> 
     </span>
     <span class='ocr_line' id='line_1_95' title="bbox 1461 3327 2283 3397; baseline -0.013 -13"><span class='ocrx_word' id='word_1_530' title='bbox 1461 3334 1674 3385; x_wconf 75' lang='lat' dir='ltr'>rochiniis</span> <span class='ocrx_word' id='word_1_531' title='bbox 1694 3331 1941 3391; x_wconf 84' lang='lat' dir='ltr'>,celebrari</span> <span class='ocrx_word' id='word_1_532' title='bbox 1969 3327 2250 3397; x_wconf 87' lang='lat' dir='ltr'>permittitur</span> <span class='ocrx_word' id='word_1_533' title='bbox 2270 3359 2283 3373; x_wconf 88' lang='lat'><strong>.</strong></span> 
     </span>
    </p>
   </div>
   <div class='ocr_carea' id='block_1_25' title="bbox 1681 3455 2139 3504">
    <p class='ocr_par' dir='ltr' id='par_1_28' title="bbox 1681 3455 2139 3504">
     <span class='ocr_line' id='line_1_96' title="bbox 1681 3455 2139 3504; baseline -0.02 0"><span class='ocrx_word' id='word_1_534' title='bbox 1681 3461 1842 3504; x_wconf 77' lang='lat' dir='ltr'>Nullius</span> <span class='ocrx_word' id='word_1_535' title='bbox 1872 3455 2109 3501; x_wconf 74' lang='lat' dir='ltr'>Nonantulae</span> <span class='ocrx_word' id='word_1_536' title='bbox 2121 3478 2139 3494; x_wconf 78' lang='lat'><strong>·</strong></span> 
     </span>
    </p>
   </div>
   <div class='ocr_carea' id='block_1_26' title="bbox 1389 3572 2430 3854">
    <p class='ocr_par' dir='ltr' id='par_1_29' title="bbox 1503 3572 2425 3626">
     <span class='ocr_line' id='line_1_97' title="bbox 1503 3572 2425 3626; baseline -0.012 -4"><span class='ocrx_word' id='word_1_537' title='bbox 1503 3581 1549 3622; x_wconf 91' lang='lat' dir='ltr'>·U</span> <span class='ocrx_word' id='word_1_538' title='bbox 1566 3580 1608 3621; x_wconf 89' lang='lat' dir='ltr'>M</span> <span class='ocrx_word' id='word_1_539' title='bbox 1641 3578 1851 3621; x_wconf 79' lang='lat' dir='ltr'>Tertiariae</span> <span class='ocrx_word' id='word_1_540' title='bbox 1886 3572 2053 3617; x_wconf 83' lang='lat' dir='ltr'>Ordinis</span> <span class='ocrx_word' id='word_1_541' title='bbox 2086 3572 2425 3626; x_wconf 73' lang='lat' dir='ltr'>capucinorum...</span> 
     </span>
    </p>

    <p class='ocr_par' dir='ltr' id='par_1_30' title="bbox 1532 3631 2425 3682">
     <span class='ocr_line' id='line_1_98' title="bbox 1532 3631 2425 3682; baseline -0.016 0"><span class='ocrx_word' id='word_1_542' title='bbox 1532 3642 1672 3682; x_wconf 71' lang='lat' dir='ltr'>Terrae</span> <span class='ocrx_word' id='word_1_543' title='bbox 1714 3638 1806 3680; x_wconf 83' lang='lat' dir='ltr'>Fani</span> <span class='ocrx_word' id='word_1_544' title='bbox 1839 3631 2035 3677; x_wconf 86' lang='lat' dir='ltr'>Dioecesis</span> <span class='ocrx_word' id='word_1_545' title='bbox 2063 3631 2391 3676; x_wconf 82' lang='lat' dir='ltr'>Nonantularum</span> <span class='ocrx_word' id='word_1_546' title='bbox 2410 3654 2425 3678; x_wconf 86' lang='lat'>‚</span> 
     </span>
    </p>

    <p class='ocr_par' dir='ltr' id='par_1_31' title="bbox 1389 3687 2429 3746">
     <span class='ocr_line' id='line_1_99' title="bbox 1389 3687 2429 3746; baseline -0.016 -3"><span class='ocrx_word' id='word_1_547' title='bbox 1389 3703 1443 3746; x_wconf 93' lang='lat' dir='ltr'>ob</span> <span class='ocrx_word' id='word_1_548' title='bbox 1458 3698 1636 3741; x_wconf 89' lang='lat' dir='ltr'>nondum</span> <span class='ocrx_word' id='word_1_549' title='bbox 1646 3696 1915 3738; x_wconf 65' lang='lat' dir='ltr'>constructam</span> <span class='ocrx_word' id='word_1_550' title='bbox 1929 3704 2070 3734; x_wconf 87' lang='lat' dir='ltr'>earum</span> <span class='ocrx_word' id='word_1_551' title='bbox 2082 3690 2322 3740; x_wconf 83' lang='lat' dir='ltr'>Ecclesiam,</span> <span class='ocrx_word' id='word_1_552' title='bbox 2333 3687 2429 3730; x_wconf 73' lang='lat' dir='ltr'>Mis-</span> 
     </span>
    </p>

    <p class='ocr_par' dir='ltr' id='par_1_32' title="bbox 1390 3748 2430 3854">
     <span class='ocr_line' id='line_1_100' title="bbox 1390 3748 2430 3809; baseline -0.022 -2"><span class='ocrx_word' id='word_1_553' title='bbox 1390 3759 1520 3806; x_wconf 83' lang='lat' dir='ltr'>samin</span> <span class='ocrx_word' id='word_1_554' title='bbox 1536 3754 1678 3805; x_wconf 70' lang='lat' dir='ltr'>una‘ex</span> <span class='ocrx_word' id='word_1_555' title='bbox 1689 3750 2084 3809; x_wconf 75' lang='lat' dir='ltr'>CapellisParochiae</span> <span class='ocrx_word' id='word_1_556' title='bbox 2103 3748 2244 3794; x_wconf 87' lang='lat' dir='ltr'>audire</span> <span class='ocrx_word' id='word_1_557' title='bbox 2259 3749 2430 3795; x_wconf 83' lang='lat' dir='ltr'>soleant,</span> 
     </span>
     <span class='ocr_line' id='line_1_101' title="bbox 1756 3814 2378 3854; baseline -0.013 0"><span class='ocrx_word' id='word_1_558' title='bbox 1756 3814 1801 3854; x_wconf 87' lang='lat' dir='ltr'>M</span> <span class='ocrx_word' id='word_1_559' title='bbox 1818 3822 1869 3852; x_wconf 86' lang='lat' dir='ltr'>m·</span> <span class='ocrx_word' id='word_1_560' title='bbox 1889 3822 1911 3853; x_wconf 74' lang='lat' dir='ltr'>a</span> <span class='ocrx_word' id='word_1_561' title='bbox 2264 3818 2378 3850; x_wconf 85' lang='lat' dir='ltr'>cun:-</span> 
     </span>
    </p>
   </div>
  </div>
 </body>
</html>
