2762 4030
1441 227 1452 243 0
1617 227 1631 243 Ι

424 230 545 315 26
1143 225 1704 316 Provincia

359 349 410 390 εἰς
423 372 435 391 ,
458 339 654 393 concefferit
665 365 680 389 ,
707 340 751 386 &¹
765 338 952 427 indullserit
962 365 975 387 ‚
995 348 1101 391 prout
1123 341 1163 377 in
1176 341 1275 392 ipfius
1285 339 1403 378 ⁶Pauli
1415 342 1671 396 Praedecefforis
1695 346 1811 386 literis
1826 371 1839 393 ‚
1851 349 1993 400 desuper
2005 352 2155 406 insimili
2164 355 2280 405 fhrma
2289 356 2502 400 ‘Brevisndie

360 394 403 438 Χ
402 391 523 436 XVII.
541 392 654 445 ‘fy‘unii
666 388 837 432 MDCV
832 391 852 429 I
871 391 897 428 l,
909 391 1075 440 expeditis
1089 417 1098 431 ‚
1126 402 1212 439 quas
1225 393 1403 439 perpetuis
1410 393 1551 441 futuris
1565 397 1774 443 temporibus
1787 398 1904 438 valere
1918 402 2032 440 voluit
2046 430 2059 448 ,
2075 408 2275 444 continetur
2290 432 2300 442 .
2427 404 2430 407 ’

459 443 598 493 Etstcut
607 450 671 491 pro
680 449 783 491 parte
800 440 910 494 vestra
925 438 1041 482 Nobis
1058 448 1167 489 nuper
1181 439 1444 491 expofitumfnit
1460 467 1471 486 ,
1501 443 1553 480 Ca
1576 442 1648 481 ellae
1670 446 1893 496 &imagines
1915 452 2082 498 praediiiae
2093 456 2191 493 intra
2218 454 2366 505 claustra
2370 457 2505 506 supra.

362 494 454 534 dieta
466 490 642 543 exislentes
654 487 829 543 progreffu
841 492 1000 541 temporis
1015 488 1213 539 restaurata
1220 489 1363 539 fuerint
1376 516 1388 535 ‚
1409 502 1516 540 eaque
1554 504 1572 530 e
1583 494 1685 544 causa
1699 497 1739 533 in
1751 495 1866 546 aliquo
1881 499 2004 538 timore
2028 502 2087 539 vel
2099 504 2202 542 dubio
2219 506 2405 554 versemini
2419 532 2428 547 ‚
2457 520 2499 546 ne

357 543 482 596 forsan
491 542 616 590 gratia
631 539 735 580 Vobis
749 543 769 578 ᾶ
784 551 965 580 memorato
982 538 1092 577 Paulo
1107 535 1348 589 PraedeceJJore
1364 565 1373 580 ,
1381 539 1470 589 ficut
1480 543 1711 591 praemittitur
1723 571 1732 584 ‚
1753 545 1900 600 conceffa
1927 548 2049 602 ceffare
2066 556 2246 601 potuerim
2279 553 2396 594 Nobis
2416 565 2499 604 pro.

354 602 478 646 pterea
491 590 670 630 humiliter
687 588 882 640 supplicari
889 589 1017 640 fecistis
1031 613 1044 634 ‚
1067 598 1109 628 ut
1134 586 1239 629 Vobis
1254 591 1294 625 in
1305 589 1474 639 praemiffis
1486 593 1673 640 opportune
1683 596 1871 643 providere
1883 626 1896 641 ‚
1919 599 1961 635 de
1984 601 2202 650 benignitate
2233 604 2427 654 Apostolica
2439 605 2496 641 di.

353 652 546 695 gnaremur
563 665 573 677 .
608 638 687 679 Nos
700 641 813 687 igitar
819 638 1004 688 spirituali
1017 637 1241 688 consolationi
1255 637 1395 687 vestrae,
1422 639 1465 680 ἐπ’
1478 641 1674 681 animarum
1698 644 1890 695 vestrarum
1895 647 2009 696 saluti
2024 675 2037 694 ‚
2060 662 2228 699 quantum
2244 666 2320 690 cum
2340 655 2492 691 Domino

355 688 524 743 poffumus
538 715 547 729 ,
578 689 725 738 benigne
738 688 910 738 consulere
924 688 1075 727 volentes
1089 713 1101 733 ,
1123 689 1167 732 ὠ*
1179 687 1326 738 vestrum
1331 687 1526 736 singulares
1539 690 1706 741 Personas
1721 697 1743 730 ἄ
1753 696 1934 745 quibusvis
1948 703 2306 740 excommunicationis
2322 727 2334 746 ,
2348 703 2494 752 suspem

349 742 455 795 sionis
465 764 478 785 ‚
501 740 544 782 &⁴
556 738 736 778 interdifli
752 763 764 782 ‚
778 738 922 788 aliisque
938 736 1169 788 Ecclefiastict's
1175 737 1365 786 sententiis
1382 762 1393 781 ‚
1405 738 1560 787 censuris
1572 742 1615 784 ὠ·
1625 744 1734 790 poenis
1747 768 1760 788 ‚
1775 747 1796 781 ᾱ
1803 745 1885 794 jure
1900 746 1959 782 vel
1968 749 2012 782 ab
2024 748 2157 787 homine
2185 753 2312 800 quavis
2327 753 2494 802 occasione

357 788 417 828 vel
429 788 531 836 causa
545 787 628 825 latis
639 788 691 837 ,fi
700 789 827 838 quibus
841 786 1089 837 quomodolibet
1100 787 1266 836 innodate
1279 786 1442 837 existunt,
1456 788 1501 825 ad
1512 787 1660 838 effefflum
1669 793 1888 842 presencium
1901 796 2038 833 tantum
2050 799 2144 847 conse
2168 801 2318 838 nendum
2332 826 2344 845 ,
2365 801 2491 839 harum

348 839 445 891 serie
459 837 671 884 absolventes
683 861 697 882 ‚
730 837 773 880 ἐν
787 835 957 886 absolutas
966 837 1044 885 fore
1055 836 1227 885 censentes
1243 861 1251 875 .
1268 835 1586 885 supplicationibus
1611 841 1720 891 vestro
1735 843 1869 880 nomine
1894 841 2125 895 IVobissuper
2165 860 2199 885 oc
2216 849 2397 888 humiliter
2408 860 2493 900 por.

357 887 457 926 retiis
469 886 638 924 inclinati
650 911 661 930 ,
696 885 873 923 indultum
889 883 994 923 Vobis
1009 888 1031 923 a
1042 885 1199 934 praedifzio
1211 884 1324 923 Paulo
1338 884 1580 937 Praedeceffore
1608 888 1791 942 concessum
1806 916 1816 932 ,
1843 902 1884 930 ut
1894 895 2050 941 petitur,
2064 897 2117 933 ita
2131 920 2144 940 ‚
2158 907 2199 935 ut
2214 897 2282 937 Vos
2296 911 2408 937 omnes
2421 925 2434 944 ‚
2450 899 2495 941 ᾤ’

349 935 490 991 fingulae
503 935 585 974 vere
598 938 805 984 poenitentes
817 961 831 981 ,
851 933 1071 986 &confeffae»
1099 934 1252 982 acsacra
1276 935 1518 974 Communione
1534 938 1655 987 refefile
1668 965 1680 984 ‚
1701 952 1774 990 quae
1787 941 2007 992 supradifiias
2037 944 2193 993 Capellas
2206 971 2218 991 ,
2250 958 2292 986 ut
2310 950 2501 997 praemittis

357 997 420 1026 tur
432 1009 444 1030 ‚
459 984 668 1035 restauratas
681 984 803 1024 devote
816 986 1044 1035 visttaveritis
1054 1009 1067 1030 ‚
1081 984 1125 1028 ὼ·
1137 986 1175 1022 in
1189 982 1261 1021 illis
1273 983 1491 1033 ‚ficutsupra
1505 986 1689 1039 expressum
1702 988 1745 1039 est
1757 1015 1770 1035 ,
1787 991 1866 1040 pias
1880 991 1926 1027 ad
1941 991 2064 1030 ‘Deum
2071 1002 2188 1043 preces
2200 995 2394 1046 effuderitis
2406 1024 2420 1043 ,
2434 997 2500 1035 om'·

358 1048 418 1074 nes
431 1059 444 1079 ,
467 1036 511 1079 &¹
514 1034 667 1084 singulas
681 1034 934 1082 indulgentias,
940 1035 1004 1085 fia
1016 1043 1234 1083 peccatorum
1248 1033 1448 1082 remiffiones
1462 1047 1517 1071 ,ac
1529 1040 1815 1084 paenitentiarum
1842 1039 2073 1079 relaxationes
2097 1044 2378 1093 consequamini,
2409 1055 2494 1095 quas

357 1083 646 1169 consequeremini
665 1084 711 1134 ‚si
720 1096 830 1122 omnes
843 1082 1044 1134 &stngulas
1059 1083 1183 1131 septem
1196 1106 1207 1124 ‚
1235 1081 1293 1127 feu
1307 1093 1428 1119 novem
1445 1083 1601 1135 Eccless'as
1617 1114 1628 1129 ,
1655 1099 1786 1125 necnon
1801 1089 1842 1127 Β.
1862 1090 1967 1128 Petri
1978 1091 2016 1127 in
2030 1104 2168 1130 carcere
2179 1093 2359 1144 praedifiias
2384 1095 2500 1143 perso·

356 1146 403 1174 na
418 1135 487 1170 iter
499 1133 542 1177 ὠ·
553 1132 674 1170 devote
687 1133 874 1183 visitaretis
886 1158 898 1178 ,
913 1132 1118 1171 austeritate
1131 1129 1342 1181 Apostollcas
1362 1140 1482 1171 tenore
1491 1136 1712 1184 praesentium
1739 1137 1977 1186 confirmamus
1993 1163 2006 1184 ‚
2029 1141 2292 1183 &innovamus
2304 1171 2312 1179 .
2336 1144 2497 1193 Praesien-

355 1181 451 1223 'tibus
467 1181 588 1220 itidem
597 1184 771 1231 perpetuis
779 1183 920 1231 futuris
934 1182 1141 1231 temporibus
1155 1179 1325 1217 valituris
1338 1203 1351 1223 2
1365 1191 1433 1217 ’10⁷¹
1445 1182 1655 1232 obstantibus
1664 1187 1836 1236 praemiffis
1852 1212 1864 1232 ,
1876 1200 1916 1225 ac
1929 1188 2041 1239 nostra
2053 1191 2095 1227 de
2110 1203 2178 1227 non
2192 1191 2417 1229 concedendis
2439 1195 2496 1230 In·

354 1231 548 1278 dulgentiis
560 1232 606 1268 ad
619 1229 725 1281 instar
740 1256 753 1276 ,
776 1231 923 1283 aliisque
950 1229 1263 1285 Constitutionibus
1286 1228 1330 1270 (θ’
1342 1229 1622 1271 ordinationibus
1651 1234 1868 1287 ‹Apostolicis
1879 1262 1890 1280 ‚
1913 1240 2109 1289 caeterisque
2137 1242 2326 1279 contrariis
2354 1242 2501 1289 quibus-

355 1292 498 1328 cumque
511 1305 521 1316 .
534 1281 670 1318 Datum
679 1280 795 1318 Romae
807 1280 901 1330 apud
921 1282 962 1317 S.
977 1280 1134 1317 Mariam
1147 1278 1319 1331 Majorem
1335 1278 1406 1328 sub
1418 1281 1547 1321 annulo
1559 1283 1751 1336 Piscatoris
1775 1285 1834 1326 die
1862 1284 2021 1326 XXVII.
2039 1288 2138 1339 ‘Julii
2162 1287 2431 1330 MDCLXXV
2427 1285 2493 1329 11'1.

354 1328 588 1380 Pontificatus
603 1328 710 1384 nostri
722 1341 814 1369 anno
827 1331 980 1382 Septimo
995 1353 1005 1368 ·

2043 1402 2072 1442 1.
2087 1403 2132 1441 G.
2146 1403 2275 1455 Slufius
2290 1431 2300 1450 ,

547 1489 665 1530 Breve
672 1490 820 1542 format.
832 1491 872 1529 in
883 1491 1000 1532 Arch.
1015 1493 1253 1547 monasterii
1265 1496 1479 1537 Monialiam
1493 1531 1502 1541 .

354 1609 591 1625 ι-ι-ι-ι-ι-

348 1692 645 1762 Emptionem
661 1694 771 1761 petii
786 1694 995 1754 terrae,ad
1008 1698 1268 1747 Canonicos
1284 1701 1392 1749 Mo·

417 1760 596 1812 nasterii
615 1768 662 1814 S.
680 1767 936 1816 Salvatoris
956 1769 1001 1816 in
1017 1771 1168 1817 Lauro
1184 1769 1240 1818 de
1256 1770 1388 1826 Urbe

415 1831 676 1903 speEtantis,
691 1837 747 1886 ab
768 1837 1087 1893 Univerfitate
1103 1842 1282 1890 Montis
1298 1847 1391 1892 Ro-

413 1904 548 1956 tundi
566 1901 735 1959 fastam
755 1909 1200 1978 approbat,inibique
1217 1930 1388 1963 novam

414 1979 636 2030 Fratrum
651 1985 860 2033 Domum
879 1981 1078 2032 construi
1098 1986 1327 2052 permittit
1346 2021 1357 2035 .

340 2119 379 2164 A
401 2124 553 2177 tergo:
617 2122 788 2166 Ditettts
822 2125 942 2170 Filiis
984 2125 1260 2180 superioribas
1287 2153 1301 2177 ,
1344 2125 1393 2175 ὢ·

442 2180 661 2227 ,Fratribus
680 2182 839 2224 Ordinis
867 2187 916 2228 F.
931 2186 976 2226 F.
996 2189 1285 2240 Capucinorum

645 2243 864 2286 Provincia
885 2246 1095 2288 Romanae.

377 2362 828 2418 PAULUS
927 2367 1204 2416 PAPA
1283 2369 1349 2416 V.

415 2478 570 2526 Diu-Hi
602 2481 704 2527 Filii
725 2480 906 2538 salutem
926 2513 941 2536 ‚
973 2484 1023 2532 θ’
1051 2483 1314 2541 Apostolicam

698 2540 1010 2587 Benedibiionem
1025 2573 1037 2587 .

492 2661 595 2703 Obis
624 2675 752 2718 nuper
782 2664 1008 2716 expositum
1035 2658 1143 2711 fuit,
1170 2659 1280 2716 quod
1310 2661 1384 2705 itt-s

508 2722 644 2762 Domo
674 2721 796 2765 vestri
811 2721 978 2764 Ordinis
1006 2720 1085 2762 loci
1116 2721 1271 2763 Montis
1296 2722 1386 2762 Ro-

338 2777 458 2822 tundi
483 2779 673 2822 Sabinen.
700 2780 839 2824 Dioec.
871 2790 1042 2838 propter
1067 2778 1178 2822 illius
1211 2779 1386 2822 vetusta-

337 2848 424 2882 tem
446 2867 462 2891 ,
493 2839 535 2882 δέ,
555 2838 671 2883 Coeli
699 2840 987 2896 intemperiem
1020 2838 1232 2896 quotannis
1257 2837 1390 2896 major

336 2911 430 2954 pars
446 2896 553 2941 illius
571 2901 759 2943 Fratrum
789 2900 989 2950 moritur,
1003 2897 1113 2957 quod
1130 2897 1390 2940 animadver-

338 2965 476 3001 tentes
506 2956 646 3000 dilec‘ti
678 2959 772 3003 Filii
800 2960 1054 3004 universitas
1072 2986 1086 3009 ,
1116 2958 1156 2999 &
1184 2959 1386 3001 Homines

337 3016 434 3060 dini
449 3015 531 3058 loci
550 3017 778 3063 christiana
793 3018 1011 3063 Charitate
1027 3015 1155 3067 duc'ti,
1177 3016 1385 3072 quoddam

335 3076 493 3135 petium
520 3085 639 3119 terrae
656 3105 670 3129 ,
691 3078 928 3135 capacitatis
956 3077 1133 3120 duorum
1158 3077 1383 3120 nebrorum

336 3134 531 3179 mensurae
557 3136 724 3182 illarum
740 3138 940 3193 partium,
969 3135 1180 3181 salubriori
1219 3137 1259 3179 in
1290 3135 1384 3180 loco

338 3194 476 3246 snum,
496 3193 517 3238 ἃ
534 3195 695 3249 Priore,
711 3199 751 3241 δι
764 3196 982 3241 Canonicis
1002 3195 1238 3241 Monasterii
1255 3195 1384 3239 S-Sal-

340 3253 497 3298 vatoris
512 3254 552 3298 in
571 3258 709 3299 Lauro
722 3256 775 3299 de
791 3256 904 3300 Urbe
924 3285 937 3308 ,
965 3256 1016 3300 ad
1033 3270 1132 3313 quos
1147 3254 1353 3311 spectabat
1366 3287 1382 3309 ‚

337 3314 408 3359 sub
423 3313 574 3358 Nostro
594 3344 608 3367 ,
638 3317 679 3359 &
701 3315 819 3359 Sedis
849 3315 1092 3373 Apostolicae
1122 3314 1384 3372 beneplacito

339 3373 865 3432 emerunt‚illudqueV0bis
881 3375 932 3419 ad
947 3375 1132 3419 effectum
1149 3374 1377 3418 construen-

338 3433 380 3477 di
403 3433 500 3477 inibi
530 3448 679 3479 novam
701 3437 879 3478 Domum
895 3436 1148 3493 Regularem
1177 3440 1381 3492 perpetuo

340 3490 544 3537 donarunt
573 3524 587 3547 ,
627 3499 668 3539 δι
692 3495 964 3553 αίΐιςηέιωηῐ.
999 3499 1106 3540 Cum
1138 3505 1307 3547 autem,
1331 3503 1379 3538 ut

338 3550 484 3595 eadem
525 3555 726 3611 expolitio
770 3555 1034 3615 subjungebat
1061 3585 1075 3608 ,
1119 3555 1238 3598 Prior
1270 3585 1285 3606 ,
1340 3557 1380 3599 &

339 3611 538 3675 Canonici
566 3616 773 3672 praedicti,
806 3617 1011 3675 postquam
1039 3616 1214 3674 pretium
1236 3615 1380 3671 praedi-

342 3669 394 3709 ἂι
410 3672 507 3722 petii
526 3682 644 3718 terrae
665 3678 704 3721 in
718 3677 969 3735 emptionem
987 3676 1161 3721 aliorum
1178 3676 1378 3721 bonorum

341 3725 541 3771 stabilium
572 3734 813 3779 conversum
841 3735 993 3787 fuerit,
1025 3735 1222 3792 majorem
1255 3733 1379 3787 inde,

340 3801 463 3843 quam
494 3803 541 3831 ex
560 3794 748 3847 praedid’to
772 3797 884 3853 petio
908 3807 1055 3848 terrae,
1083 3794 1303 3840 utilitatem
1316 3809 1380 3836 re.

340 3849 503 3901 cepturi
518 3847 659 3902 sinn&
673 3865 894 3911 propterea
910 3858 994 3904 Vos
1006 3856 1232 3915 plurimum
1247 3853 1376 3913 cupia-

1435 1622 2496 1641 ——————————-—————

1451 1702 1535 1755 tis,
1571 1703 1881 1756 venditionem,
1904 1707 1944 1747 ὅ(
1976 1705 2259 1762 emptionem,
2289 1721 2334 1748 ac
2363 1705 2493 1749 dona·

1450 1764 1606 1807 tionem
1622 1793 1636 1815 ,
1667 1765 1708 1806 &
1731 1763 2038 1819 assignationem
2063 1764 2292 1821 hujusmodi
2318 1779 2392 1820 per
2406 1769 2492 1809 Nos

1451 1823 1690 1877 Apostolica
1705 1824 1964 1868 Austoritate
1980 1824 2218 1879 approbari,
2245 1826 2285 1865 ὃ(
2301 1824 2395 1865 ideo
2406 1827 2494 1867 No-

1449 1882 1511 1925 bis
1531 1881 1976 1938 humilitersupplicari
1993 1882 2275 1934 fecistis,utin
2289 1882 2491 1939 praemiffis

1452 1945 1687 2001 opportune
1700 1943 1939 2000 providere,
1961 1942 2015 1986 de
2033 1943 2293 1999 Benignitate
2319 1942 2496 1998 Aposto-

1455 2005 1534 2048 lica
1565 2004 1852 2060 dignaremur.
1886 2006 1972 2046 Nos
2002 2002 2128 2059 igitur
2157 2004 2239 2045 Vos
2254 2000 2493 2057 specialibus

1464 2063 1674 2108 favoribus
1699 2064 1766 2115 ,&
1801 2063 1952 2117 gratiis
1981 2060 2172 2118 prosequi
2205 2060 2425 2113 volentes,
2456 2063 2497 2103 &

1454 2122 1682 2180 quemlibet
1708 2119 1883 2165 vestrfim
1907 2122 1933 2165 s
1946 2121 2149 2179 quibusvis
2169 2121 2500 2165 excommunica-

1450 2185 1570 2227 tiouis
1588 2185 1665 2225 &c.
1689 2184 1769 2224 &c-
1803 2179 2010 2226 absolutos
2041 2179 2128 2224 fore
2152 2182 2366 2224 censentes
2383 2210 2396 2233 ,
2425 2194 2499 2224 ve-

1450 2244 1535 2286 stris
1549 2272 1563 2294 ,
1577 2258 1621 2287 ac
1636 2241 1882 2286 dilectorum
1898 2239 2076 2284 filiorum
2092 2242 2243 2284 Prioris
2258 2271 2272 2294 ,
2302 2242 2342 2282 δε
2356 2245 2495 2284 Cano-

1451 2304 1640 2346 nicorum
1666 2300 1951 2356 praedictorum
1981 2300 2347 2357 supplicationibus
2378 2300 2495 2344 incli-

1449 2364 1534 2405 nati
1551 2391 1564 2412 ,
1598 2360 1879 2403 venditionem
1895 2388 1909 2410 ,
1940 2362 2246 2416 &emptionem
2261 2391 2274 2412 ,
2303 2375 2349 2402 ac
2366 2359 2509 2402 dona—¹

1451 2423 1609 2464 tionem
1630 2450 1645 2471 ,
1678 2417 2035 2476 &affignationem
2055 2419 2258 2474 psaedifflas
2275 2448 2288 2471 ,
2303 2420 2494 2461 Austori-

1450 2490 1538 2523 tate
1556 2478 1788 2535 Apostolica
1806 2509 1820 2528 ,
1853 2490 2002 2522 tenore
2017 2479 2272 2534 praesentium
2287 2479 2494 2533 perpetuo

1450 2535 1732 2582 confirmamus
1750 2539 1814 2586 ,&
1842 2538 2136 2591 approbamus,
2153 2537 2314 2592 illisque
2341 2551 2491 2591 perpe-

1451 2607 1555 2648 tuae,
1587 2599 1627 2638 &
1653 2594 1900 2638 inviolabilis
1921 2594 2157 2650 Apostolicae
2184 2593 2389 2639 firmitatis
2419 2609 2488 2637 ro—

1447 2658 1523 2700 bur
1538 2655 1747 2712 adjicimus
1763 2683 1777 2706 ,
1809 2669 1852 2698 ac
1868 2668 2035 2706 omnes,
2066 2655 2106 2694 &
2132 2654 2308 2708 fingulos
2326 2664 2407 2696 tam
2423 2653 2487 2707 ju-

1447 2717 1525 2768 ris,
1550 2711 1969 2774 quamfaffldefefftus
1985 2743 1999 2765 ‚
2030 2712 2055 2754 fi
2071 2714 2189 2769 quiin
2207 2714 2285 2757 illis
2301 2713 2486 2755 interve-

1451 2775 1588 2820 nerint
1602 2804 1617 2826 ,
1649 2773 1881 2829 supplemus
1895 2804 1907 2818 .
1919 2774 2088 2826 Insuper
2103 2773 2233 2816 Vobis
2249 2801 2263 2823 ,
2295 2784 2338 2816 ut
2355 2773 2394 2815 in
2413 2786 2487 2828 pe-

1450 2835 1509 2877 tio
1540 2845 1661 2878 terrae
1689 2833 1739 2877 fic
1757 2845 1929 2888 empto,
1960 2832 2110 2875 dictam
2143 2847 2287 2876 novam
2305 2835 2488 2875 Domum

1450 2894 1705 2951 Regularem
1738 2892 1859 2936 vestri
1888 2893 2051 2935 Ordinis
2077 2906 2168 2942 cum
2201 2891 2381 2935 Ecclefia
2403 2919 2418 2942 ,
2445 2892 2487 2932 δε

1448 2953 1538 2997 aliis
1562 2951 1788 2998 necessariis
1819 2954 2058 2998 construere
2075 2982 2088 3003 ,
2119 2954 2160 2993 &
2189 2949 2419 3001 aedificare,
2446 2953 2487 2992 δε

1447 3012 1651 3065 adillam‚
1676 3014 1878 3068 postquam
1896 3012 2117 3057 constructa
2137 3010 2289 3062 fuerit,
2321 3013 2484 3054 Fratres

1444 3074 1579 3128 primo
1602 3072 1716 3116 dic’tae
1733 3075 1886 3116 Domus
1903 3072 2128 3116 transferre
2144 3100 2158 3122 ,
2180 3069 2310 3114 libere
2328 3099 2340 3122 ,
2370 3070 2409 3109 &
2437 3068 2487 3110 li-

1447 3131 1531 3175 cite
1574 3130 1746 3175 valeatis
1776 3162 1791 3184 ,
1833 3133 2041 3175 licentiam
2068 3159 2083 3182 ,
2127 3132 2167 3172 δι
2200 3129 2443 3175 facultatem
2467 3156 2484 3178 ,

1444 3192 1708 3236 Auctoritate
1745 3192 1977 3246 Apostolica
2004 3219 2018 3242 ,
2062 3201 2210 3233 tenore
2235 3187 2486 3243 praesentium

1445 3252 1706 3297 concedimus
1730 3282 1746 3303 ,
1795 3254 1834 3294 &
1866 3251 2162 3308 impartimur3
2207 3262 2288 3290 non
2328 3245 2487 3289 obstan-

1445 3313 1555 3354 tibus
1575 3311 1771 3366 praemisfis
1784 3341 1797 3364 ,
1813 3314 1854 3356 δε
1869 3311 1941 3354 sel.
1958 3323 2041 3354 rec.
2055 3308 2170 3353 Pauli
2186 3308 2365 3363 Papaeu.
2383 3306 2488 3370 Prae-

1444 3370 1663 3415 decefloris
1691 3372 1830 3415 Nostri
1855 3370 1908 3414 de
1942 3369 2062 3413 rebus
2085 3364 2268 3411 Ecclesia:
2293 3378 2369 3408 non
2387 3363 2487 3430 alze-

1444 3431 1587 3476 nandis
1601 3462 1617 3483 ,
1649 3434 1689 3475 &
1715 3432 1802 3475 aliis
1821 3427 2191 3476 constitutionibus
2207 3454 2220 3476 ,
2251 3427 2291 3467 δε
2310 3421 2488 3467 Ordina-

1442 3492 1621 3535 tionibus
1654 3491 1929 3550 Apostolicis,
1973 3501 2128 3532 necnon
2162 3485 2256 3528 dicti
2288 3481 2484 3549 Ordinis,

1441 3553 1568 3597 etiam
1598 3552 1833 3609 juramento
1848 3580 1861 3604 ,
1903 3546 2209 3592 confirmatione
2225 3541 2454 3599 Apostolica
2469 3571 2483 3593 ,

1440 3613 1509 3657 vel
1540 3614 1682 3669 quavis
1715 3612 1792 3655 alia
1808 3610 2003 3655 firmitate
2019 3604 2219 3650 roboratis
2234 3602 2388 3647 statutis
2404 3604 2481 3669 ,·&

1439 3672 1831 3723 consuetudinibus,
1860 3666 2085 3727 privilegiis
2110 3677 2271 3722 quoque
2285 3661 2480 3715 indultis,

1441 3735 1482 3778 ὃς
1502 3733 1654 3777 Literis
1670 3729 1931 3788 Apostolicis,
1945 3728 1984 3771 in
1998 3724 2252 3769 contrarium
2270 3719 2482 3780 premisso-¹

1442 3807 1535 3837 rum
1563 3789 1875 3851 quomodolibet
1889 3785 2101 3838 conceffis,
2132 3784 2410 3834 confirmatis,
2439 3784 2480 3824 &

1438 3854 1670 3907 innovati53
1702 3850 1847 3908 quibus
1865 3847 2049 3891 omnibus
2064 3847 2104 3888 δι
2117 3843 2276 3902 fingulis
2291 3874 2305 3897 ,
2336 3855 2479 3885 earum

2306 3914 2425 3946 teno-
