2774 4068
299 282 521 419 medegia,
551 379 639 424 quae
652 363 823 423 Sponsas
848 363 999 408 Christi
1025 362 1335 420 decet,tenda·-

290 438 391 479 tur,
419 427 680 484 nullibique,
718 427 786 467 nifi
822 421 938 467 causa
974 424 1134 479 hospitii
1183 437 1333 481 perno-

290 489 457 538 ctetur,
501 486 623 543 idque
662 484 814 528 nonnisi
851 482 955 540 apud
1007 483 1192 526 honestas
1238 496 1333 539 per·

290 544 435 599 sonas,
475 559 521 588 ac
551 559 813 602 quaecumque
850 547 1013 585 Statuta
1041 571 1057 593 ,
1091 542 1332 586 Ordinatio-

289 619 359 649 nes
371 633 385 657 ,
421 608 600 648 Decreta
615 635 631 656 ,
665 604 716 648 ad
732 602 969 647 Monasterii
984 629 999 653 ,
1016 612 1058 643 ut
1087 601 1301 660 praefertur
1318 629 1332 653 ,

290 665 508 721 erigendi,
536 662 726 720 illiusque
753 663 1010 719 personarum
1025 675 1163 705 curam
1179 693 1194 714 ,
1222 662 1334 715 regi-

288 737 417 776 men,
450 723 746 774 diree’cionem‚
778 721 1055 777 dictarumque
1090 721 1333 764 Monialium

286 782 576 837 receptionem
592 811 607 834 ,
636 790 800 824 aetatem
815 806 830 829 ,
861 779 1103 836 qualitatem
1124 809 1138 832 ,
1155 782 1302 824 vietum
1313 810 1331 831 ,

288 843 480 884 amictum
497 870 511 894 ,
535 840 840 886 instructionem
857 866 872 888 ,
899 840 940 880 &
973 838 1225 896 disciplinam
1262 853 1327 881 re-

288 901 476 959 gularem
505 900 785 957 pertinentia,
813 899 853 939 δι
875 898 973 940 alias
1000 898 1146 950 utilia,
1180 901 1220 940 δε
1253 913 1325 941 ne—

286 958 454 1004 ceffaria
470 989 485 1012 ,
516 961 629 1002 licita
660 969 795 1002 tamen
811 986 825 1008 ,
848 959 888 998 &
915 956 1076 1000 honesta
1095 985 1108 1008 ,
1127 971 1172 998 ac
1190 957 1325 1000 Sacris

287 1019 555 1071 Canonium,
583 1021 624 1061 δι
653 1016 835 1061 Concilii
865 1016 1100 1059 Tridentini
1130 1017 1323 1058 Decretis

287 1093 371 1123 non
386 1079 593 1122 contraria
611 1075 820 1127 faciendi,
846 1076 887 1117 δι
901 1074 1131 1124 condendi,
1157 1088 1204 1116 ac
1219 1088 1324 1130 quo-

290 1138 473 1194 tiespro
497 1150 635 1181 rerum
651 1165 665 1188 ,
691 1138 731 1177 &
756 1144 990 1189 temporum
1005 1132 1206 1188 qualitate
1221 1163 1235 1185 ,
1251 1132 1321 1175 vel

289 1196 390 1241 alias
417 1195 641 1252 expediens
656 1194 888 1243 videbitur,
903 1191 972 1234 illa
987 1191 1217 1244 alterandi,
1233 1206 1329 1234 cor-

290 1255 484 1311 rigendi,
511 1251 794 1302 reformandi,
819 1265 865 1292 ac
890 1251 930 1293 in
959 1261 1077 1300 toto,
1111 1251 1176 1292 vel
1207 1261 1327 1306 parte

293 1314 513 1363 mutandi,
544 1314 736 1368 aliaque,
760 1310 886 1353 etiam
909 1324 960 1352 ex
989 1310 1179 1364 integro,
1211 1311 1251 1353 ὃ(
1271 1311 1325 1353 de

285 1386 398 1417 novo
424 1370 662 1417 condendi,
692 1369 926 1425 Apostolica
960 1367 1231 1421 auctoritate,
1263 1381 1326 1412 te-

283 1445 391 1476 nore
418 1429 706 1488 praesentium,
745 1428 984 1478 licentiam,
1015 1429 1056 1470 &
1082 1427 1323 1472 facultatem

288 1490 419 1534 etiam
444 1492 648 1547 perpetuo
674 1487 969 1539 concedimus,
994 1488 1035 1528 &
1072 1487 1320 1544 elargimur:

285 1550 508 1597 'Abbatifl‘ae
535 1550 663 1599 vero,
696 1549 734 1590 &
762 1547 1010 1590 Monialibus
1051 1547 1321 1600 Monasterii,

283 1607 554 1666 utpraefertur
571 1636 586 1661 ,
615 1604 833 1663 erigendi,
847 1619 922 1661 pro
935 1616 1124 1663 tempore
1148 1606 1321 1649 existen-

286 1669 426 1718 tibus,
459 1678 504 1712 ut
528 1666 743 1719 omnibus,
771 1666 811 1706 ὅτ.
838 1665 999 1722 fingulis
1029 1665 1321 1718 libertatibus,

285 1727 643 1775 immunitatibus,
670 1727 711 1768 δι
730 1724 1083 1782 exemptionibus,
1124 1739 1323 1782 praeroga·

285 1788 382 1831 tivis
398 1816 413 1839 ,
435 1784 710 1843 &privilegiis
729 1814 743 1837 ,
770 1783 938 1828 indultis
953 1814 967 1838 ,
994 1785 1198 1827 favoribus
1215 1814 1230 1836 ,
1252 1799 1323 1828 an-

287 1847 581 1894 telationibus,
614 1844 778 1901 aliisque
804 1845 973 1899 gratiis,
1000 1855 1081 1886 tam
1107 1844 1323 1899 spirituali—

284 1907 359 1949 bus
376 1935 390 1959 ,
417 1910 538 1962 quam
563 1905 858 1961 temporalibus
873 1933 886 1957 ,
917 1903 1061 1960 quibus
1078 1904 1330 1947 Monasteria.

282 1964 379 2009 disti
411 1964 581 2007 Ordinis
621 1964 861 2007 earumdem
887 1964 1090 2020 partium,
1122 1962 1176 2005 de
1203 1962 1293 2019 jure
1307 1989 1330 2010 ,-

283 2020 386 2073 usu,
418 2022 740 2075 consuetudine,
772 2021 838 2065 vel
851 2023 1099 2079 privilegio,
1132 2032 1204 2064 aut
1222 2022 1320 2063 alias

283 2083 604 2139 quomodolibet
625 2091 826 2134 utuntur,
858 2082 1102 2137 potiuntur,
1143 2082 1182 2122 ἃς
1223 2093 1321 2135 gau-

281 2142 406 2192 dent,
439 2156 485 2184 ac
523 2142 613 2191 uti,
646 2140 799 2197 potiri,
827 2142 867 2182 δι
909 2141 1089 2195 gaudere
1134 2138 1319 2195 possunt,

279 2203 322 2244 &
343 2210 567 2259 poterunt,
591 2200 906 2254 quomodolibet
922 2202 962 2242 in
985 2199 1193 2251 futurum,
1211 2200 1318 2255 pari·

280 2256 499 2312 formiter,
530 2261 570 2301 &
594 2259 705 2315 aeque
735 2257 1048 2316 principaliter,
1079 2273 1124 2303 ac
1141 2259 1220 2301 fine
1238 2259 1320 2301 ulla

282 2319 443 2377 prorsus
471 2318 727 2369 differentia,
751 2319 921 2373 perinde
945 2333 991 2362 ac
1018 2319 1042 2361 fi
1066 2317 1201 2361 eidem
1230 2322 1320 2361 Μο-

283 2378 461 2422 nasterio
487 2406 502 2428 ,
539 2386 583 2419 ut
611 2376 826 2432 praefertur
851 2407 865 2429 ,
905 2378 1104 2433 erigendo
1140 2375 1322 2421 concessa

280 2435 449 2489 forent,
478 2436 703 2479 dummodo
729 2437 796 2477 illa
823 2437 953 2478 sintin
980 2438 1074 2486 usu,
1099 2451 1177 2479 nec
1197 2451 1320 2480 revo-

283 2509 377 2540 cata
395 2525 410 2547 ,
441 2506 508 2538 aut
534 2495 604 2536 sub
633 2495 766 2551 aliqua
782 2497 1044 2538 revocatione
1058 2497 1324 2552 comprehen-

281 2557 350 2606 sa,
383 2557 422 2597 &
449 2554 631 2612 ejusdem
662 2555 841 2596 Concilii
871 2555 1089 2605 Decretis,
1121 2555 1323 2611 regulari·

287 2614 442 2670 bustJue
471 2613 666 2657 institutis
689 2613 785 2654 dieti
810 2613 981 2656 Ordinis
997 2613 1163 2657 minime*
1179 2614 1323 2657 adver·-

283 2673 453 2724 sentur,
488 2673 576 2723 uti,
607 2669 714 2723 frui,
748 2672 898 2729 potiri,
918 2674 966 2714 ,δι
1008 2673 1192 2729 gaudere
1216 2673 1322 2717 libe-

283 2733 359 2784 re,
389 2733 430 2774 &
460 2730 575 2775 licite
599 2730 771 2787 poffint,
803 2732 844 2773 &
872 2730 1068 2782 valeant,
1101 2732 1320 2775 auetorita-

282 2802 329 2835 te
344 2821 360 2842 ,
374 2793 415 2833 δι
429 2802 574 2834 tenore
602 2789 801 2845 praemiffis
816 2821 832 2842 ,
863 2790 916 2833 de
931 2791 1093 2847 speciali
1115 2791 1246 2847 gratia
1259 2790 1307 2832 si·
1327 2803 1330 2806 ’

282 2850 438 2894 militer
485 2851 690 2906 perpetuo
724 2850 1019 2901 concedimus,
1064 2852 1103 2893 &
1131 2850 1324 2906 indulge-

281 2922 397 2965 mus,
425 2910 699 2954 decernentes
726 2908 889 2954 easdem
911 2909 1127 2967 praesentes
1143 2909 1213 2956 sub
1228 2909 1323 2970 qui-

1046 240 1615 334 Provincia

1395 362 1528 405 busvis
1561 360 1775 415 similium,
1802 364 1868 407 vel
1901 363 2151 408 dimmilium
2178 366 2437 422 gratiarum·

1396 423 1758 474 revocationibus,
1790 422 2132 479 suspensionibus,
2174 427 2436 469 limitationi-

1395 483 1467 525 bus
1480 508 1493 529 2
1507 494 1577 524 aut
1599 481 1688 523 aliis
1707 484 1921 525 contrariis
1937 484 2261 540 dispositionibus
2277 514 2293 538 ,
2306 484 2328 526 ἐι
2346 489 2434 528 No·

1392 542 1484 593 bis,
1511 543 1552 582 δι
1582 543 1903 598 quibuscumque
1933 544 2024 585 aliis
2062 546 2262 587 Romanis
2292 545 2435 587 Ponti-

1395 599 1567 652 ficibus,
1594 614 1640 642 ac
1667 601 1774 644 Sede
1801 601 2019 657 praedic'ta,
2052 601 2121 644 sub
2146 604 2350 661 quibusvis
2367 614 2433 647 te-

1394 661 1584 711 noribus,
1613 661 1651 701 &
1679 658 1817 702 formis
1843 662 2066 712 emanans,
2098 664 2139 703 &
2163 663 2398 707 emanandis
2416 691 2433 716 ‚

1396 719 1629 761 nullatenus
1656 718 1982 774 comprehendi,
2011 719 2078 763 sed
2105 720 2264 780 semper
2281 721 2430 765 abillis

1393 778 1555 833 excipi,
1582 779 1622 818 &
1644 776 1805 833 quoties
1836 778 1913 818 illae
1938 779 2213 830 emanabunt,
2246 782 2426 826 totiesin

1390 837 1629 894 pristinum,
1655 839 1695 878 δε
1722 851 1844 888 eum,
1874 837 1915 877 in
1939 851 2021 893 quo
2057 851 2274 896 antequam
2315 855 2432 886 ema-

1387 906 1562 947 narent,
1587 906 1732 947 erant,
1756 895 1901 938 statum
1915 897 2345 956 restitutaS,repofitas
2362 903 2428 952 ,δι

1386 955 1570 1011 plenarie
1598 955 1869 1011 reintegratas
1887 983 1900 1005 ,
1923 956 1964 995 δι
1991 955 2043 997 de
2071 970 2180 1001 novo
2202 960 2328 1003 etiam
2357 958 2428 1002 sub

1386 1026 1640 1069 quacumque
1671 1015 1775 1056 Data
1794 1028 1867 1069 per
1893 1016 2152 1070 Deputatos,
2181 1018 2219 1059 δι
2256 1016 2428 1061 Confra-

1384 1082 1470 1115 tres
1486 1072 1695 1127 praedit‘tos
1707 1101 1720 1124 ,
1751 1073 1817 1115 vel
1836 1072 2111 1132 quoscumque
2126 1076 2224 1119 alios
2240 1075 2430 1120 interesse

1384 1130 1582 1174 habentes
1599 1131 1792 1186 eligenda
1811 1132 2015 1175 conceffas
2030 1163 2043 1185 ,
2070 1132 2228 1191 semper
2245 1134 2402 1178 validas
2415 1165 2431 1189 ,

1389 1191 1428 1232 δι
1459 1191 1647 1232 efficaces
1676 1190 1782 1244 else,
1813 1188 1958 1235 &fore
1975 1221 1989 1244 ,
2013 1193 2177 1251 suosque
2194 1195 2427 1251 plenarios,

1388 1251 1428 1291 ἃς
1456 1249 1640 1305 integros
1668 1250 1829 1294 effeetus
1857 1250 2021 1302 sortiri,
2053 1268 2098 1294 ac
2121 1255 2369 1310 Deputatis‚
2388 1256 2429 1296 &

1386 1307 1676 1352 Confratribus
1709 1310 1931 1367 hujusmodi
1950 1326 2024 1364 pro
2040 1322 2228 1369 tempore
2258 1314 2432 1357 existen-

1386 1368 1494 1411 tibus
1522 1368 1677 1411 ibidem
1704 1372 1908 1425 perpetuo
1932 1369 2161 1427 suffragari:
2199 1372 2359 1428 licque,
2389 1374 2430 1415 δι

1385 1441 1465 1470 non
1494 1427 1594 1469 alias
1613 1442 1686 1484 per
1701 1428 2155 1485 quoscumqueJudices
2171 1433 2427 1484 Ordinatios,

1387 1486 1455 1529 vel
1486 1487 1710 1542 Delegatos
1728 1518 1740 1539 ,
1761 1490 1900 1543 quavis
1923 1490 2159 1534 auetoritate
2189 1488 2431 1546 fungentes,

1383 1545 1506 1587 etiam
1543 1546 1769 1590 Causarum
1810 1548 1954 1589 Palatii
1990 1548 2211 1604 Apostolici
2250 1550 2432 1592 Audito·

1384 1617 1485 1651 res,
1516 1605 1554 1645 &
1581 1608 1731 1648 Sanetae
1759 1608 1950 1649 Romanae
1969 1607 2158 1650 Ecclefiae
2172 1608 2430 1659 Cardineles,

1384 1664 1508 1707 etiam
1536 1663 1590 1706 de
1618 1664 1751 1708 latere
1783 1669 1987 1719 Legatos,
2027 1666 2229 1723 judicari,
2259 1669 2300 1709 &
2325 1667 2430 1711 defi·
2465 1709 2468 1716 ,

1385 1723 1464 1764 niri
1497 1722 1684 1775 debere,
1733 1725 1893 1766 irritum
1932 1739 2122 1782 quoque,
2153 1729 2191 1768 &
2223 1727 2369 1777 inane,
2404 1726 2430 1770 fi

1384 1779 1495 1824 secus
1526 1781 1643 1836 super
1671 1784 1730 1825 his
1747 1813 1763 1834 ,
1784 1786 1808 1826 a
1833 1798 2063 1840 quoquam,
2086 1785 2225 1842 quavis
2253 1786 2428 1830 auctori-

1385 1850 1471 1883 tate
1490 1868 1504 1892 ,
1529 1838 1734 1894 scienter,
1765 1841 1829 1884 vel
1854 1845 2087 1899 ignoranter
2114 1845 2338 1902 contigerit
2370 1856 2431 1890 at-

1387 1899 1563 1942 tentari.
1598 1905 1693 1943 Non
1729 1901 1979 1946 obstantibus
2013 1905 2243 1958 praemiflis,
2267 1920 2312 1948 ac
2341 1906 2431 1962 qui·

1385 1957 1520 2001 busvis
1562 1961 1959 2015 Constitutionibus,
2002 1965 2044 2004 δι
2088 1964 2429 2008 Ordinationibus

1385 2017 1631 2073 Apostolicis
1652 2047 1666 2070 ,
1692 2022 1731 2062 &
1748 2050 1762 2072 ,
1782 2032 1981 2077 quatenus
1995 2035 2095 2078 opus
2119 2025 2189 2075 fit,
2224 2023 2319 2066 dieti
2347 2026 2430 2066 Or-

1382 2077 1487 2119 dinis
1506 2106 1521 2129 ,
1545 2077 1778 2134 juramento
1799 2109 1814 2131 ,
1841 2080 2153 2125 confirmatione
2178 2082 2426 2138 Apostolica,

1383 2136 1450 2179 vel
1471 2138 1621 2193 quavis
1668 2138 1860 2183 firmitate
1899 2141 1978 2184 alia
2012 2143 2214 2185 roboratis
2248 2141 2430 2194 statutis,

1381 2197 1422 2238 &
1464 2197 1822 2241 consuetudinibus
1864 2226 1879 2248 ,
1933 2201 2161 2256 ceterisque
2210 2202 2430 2244 contrariis

1384 2254 1704 2313 quibuscumque
1730 2286 1742 2297 .
1790 2260 1945 2299 Datum
1992 2261 2134 2301 Romae
2335 2263 2434 2304 San-

1385 2317 1487 2356 &am
1526 2318 1702 2358 Mariam
1730 2316 1934 2373 Majorem
1956 2343 1971 2366 ,
2008 2321 2130 2360 Anno
2169 2320 2424 2363 incarnatio.

1383 2374 1445 2416 nis
1473 2376 1697 2418 Dominicae
1727 2376 1945 2419 Millefimo
1974 2376 2268 2421 sexcentesimo
2284 2377 2431 2435 vigefi-

1382 2447 1451 2476 mo
1477 2432 1620 2485 sexto,
1650 2435 1972 2491 quintodecimo
1993 2437 2141 2479 Kalen.
2158 2438 2426 2494 Septembris,

1386 2490 1654 2536 Pontificatus
1681 2494 1802 2536 nostri
1830 2498 1954 2536 Anno
1982 2508 2153 2551 quarto.

1384 2610 1441 2663 L.
1463 2609 1592 2664 Card.
1621 2610 1881 2682 Ludovifi'us
1898 2611 1974 2662 SS.
1994 2615 2056 2664 D.
2076 2615 2142 2667 N.
2159 2613 2395 2666 Summator'
2412 2652 2425 2665 .

1408 2702 1411 2705 ’
1878 2741 2071 2787 Alfonsus
2094 2745 2308 2790 Vidastus.

1409 2870 1418 2874 -
1440 2851 1590 2955 Bag}
1580 2850 1768 2910 formata
1794 2855 1844 2896 >in
1873 2852 2038 2897 Archiv.
2058 2856 2298 2901 Monialium
2319 2865 2428 2912 prae-

1532 2923 1546 2951 ι
1588 2926 1650 2956 ar.

1085 3031 1658 3117 NOTA:

281 3158 491 3196 concessum
533 3160 582 3197 est
607 3159 829 3200 Moniali'bus
877 3162 982 3211 hujus
1014 3159 1222 3197 Monastetii
1255 3159 1457 3204 indultum,
1487 3159 1624 3200 Fratres
1648 3173 1697 3200 ex
1733 3163 1867 3201 Ordine
1898 3163 1936 3201 in
1962 3163 2196 3204 Confess'atios
2228 3157 2433 3202 Exti-nordi-

329 3208 444 3247 natios
466 3210 629 3257 petendi,
653 3209 775 3255 vigore
800 3213 922 3251 Brevis
947 3210 1146 3259 sequentis.

423 3296 1625 3353 INNOCENT'1,US

1013 3394 1081 3439 Ad
1109 3393 1287 3439 futuram
1313 3396 1376 3439 rei
1404 3397 1647 3441 ‘memoriam
1664 3428 1676 3441 .

372 3481 454 3519 UM
465 3506 478 3526 ,
480 3484 569 3532 ficut
585 3483 731 3522 ‘viletta
742 3486 782 3521 iu
798 3483 931 3535 Christo
955 3482 1046 3521 Filia
1067 3481 1266 3535 ‘Abbatiffa
1280 3485 1390 3523 Mona
1417 3486 1486 3523 eris·
1498 3484 1709 3525 fl‘lonialinm
1721 3489 1981 3537 Capucs'narunt
1992 3493 2292 3535 nuncupatorum,
2310 3483 2428 3523 Terrae

395 3529 800 3576 Fabriani,Camerinen.
814 3534 980 3584 Dt'oecefis,
986 3533 1101 3572 Nobis
1112 3541 1221 3581 nuper
1234 3536 1357 3583 exponi
1384 3535 1452 3572 ecit
1463 3560 1477 3578 ,
1484 3533 1563 3584 fer&
1574 3544 1637 3584 per
1653 3549 1761 3574 annos
1773 3537 1947 3575 duodecim
1958 3536 2138 3574 contiuuos
2148 3534 2280 3586 semper
2294 3547 2405 3573 onnes
2417 3559 2433 3580 ‚

287 3579 333 3621 O*
350 3579 488 3628 fingulae
507 3581 588 3619 ditia·
616 3582 821 3634 Monasterii
840 3583 1013 3621 Mom‘ales
1031 3590 1174 3631 peccata
1186 3582 1254 3630 sua
1279 3584 1418 3620 cuidam
1449 3584 1654 3632 Presbytero
1677 3585 1856 3636 seculari,
1885 3582 1973 3624 Viro
2006 3586 2229 3633 integerrimo
2244 3610 2256 3630 ,
2275 3584 2432 3635 piiffimo·

287 3639 355 3676 que
376 3627 521 3678 confeffae
535 3632 676 3678 fuerint
690 3656 702 3673 ,
725 3632 767 3674 ὼ·
793 3631 950 3679 confiteri
975 3632 1243 3681 consueverint,
1270 3633 1345 3682 ipsts
1371 3632 1454 3670 vero
1493 3633 1712 3672 Mom‘alibus
1738 3631 2023 3686 perneceffbrs'um
2037 3633 2083 3682 fit
2099 3658 2112 3677 ‚
2129 3643 2171 3671 ut
2185 3635 2246 3673 Eis
2269 3643 2334 3684 pro
2358 3634 2435 3669 ani·

286 3687 421 3713 marum
441 3681 582 3724 suarum
595 3680 731 3727 salute,
746 3680 1000 3730 spiritnalique
1027 3678 1252 3728 consolatione
1274 3691 1348 3722 ter,
1373 3692 1438 3719 aut
1462 3693 1588 3731 quater
1613 3693 1677 3733 per
1699 3695 1830 3722 annum
1852 3683 1893 3718 in
1916 3682 2165 3735 Confeffarium
2184 3682 2433 3722 extraordina-

285 3725 382 3762 rium
391 3723 516 3762 Frater
529 3726 653 3775 aliquis
680 3731 831 3767 Ordinis
855 3731 1040 3768 Minorum
1062 3731 1102 3767 S.
1114 3727 1290 3778 Francisci
1319 3731 1578 3779 Capucinorum
1605 3733 1712 3770 etiam
1739 3739 2044 3779 nuncupatorum,
2066 3732 2110 3768 ab
2138 3732 2338 3772 Ordinatio
2361 3731 2427 3768 loci

287 3775 495 3823 approbatus
519 3774 726 3824 deputetur.
753 3779 884 3817 Idcirco
908 3778 988 3819 Nos
1013 3778 1144 3829 easdem
1161 3777 1418 3830 «Abbatiffam2
1453 3781 1497 3823 ἐν
1531 3780 1706 3820 Moniales
1717 3778 1928 3829 specialibus
1957 3781 2146 3830 favoribus
2161 3809 2171 3824 ,
2212 3784 2256 3826 ὼ·
2291 3779 2424 3831 gratiis

278 3823 441 3873 prosequi
470 3822 644 3870 volentes,
674 3826 716 3867 ἀπ’
736 3839 856 3864 earum
871 3828 1066 3879 fingulares
1089 3827 1251 3877 perfimas
1270 3826 1291 3863 (ὶ
1311 3828 1494 3877 quibusvis
1520 3829 1880 3867 excommunicationis
1901 3829 1976 3871 &c-
2017 3831 2065 3867 ad
2100 3830 2249 3882 effisfium
2273 3829 2429 3888 presen-

282 3873 373 3910 tium
394 3872 570 3912 duntaxat
591 3875 884 3925 consequendum,
908 3877 1032 3918 harum
1042 3877 1138 3928 serie
1157 3876 1392 3928 absolventes,
1416 3877 1460 3921 ὼ·
1484 3876 1657 3916 abl'olutas
1673 3878 1754 3929 fore
1777 3877 1972 3930 censentes,
1984 3878 2311 3931 supplicationibus
2342 3876 2425 3919 aua-s

2280 3938 2359 3968 rum
2371 3950 2387 3973 ,

1735 3302 2114 3353 PAPA
2219 3300 2287 3349 Χ.
