2762 4108
1160 195 1664 289 Veneta.

333 309 451 355 ssffii
470 310 634 357 nomini
650 303 764 375 Papa
776 331 793 357 ‚
819 306 863 349 ει
882 304 999 349 sedis
1017 307 1259 364 Apostolicae
1272 299 1293 361 ‚'
1307 326 1374 356 cu-

325 382 413 441 ram
428 373 608 429 gerimus
622 396 638 421 ,
654 364 879 424 hujusmodi
908 366 1112 431 amandatis
1138 371 1370 415 sanctitatis

322 424 1257 549 i{¹3:2⁰2530‘31221553‘52?:23533‘5553
1270 430 1370 539 2123

321 544 440 592 dieta
460 543 630 603 gratie,
654 539 836 594 favoris,
865 541 907 585 δι
935 538 1118 597 speculis
1148 542 1370 587 concellio-

320 604 384 649 οἱα
400 630 417 654 ,
432 602 563 648 vobi·
576 630 594 654 ,
614 601 656 645 δι
681 614 756 656 pro
781 610 972 657 tempore
987 598 1191 644 exstituris
1212 601 1250 645 in
1267 615 1365 645 nun-

318 670 472 719 cupato
492 659 746 704 Monasterio
767 687 784 711 2
807 659 1070 703 Austoritate
1094 658 1362 716 Apostolica..

316 717 509 779 speciali,
535 721 578 762 δε
602 719 654 762 fic
667 716 849 775 expreffa
860 717 1050 776 expediri
1065 747 1082 772 ,
1111 717 1363 775 sigilloun,

318 776 502 836 ejusdem
532 777 852 823 Poenitentiariae
881 777 1125 821 communiri
1154 779 1363 820 mandavi·-

317 850 435 882 rnus.
467 839 531 882 lta
552 847 724 888 tamen,
748 846 796 881 ut
817 834 1043 893 hujusmodi
1067 834 1282 880 Conceffio
1307 836 1361 879 ad

316 894 504 943 effectum
532 896 742 941 dumtaxat
764 895 971 953 gaudendi
995 894 1193 950 predictis
1216 894 1363 939 ludul-

345 955 467 999 entiis
484 984 500 1008 ,
535 956 577 999 δι
601 953 894 1012 praereceufitis
918 954 1060 1012 gratiis
1087 951 1365 1011 spiritualibus·

315 970 591 1072 suffragetur,
619 1016 661 1057 δι
698 1027 777 1057 nou
817 1012 970 1064 aliter,
1009 1026 1086 1055 nec
1113 1011 1359 1058 ad.ullum..

314 1074 441 1119 alium
470 1072 684 1117 effectum·
716 1075 812 1115 Non
843 1071 1092 1116 obstantibus
1122 1070 1322 1127 praemiffis
1346 1099 1361 1123 ‚

312 1147 363 1177 ac
378 1131 749 1178 constitutionibus
765 1159 780 1183 ‚
809 1130 851 1172 δε
875 1130 1223 1175 declarationibus
1251 1132 1362 1186 Apo·

311 1191 493 1243 stolicis,
514 1190 717 1235 dictarum
747 1188 992 1233 Monialium
1023 1191 1362 1246 Capucinarum„

314 1250 474 1295 statutis
494 1274 512 1298 ,
541 1263 588 1294 ac
615 1247 1122 1306 Privilegiis‚caeterisque
1145 1248 1361 1292 contrariis

318 1308 625 1367 quibuscunque
636 1339 650 1351 .

374 1370 528 1412 Datum
567 1369 708 1412 Roma
747 1365 856 1426 apud
883 1368 1072 1411 Sanctum
1095 1367 1264 1410 Petrum
1293 1367 1364 1411 sub

313 1425 464 1482 sigillo
485 1425 620 1485 Officii
637 1426 942 1484 Penitentiariae
954 1425 1163 1470 Kalendas
1178 1423 1361 1483 Januarij

314 1484 586 1530 Pontificatus
608 1486 722 1533 ssffii
740 1485 906 1530 Domini
919 1484 1149 1532 Clementis
1168 1487 1249 1530 PP.
1265 1486 1365 1530 ΧΠ.

313 1543 543 1589 duodecimi
570 1559 677 1591 anuo
690 1543 886 1604 septimo.

372 1666 522 1723 Autog.
542 1663 587 1708 in
601 1664 725 1709 Arcb.
738 1662 912 1722 Monast.
938 1661 1180 1708 Montanum
1194 1688 1209 1703 .

311 1899 598 1953 Monialibus
611 1902 821 1954 Coloniae
835 1897 1226 1952 constitutionem
1241 1904 1359 1953 Pau·

384 1974 420 2023 li
454 1975 583 2042 Papae
612 1977 678 2028 V.
705 1973 762 2023 de
791 1988 952 2022 earum
982 1969 1357 2022 Monasteriiere·

374 2042 753 2102 stione,conceffit
767 2044 820 2093 iis
837 2041 989 2094 Sansti
1010 2043 1134 2094 Petri
1155 2041 1355 2092 Ecclesia

376 2113 549 2166 ibidem
581 2113 676 2167 ἃς.
701 2132 758 2165 ex
790 2114 1042 2166 Secretaria
1088 2111 1355 2182 Apostolica

377 2187 730 2243 communicat,
760 2182 812 2235 ἃ
848 2184 916 2233 illi
952 2185 1134 2253 plenam
1166 2180 1348 2238 fidem⁴

379 2255 582 2305 adhiberi
611 2253 781 2305 sancit.

307 2373 798 2431 URBANUS
869 2373 1080 2425 PAPA
1150 2376 1345 2427 V111.

505 2503 576 2548 Ad
589 2501 786 2564 futur-aas
812 2497 876 2546 νεῖ
897 2500 1124 2546 memoriam
1137 2530 1150 2545 .

393 2622 626 2666 Rovifionis
650 2620 803 2666 Nostrae
819 2620 950 2664 debet
976 2619 1195 2676 provenire
1221 2620 1340 2666 subli-

418 2679 517 2730 dio,
541 2690 585 2723 ut
596 2680 658 2740 jus
683 2680 797 2724 suum
814 2678 1032 2735 unicuique
1047 2677 1343 2724 conservetur.

302 2738 485 2782 Proinde
501 2743 589 2784 Nos
611 2751 802 2785 tenorem
812 2737 1081 2793 quarumdam
1111 2738 1344 2782 Literarum

302 2795 344 2839 in
363 2793 494 2842 forma
512 2799 651 2843 Brevis
677 2798 993 2855 expeditarum,
1021 2791 1091 2839 sel.
1119 2810 1205 2840 rec.
1230 2796 1344 2841 Pauli

300 2856 419 2911 Pap:
451 2858 502 2899 V.
543 2854 848 2901 Praedeceisoris
873 2854 1011 2898 Nostri
1048 2856 1088 2897 in
1116 2857 1344 2900 Secretaria

297 2915 447 2957 Nostra
463 2915 589 2959 (tunc
604 2915 722 2972 ipiius
732 2916 847 2959 Pauli
865 2911 1166 2958 Proedecessoris
1203 2928 1344 2969 reper-

297 2973 671 3026 tumtranscribi,&
685 2973 941 3029 praesentibus
958 2971 1144 3016 adnotari
1174 2974 1343 3024 ecimus,

297 3045 375 3087 pro
387 3047 440 3075 eo
457 3032 564 3086 quod
579 3031 805 3089 hujusmodi
820 3041 968 3073 tenore
985 3029 1150 3074 Dilecta
1163 3033 1203 3073 in
1216 3032 1320 3074 Chri

297 3090 360 3132 sto
391 3090 499 3134 Filiae
514 3091 704 3149 Virgines
721 3092 860 3135 Terrae
877 3085 1091 3138 Coloniae,
1113 3089 1342 3133 Vicentinae

298 3149 501 3193 Dioecefis
519 3178 533 3201 ,
551 3151 590 3192 se
611 3150 799 3206 indigere
813 3178 830 3200 ,
845 3146 973 3191 Nobis
987 3159 1114 3202 nuper
1129 3145 1338 3203 fignificari

296 3206 503 3260 fecerunt,
523 3208 593 3265 qui
608 3209 770 3262 quidem
786 3216 907 3249 tenor
922 3204 1015 3247 talis
1029 3205 1086 3248 est
1099 3233 1114 3256 ,
1128 3205 1339 3251 videlicet:

357 3273 398 3312 A
414 3271 556 3324 Ter-go.
592 3267 755 3310 Dilecto
777 3265 883 3308 Filio
899 3263 1064 3306 vicario
1076 3265 1337 3309 Venerabilis

299 3327 455 3370 Fratris
470 3326 656 3382 Episcopi
672 3323 880 3367 Vicentini
900 3323 942 3364 in
956 3320 1228 3379 spiritualibus
1243 3326 1334 3368 Ge-

297 3385 427 3428 nerali
443 3415 456 3427 .
490 3389 597 3429 Intus
612 3385 699 3428 vera
713 3414 724 3424 .
741 3382 886 3426 Paulus
904 3382 1007 3436 Papa
1026 3382 1078 3425 V·
1094 3381 1255 3426 Dilecte
1269 3381 1336 3426 Fi·

296 3443 356 3495 li,
388 3444 587 3496 (alutem,
619 3446 657 3486 &
683 3440 953 3498 Apostolicam
981 3438 1336 3485 benedictionem.

296 3503 345 3544 ln
375 3501 687 3558 supereminenti
711 3500 945 3557 Apostolicae
965 3496 1173 3553 dignitatis
1200 3499 1338 3556 specu·-

295 3559 544 3617 la‚superna
556 3558 833 3617 dispolitione,
862 3556 1019 3600 meritis
1046 3556 1143 3600 licet
1173 3556 1339 3614 impari-

295 3619 370 3661 bus
384 3648 400 3670 ,
426 3618 634 3662 constituti
651 3647 666 3670 ‚
694 3618 744 3663 ad
764 3633 812 3663 ea
826 3647 841 3670 ,
862 3631 935 3671 per
959 3629 1045 3672 quae
1063 3617 1218 3671 piarum
1233 3617 1330 3658 Vir-

296 3679 464 3733 ginum,
497 3673 569 3719 sub
596 3677 823 3733 Religionis
845 3675 1028 3725 Habitu,
1065 3677 1106 3717 8<
1133 3673 1329 3719 Clausura

300 3747 497 3793 perpetua
513 3738 706 3780 Creatori
730 3735 796 3778 suo
810 3734 992 3778 famulari
1009 3732 1331 3777 desiderantium
1390 3745 1441 3787 pe

299 3797 405 3839 votis
421 3793 648 3839 consulitur
665 3822 681 3849 ,
705 3793 915 3851 divinique
930 3790 1087 3848 cultus,
1111 3794 1152 3837 &
1163 3792 1331 3849 pietatis

1436 331 1559 373 opera
1574 318 1842 372 augmentum
1857 313 2183 371 consequuntur,
2191 233 2486 373 praecipua3ani-

1433 376 1484 417 mi
1503 377 1660 429 cura,&
1671 374 1880 433 vigilantia
1898 387 1949 416 ex
1965 374 2109 416 debito
2125 376 2328 430 pastoralis
2345 377 2485 422 Officii

1433 436 1566 477 Nobis
1583 433 1757 489 desuper
1775 430 1977 476 commiffi
1993 461 2010 483 ,
2034 433 2484 489 libenterintendimus,

1431 493 1528 535 acin
1544 493 1604 536 his
1616 491 1797 550 ejusdem
1817 489 1955 535 officii
1968 489 2087 532 nostri
2102 503 2233 544 partes
2250 492 2483 539 favorabili·

1431 561 1498 593 ter
1516 549 1810 606 interponimus
1826 578 1841 604 ‚
1896 560 1987 593 tout
2002 548 2267 605 conspicimus
2283 555 2319 594 in
2338 554 2482 598 Domi-

1427 622 1483 650 no
1500 606 1721 653 salubriter
1735 622 1840 666 expe
1876 609 1936 651 ire
1950 635 1965 649 .

1486 666 1596 708 Sane
1615 680 1690 720 pro
1706 678 1823 723 parte
1839 666 2090 713 Dilessarum
2117 664 2161 708 in
2178 666 2342 710 Christo
2357 669 2478 713 Filia·

1421 737 1515 768 rum
1527 724 1742 777 virginum
1760 728 1899 769 Terrae
1909 724 2111 776 Coloniae,
2119 724 2342 768 Vicentinae
2358 729 2478 770 Dioe-

1421 784 1523 828 cesis
1538 783 1578 826 in
1602 782 1858 840 infrascripta
1885 786 2023 827 Domo
2046 784 2285 842 degentium
2301 813 2315 836 ,
2339 799 2384 827 ac
2405 787 2482 827 Di-

1427 842 1625 885 lectorum
1641 842 1837 886 Filiorum
1858 844 2159 894 Procuratoris‚
2173 843 2214 885 &
2226 845 2481 887 Protectoris

1423 899 1607 957 ejusdem
1628 904 1781 945 Domus
1810 902 1947 945 Nobis
1965 915 2097 956 nuper
2122 901 2346 956 expolitum
2373 901 2475 955 fuit,

1423 960 1532 1016 quod
1548 961 1569 1002 a
1583 960 1718 1015 paucis
1734 963 1851 1003 annis
1871 964 1975 1004 citra
1991 959 2189 1003 nonnulla:
2204 960 2475 1017 piaeVirgines

1422 1020 1535 1062 diaae
1550 1021 1689 1062 Terrae
1702 1019 1751 1064 ad
1769 1018 1951 1064 coelestia
1966 1045 1981 1068 ,
2006 1020 2205 1062 &aeterna
2226 1018 2329 1061 bona
2346 1020 2476 1064 anhe-

1424 1077 1557 1122 lantes
1573 1107 1588 1130 ,
1603 1089 1711 1122 totas
1731 1075 1770 1120 se
1782 1079 1964 1136 pietatis,
1977 1079 2015 1120 &
2031 1078 2203 1122 aliarum
2222 1078 2474 1122 Christiana-

1423 1151 1513 1181 rum
1528 1138 1728 1183 virtutum
1755 1139 1958 1182 exercitio
1973 1136 2143 1180 tradere
2160 1165 2172 1188 ‚
2201 1138 2242 1179 &
2255 1133 2474 1193 praesertim

1423 1194 1681 1241 samonum
1706 1195 1986 1245 Paenitentia,
2000 1197 2041 1239 δι
2057 1196 2315 1241 Eucharistiae
2329 1199 2475 1239 Sacra-

1421 1266 1557 1300 menta
1574 1253 1838 1312 frequentare
1855 1254 2311 1311 coeperunt‚tantusque
2329 1268 2472 1298 earum

1426 1316 1465 1357 in
1484 1315 1564 1356 vita
1583 1314 1778 1371 spirituali
1794 1313 2021 1372 progressus
2038 1313 2115 1359 suit
2131 1344 2147 1367 ‚
2163 1324 2209 1356 ut
2228 1315 2267 1358 in
2283 1314 2471 1369 predicta

1429 1375 1556 1416 Terra
1575 1374 1690 1417 multi
1707 1388 1845 1419 earum
1860 1373 2052 1429 exemplo
2065 1374 2115 1419 ad
2134 1387 2315 1418 amorem
2333 1374 2465 1415 virtu-

1426 1433 1478 1477 tis
1492 1461 1506 1485 ‚
1529 1435 1567 1476 &
1594 1433 1885 1476 exercitiorum
1915 1432 2179 1489 spiritualium
2202 1432 2365 1476 invitati
2380 1461 2396 1484 ‚
2426 1433 2465 1475 δι

1430 1490 1613 1536 nonnulli
1633 1494 1757 1534 etiam
1777 1492 1799 1536 d
1827 1492 1932 1535 male
1956 1494 2041 1535 acta
2063 1492 2144 1533 vita
2169 1491 2221 1534 ad
2251 1492 2468 1535 meliorem

1425 1548 1584 1607 frugem
1598 1554 1781 1595 revocati
1797 1549 1948 1595 fuerint
1967 1576 1983 1600 ‚
2006 1551 2158 1593 etenim
2174 1550 2363 1605 Virgines
2375 1550 2467 1607 ipsae

1424 1609 1600 1654 coelestis
1615 1610 1755 1666 gratiae
1781 1609 1820 1652 in
1836 1610 1924 1652 dies
1952 1609 2112 1653 uberius
2138 1609 2351 1652 affluentes
2365 1637 2381 1660 ,
2412 1612 2466 1654 ad

1417 1669 1531 1727 poeni
1538 1670 1676 1713 tentiae
1689 1683 1814 1725 opera
1827 1667 1867 1711 se
1877 1680 2173 1712 converterunt
2188 1697 2204 1719 ‚
2229 1669 2268 1712 &
2283 1670 2464 1712 exterio-

1417 1744 1510 1774 rem
1524 1728 1700 1772 tunicam
1714 1742 1765 1771 ex
1781 1742 1914 1784 panno
1927 1727 2038 1780 rudi,
2055 1726 2334 1777 berettini,seu
2354 1727 2463 1784 grifii

1417 1788 1601 1838 coloris,
1627 1798 1672 1831 ut
1688 1788 1815 1844 vulgo
1840 1797 2017 1838 vocant,
2037 1786 2279 1831 assumentes
2295 1815 2310 1839 ,
2336 1790 2461 1830 vitam

1417 1863 1469 1893 ex
1487 1847 1740 1903 poenitentiae
1766 1847 1984 1902 operibus,
2009 1847 2050 1887 &
2071 1846 2282 1890 exercitiis
2304 1846 2465 1891 institu-

1418 1905 1729 1963 tamampleeti
1745 1904 2046 1962 proposuerunt
2059 1932 2070 1945 .
2105 1904 2230 1949 Unde
2241 1907 2462 1963 quamplu-

1417 1980 1483 2011 res
1497 1965 1569 2022 piae
1585 1963 2339 2021 personae‚ejusdemTerrae‚charitatis
2355 1965 2451 2007 zelo

1416 2032 1613 2083 permotae
1624 2051 1640 2075 ,
1665 2037 1742 2068 non
1764 2023 1891 2069 solum
1905 2024 2020 2066 dictis
2034 2024 2272 2081 Virginibus
2288 2023 2457 2079 copiose

1414 2080 1692 2139 eleemosynas
1715 2081 2012 2133 cont-ulerunt,
2041 2083 2183 2127 verum
2198 2083 2323 2125 etiam
2345 2083 2456 2128 de..-

1414 2140 1629 2189 commoda
1645 2139 1913 2193 habitatione,
1926 2143 1967 2186 δι
1979 2141 2066 2186 aliis
2082 2141 2209 2183 rebus
2223 2142 2455 2185 necelsariis

1408 2201 1559 2246 eisdem
1575 2198 1875 2255 providendum
1889 2198 1969 2243 effe
1983 2199 2227 2242 censuerunt
2242 2229 2257 2252 ‚
2273 2201 2454 2257 quoipsae

1408 2261 1601 2318 Virgines
1615 2258 1654 2301 in
1670 2272 1793 2302 unum
1806 2287 1820 2310 ‚
1835 2260 1875 2300 δι
1888 2258 2081 2301 eumdem
2094 2258 2231 2301 locum
2244 2261 2454 2302 coaduna—

1407 2330 1479 2366 tae,
1493 2320 1546 2362 co
1559 2317 1936 2373 meliuslusceptum
1951 2317 2110 2374 spiritus
2126 2315 2332 2360 servorem
2347 2332 2448 2362 con..

1406 2379 1568 2422 servare
1586 2406 1600 2428 ,
1617 2377 1707 2419 &in
1724 2388 1865 2433 coepto
1881 2377 1969 2421 vitae
1982 2377 2163 2422 instituto
2178 2375 2335 2421 facilius
2352 2391 2448 2434 per.-

1405 2438 1544 2483 sistere
1559 2433 1714 2493 pnlsent
1729 2464 1741 2477 .

1464 2498 1558 2542 Hoc
1570 2504 1708 2540 autem
1718 2510 1821 2552 opus
1836 2496 1971 2554 pium,
1996 2511 2076 2540 non
2098 2495 2224 2539 modo
2241 2510 2334 2540 cum
2364 2511 2441 2553 pu·

1402 2556 1514 2601 blico
1526 2553 1712 2612 applausu
1728 2557 1857 2599 totius
1873 2558 2013 2600 Terrae
2026 2553 2195 2613 praesatae
2221 2555 2445 2611 inceptum,

1404 2613 1473 2660 sed
1501 2615 1627 2657 etiam
1641 2612 1829 2670 singulari
1854 2613 1964 2657 illius
1988 2611 2256 2658 beneficentia
2279 2628 2446 2669 promo·

1403 2684 1492 2718 tum
1506 2672 1646 2715 extitit
1660 2700 1673 2713 .
1706 2675 1813 2715 Nam
1832 2670 1982 2716 nileeti
1997 2672 2088 2717 Filii
2106 2673 2301 2715 Homines
2324 2675 2440 2716 cou-

1403 2731 1488 2774 cilii
1501 2729 1616 2786 ipfius
1636 2730 1776 2772 Terrae
1789 2728 2092 2773 confiderantes
2105 2758 2119 2780 ,
2135 2730 2358 2774 Ecclesiam
2370 2729 2439 2773 sub

1406 2788 1663 2833 invocatione
1675 2813 1689 2836 ‚
1702 2789 1740 2830 δι
1755 2788 1806 2831 ad
1822 2790 2018 2831 honorem
2038 2789 2169 2832 Sancti
2188 2790 2299 2833 Petri
2314 2790 2353 2831 in
2371 2802 2445 2831 ea-

1404 2849 1497 2892 dem
1518 2848 1646 2890 Terra
1660 2874 1676 2898 ,
1706 2848 1876 2903 egregio
1894 2875 1909 2897 ,
1932 2848 1973 2888 &
2000 2846 2138 2902 amplo
2156 2846 2324 2890 aedificio
2339 2861 2439 2891 con-

1405 2907 1589 2951 ssruaam
1605 2933 1619 2956 ,
1641 2905 1682 2947 in
1693 2906 1859 2949 titulum
1876 2904 2069 2948 Beneficii
2081 2905 2349 2950 Ecclefiastici
2366 2908 2440 2947 mi·

1404 2965 1699 3010 nimeereetam
1711 2964 1791 3007 elie
1807 2993 1822 3016 ,
1844 2966 1884 3007 δι
1896 2965 1948 3007 ab
1962 2964 2045 3020 ipso
2060 2964 2253 3007 Concilio
2270 2965 2354 3020 regi
2367 2965 2439 3015 ,δε

1401 3023 1665 3069 administrari
1684 3020 1930 3065 consuevisse
1943 3051 1957 3074 ,
1976 3037 2021 3064 ac
2038 3022 2073 3064 in
2090 3022 2236 3065 aedibus
2249 3025 2313 3071 ,δι
2328 3025 2401 3064 situ
2417 3051 2434 3073 ,

1401 3082 1467 3126 seu
1483 3091 1653 3125 terreno
1669 3109 1682 3131 ‚
1708 3083 1749 3124 δι
1774 3081 2082 3135 adiacentibus,
2110 3080 2233 3124 dietas
2248 3082 2439 3136 Virgines

1401 3139 1615 3186 commode
1631 3140 1816 3185 habitare
1831 3136 1938 3196 polle
1954 3168 1969 3192 ‚
1997 3138 2239 3182 conceffioni
2255 3140 2318 3196 eju
2327 3139 2434 3182 sdem

1401 3198 1590 3243 Ecclefiae
1607 3200 1683 3243 una
1698 3213 1789 3242 curn
1804 3199 1954 3243 aedibus
1965 3227 1980 3250 ,
2008 3200 2048 3240 δι
2062 3197 2134 3241 fitu
2153 3227 2167 3250 ,
2182 3197 2245 3240 seu
2262 3210 2432 3241 terreno

1397 3257 1694 3316 praedietis‚quae
1707 3257 1894 3301 notabilis
1913 3257 2061 3300 valoris
2081 3257 2436 3307 mnndictisvir-

1394 3317 1554 3377 ginibus
1564 3331 1636 3374 per
1644 3315 2176 3374 publicumDecretum,non
2192 3317 2340 3372 exiguo
2352 3315 2434 3371 pie.

1394 3377 1492 3420 tatis
1507 3405 1522 3429 ,
1546 3374 1859 3420 &liberalitatis
1877 3375 2112 3418 Christianae
2129 3375 2320 3430 exemplo
2335 3388 2435 3417 con—

1398 3434 1630 3488 cefferunt3
1651 3435 1755 3479 &ad
1767 3435 1877 3478 aedes
1893 3434 1988 3490 ipsas
2004 3447 2054 3474 cx
2076 3431 2344 3488 eleemosynis
2360 3462 2375 3485 ,
2393 3434 2433 3474 δι

1398 3494 1675 3550 largitionibus
1686 3495 1759 3550 piis
1774 3493 1874 3538 Chri
1884 3490 2110 3535 ssifidelium
2121 3490 2312 3547 praediclae
2326 3494 2434 3535 Ter-

1398 3566 1449 3596 rae
1462 3552 1599 3595 debita
1613 3581 1629 3605 ‚
1656 3554 1697 3596 Bt
1710 3551 1975 3597 convenienti
1992 3548 2145 3594 fabrica
2159 3550 2400 3596 instauratas
2415 3581 2430 3602 ‚

1392 3611 1583 3668 Virgines
1599 3611 1791 3668 pradiclae
1818 3625 1869 3654 ex
1897 3608 2067 3653 <liveriis
2093 3607 2194 3654 locis
2209 3635 2225 3660 2
2248 3610 2428 3667 ejusdem

1392 3672 1532 3714 Terra:
1544 3698 1559 3721 ‚
1588 3671 1627 3713 in
1641 3670 1785 3728 quibus
1798 3679 1918 3713 antea
1936 3667 2175 3714 habitabant
2192 3697 2207 3721 ,
2222 3667 2301 3714 sese
2317 3682 2431 3711 rece-

1445 3741 1536 3773 runt
1551 3758 1567 3779 ,
1607 3729 1646 3772 in
1659 3730 1794 3787 eistlue
1809 3742 1860 3771 ex
1876 3726 2064 3784 prndieto
2076 3740 2217 3772 earum
2231 3728 2429 3777 instituto,

1390 3788 1460 3831 sub
1483 3788 1710 3845 gubernio,
1735 3790 1772 3830 &
1802 3785 2147 3833 administratione
2174 3786 2429 3886 Dilectgrum

2339 3858 2372 3885 1.
