2774 4068
311 289 403 333 cisci
418 287 726 347 Capucinorum
739 296 958 345 nuncupat.
978 287 1191 344 Spoletan.
1206 287 1343 346 ,quod
1356 317 1370 340 ,

310 360 357 391 ut
376 352 530 393 Domus
549 347 738 405 praedissta
754 350 960 392 moenibus
987 348 1083 404 apte
1100 375 1115 401 ‚
1140 348 1370 403 minorique

312 422 408 452 cum
427 408 603 465 impensa
617 408 726 465 cingi
737 407 871 466 poffit,
886 422 1009 452 unum
1030 422 1082 450 ex
1099 421 1195 460 una,
1211 408 1251 449 &
1264 407 1371 450 alte-

307 483 400 511 rum
419 479 540 511 terrae
557 468 687 524 petia,
702 467 751 512 ad
769 469 985 525 quemdam
1002 466 1116 511 dietae
1131 465 1368 510 DomusVi-

307 529 448 575 einum
463 554 478 578 ‚
506 527 606 584 qui,
637 538 681 571 ut
696 526 826 572 dictus
844 527 1105 573 Guardianus
1132 524 1267 571 afl'erit
1282 555 1297 579 ‚
1315 541 1363 571 ea

307 588 358 632 ad
374 586 562 633 effectum
580 586 820 643 praemiffum
835 618 850 641 ,
882 603 974 632 cum
998 589 1074 631 hoc
1091 614 1106 639 ‚
1136 596 1182 630 ut
1197 598 1362 631 tantun-

308 647 408 691 dem
435 657 558 690 terrae
581 648 697 690 die‘tae
713 647 870 692 Domt‘is
892 648 960 691 fibi
979 645 1234 690 concedatur
1251 676 1266 700 ,
1293 646 1366 689 da·

305 721 357 750 re
377 736 392 760 ‚
418 709 458 751 &
483 708 719 751 concedere
745 720 912 765 paratus
946 706 1003 749 est
1021 736 1037 758 ,
1068 704 1286 762 spectantia
1313 720 1364 748 ex

309 766 444 811 altera
463 767 649 823 partibus
674 767 893 812 necessaria
921 766 1008 810 sunt
1030 795 1041 807 .
1074 768 1216 825 Qare
1234 765 1365 809 Nobis

306 827 522 870 humiliter
541 827 760 883 supplicari
784 827 885 871 fecit
902 855 916 877 ,
948 836 992 867 ut
1015 825 1190 882 desuper
1214 839 1366 881 oppor-

312 886 415 930 tune
442 887 666 943 providere
679 913 693 934 a
708 886 762 929 de
779 887 1041 943 Benignitate
1057 885 1294 940 Apostolica
1308 884 1367 927 di.

306 959 529 1003 gnaremur
543 975 555 988 .
589 949 678 990 Nos
705 947 834 1002 igitur
849 946 962 989 dietae
979 943 1134 987 Domiis
1152 942 1363 987 necestita-

305 1003 418 1049 tibus
436 1007 477 1048 in
497 1004 698 1062 praemiffis
722 1006 936 1049 consulere
952 1032 966 1052 ·‚
999 1019 1046 1047 ac
1076 1003 1258 1062 ejusdem
1278 1006 1364 1045 Do-

306 1064 396 1109 mus
415 1066 702 1109 Guardianum
716 1095 731 1115 ‚
754 1067 792 1107 &
810 1068 976 1108 Fratres
993 1063 1233 1119 specialibus
1249 1061 1362 1106 savo·

304 1125 418 1167 ribus
432 1155 445 1178 ,
471 1128 512 1168 ὅτ,
529 1126 671 1182 gratiis
690 1124 877 1182 prosequi
894 1124 1079 1167 volentes
1096 1152 1109 1174 ,
1132 1135 1364 1177 eorumque

303 1183 529 1240 fingulares
553 1183 743 1240 personas
758 1213 772 1235 ,
803 1185 827 1228 a
853 1183 1060 1240 quibusvis
1077 1181 1362 1224 excommuni-
1376 1235 1386 1244 ff

304 1245 506 1295 cationis,
540 1243 831 1299 suspensionis,
858 1246 895 1285 &
925 1242 1166 1295 interdit‘ti,
1195 1239 1363 1295 aliisque

302 1302 600 1346 Ecclefiasticis
637 1301 849 1346 sententiis
874 1332 890 1354 ,
923 1300 1139 1355 censuris,
1170 1303 1208 1343 &
1241 1299 1362 1357 paenis

303 1362 327 1406 ἃ
353 1362 473 1419 jure,
499 1362 566 1405 vel
591 1362 642 1405 ab
666 1362 831 1405 homine
850 1362 1016 1418 ,quavis
1031 1362 1269 1413 occasione,
1294 1359 1362 1403 vel

302 1421 420 1474 causa
437 1419 531 1465 latis
552 1450 568 1475 ,
593 1419 620 1463 fi
646 1422 791 1479 quibus
814 1421 1129 1478 quomodolibet
1155 1418 1361 1462 innodatae

306 1481 484 1525 existant
509 1510 524 1534 ,
563 1479 616 1524 ad
645 1481 835 1524 effectum
867 1479 1123 1536 praesentium
1156 1479 1358 1523 duntaxat

303 1539 669 1598 consequendum,
703 1542 844 1584 harum
869 1539 973 1583 serie
998 1538 1257 1583 absolventes
1277 1568 1291 1592 ,
1318 1540 1359 1580 &

306 1600 512 1645 absolutas
549 1598 643 1642 fore
669 1598 913 1652 censentes,
947 1598 1177 1658 hujusmodi
1208 1598 1361 1654 suppli-

302 1660 534 1704 cationibus
553 1659 763 1711 inclinati,
779 1660 1046 1702 Fraternitati
1060 1662 1155 1703 Tuae
1170 1673 1244 1715 per
1261 1671 1362 1715 prae-

305 1717 446 1762 {entes
461 1720 786 1770 committimus,
800 1719 842 1760 δι
855 1719 1095 1763 mandamus
1114 1749 1130 1771 ,
1161 1729 1205 1760 ut
1221 1721 1364 1762 Oeco-

303 1793 429 1823 nomo
468 1779 581 1822 dietae
622 1775 777 1822 Domus
820 1777 903 1821 duo
942 1780 1053 1834 petia
1094 1789 1213 1820 terrae
1260 1790 1364 1834 prae-

300 1837 448 1887 dictae,
481 1838 531 1880 ad
562 1836 750 1881 effestum
775 1836 1011 1894 praemiffum
1041 1837 1089 1881 ab
1117 1837 1268 1880 eodem
1287 1836 1365 1879 Vi-

300 1897 398 1939 cino
428 1897 619 1953 recipere
646 1926 661 1949 ,
705 1897 856 1954 ipfique
887 1899 1037 1942 Vicino
1081 1895 1365 1939 tantundem

300 1965 426 1999 terrae
442 1955 623 2010 ejusdem
641 1955 799 1999 Domus
829 1956 958 2009 dare,
985 1958 1026 1998 δε
1052 1956 1290 1998 concedere
1314 1955 1365 1996 li-

299 2014 403 2059 bere
419 2044 433 2066 ,
459 2017 498 2059 &
513 2014 630 2058 licite
647 2016 783 2058 valeat
799 2045 813 2068 ,
847 2017 1058 2059 licentiam
1077 2015 1363 2058 auctoritate„-

300 2074 437 2118 nostra
452 2074 690 2131 Apostolica
705 2075 977 2128 concedas,&
990 2074 1254 2130 impartiatis.
1266 2077 1362 2116 Non

301 2134 555 2177 obstantibus
579 2163 592 2186 ,
634 2145 835 2190 quatenus
865 2149 966 2201 opus
994 2135 1072 2185 fit,
1099 2132 1174 2176 fel.
1195 2133 1361 2176 record.

301 2194 422 2238 Pauli
441 2196 495 2236 11.
515 2223 530 2246 ,
561 2195 602 2235 ἃ.
626 2194 800 2236 aliorum
820 2196 1103 2238 Romanorum
1119 2191 1364 2236 Pontificum

302 2252 649 2296 Praedecefforum
673 2254 944 2306 Nostrorum,
969 2254 1022 2298 de
1038 2252 1159 2295 rebus
1174 2253 1365 2295 Ecclefiae

303 2326 387 2357 non
416 2312 670 2365 alienandis,
704 2313 875 2371 aliisque
898 2312 1298 2365 Constitutionibus,
1324 2314 1364 2355 &

307 2370 652 2415 Ordinationibus
666 2373 910 2428 Apostolicis
923 2402 938 2424 ‚
955 2389 1002 2415 ac
1022 2371 1175 2415 Domus
1190 2402 1205 2423 ,
1222 2374 1261 2414 &
1279 2374 1363 2416 Or-

303 2431 411 2475 dinis
427 2430 716 2487 praedic'torum
731 2460 745 2483 ,
776 2434 902 2475 etiam
923 2432 1156 2489 juramento
1170 2458 1184 2480 a
1214 2431 1362 2474 confir-

303 2491 487 2535 matione
502 2491 741 2545 Apostolica
758 2520 770 2543 ‚
807 2492 873 2535 vel
895 2493 1036 2546 quavis
1056 2491 1255 2534 firmitate
1280 2491 1360 2534 alia

306 2550 512 2593 roboratis
540 2550 699 2594 statutis
715 2579 728 2602 ,
760 2552 800 2592 δε
823 2551 1188 2595 consuetudinibus
1207 2580 1220 2603 ,
1246 2560 1361 2594 caete.

306 2608 446 2665 risque
470 2610 689 2652 contrariis
718 2610 1029 2667 quibuscunque
1048 2641 1058 2652 .
1093 2615 1245 2654 Datum
1278 2612 1363 2652 Ro-

309 2683 383 2712 ma:
413 2668 520 2724 apud
554 2670 786 2712 S.Petrum
817 2670 884 2712 sub
915 2673 1082 2713 Annulo
1113 2669 1332 2712 Piscatoris
1351 2699 1366 2721 ,

306 2729 391 2772 Die
418 2742 512 2770 xxv.
538 2730 754 2771 Februarii
778 2745 812 2772 M
829 2744 1066 2774 Dcxxx1.
1095 2726 1365 2773 Pontificatus

309 2787 454 2834 Nostri
479 2794 604 2834 Anno
632 2791 808 2834 ostavo.

862 2852 922 2894 Μ.
938 2851 991 2893 A.
1010 2848 1250 2894 Maraldus.

371 2972 521 3025 Autog.
549 2966 593 3010 in
612 2967 786 3011 Archivo
814 2973 960 3014 Secret.
979 2973 1096 3014 Brev.
1121 2968 1251 3027 Apost.
1270 2971 1365 3024 Reg.

436 3027 581 3084 mensl,
608 3028 657 3077 δ’
674 3029 770 3071 anni
794 3032 922 3085 praed.
949 3030 1031 3089 fol.
1053 3042 1125 3085 143
1136 3041 1176 3077 5.
1220 3029 1265 3071 de
1294 3042 1369 3083 quo

441 3098 589 3143 exemp.
608 3092 651 3129 t'n
669 3089 790 3132 Arch.
808 3104 903 3149 gen.
921 3091 1019 3135 Ord.
1036 3094 1151 3135 Arm.
1181 3090 1304 3131 Prov.
1325 3092 1367 3132 S.

440 3149 488 3193 P.
505 3147 710 3192 Francis-:i
729 3179 740 3190 .

497 3402 532 3444 E
597 3402 630 3444 P
692 3403 712 3444 I
773 3403 800 3445 S
864 3403 902 3446 T
963 3405 1002 3446 O
1061 3405 1096 3447 L
1155 3403 1193 3448 A

425 3508 518 3561 Sac.
557 3511 758 3583 Congreg.
795 3511 935 3581 Epist.
959 3548 976 3572 ‚
1013 3520 1068 3564 ἐφ’
1101 3499 1261 3582 Regisl.

321 3638 401 3691 Ab
447 3645 662 3694 Eremitis
701 3645 883 3696 Montis
922 3642 1077 3697 Affifii
1105 3642 1365 3703 Habitum,

394 3712 451 3762 ab
467 3714 648 3764 Habitu
665 3720 882 3768 Fratrum
899 3718 1090 3767 omnino
1103 3714 1365 3766 diffinitum

391 3783 573 3856 gestari,
588 3785 815 3857 Episcopo
836 3789 1009 3840 ibidem
1032 3787 1363 3840 committitur.

979 166 1011 230 Ῡ
1084 164 1648 269 Ῥνουίπσὶαὲ

1494 338 1496 340 ,
1523 286 1694 353 Illustris
1711 316 1727 343 ‚
1757 300 1803 336 ac
1826 290 1945 334 Adm.
1973 292 2195 336 Reverende
2222 295 2391 339 Domine

1616 357 1619 362 '
1823 351 1886 395 uti
1915 354 2068 396 Frater
2082 384 2093 394 .

1555 471 1822 515 'Uantumvis
1848 473 1969 515 Sacra
1985 473 2269 529 congregatio
2285 472 2365 529 jam
2383 472 2473 518 aliis

1589 532 1741 574 vicibus
1769 531 2029 575 ordinaverit
2047 560 2062 583 ,
2087 543 2130 573 ut
2158 533 2342 576 nonnulli
2370 535 2474 577 Ere-

1627 591 1734 633 mitae
1749 593 1902 633 Montis
1919 590 2027 632 illius
2043 592 2233 635 Civitatis
2249 593 2476 637 abstineant

1427 649 1449 691 a
1492 650 1700 705 portando
1741 650 1897 693 Habitu
1937 649 2054 692 simili
2087 651 2149 693 illi
2179 654 2259 695 FF.
2293 646 2475 708 Capuci-

1427 722 1576 751 norum
1593 737 1607 760 ,
1631 710 1897 751 nihilominus
1920 708 1998 751 suit
2025 709 2234 763 relatum,
2266 711 2378 766 quod
2407 712 2470 755 illi

1428 765 1561 810 adhuc
1591 768 1750 824 gestent
1766 769 1964 811 Habitum
1993 767 2179 825 ejusdem
2206 771 2358 813 coloris
2378 778 2474 813 cum

1428 827 1583 883 pallio,
1605 827 1772 880 corda,
1804 827 1923 871 soleis
1944 857 1958 880 ,
1988 838 2112 884 prout
2148 829 2267 873 illum
2295 840 2472 887 portant

1427 888 1505 930 FF.
1522 888 1749 942 Capucini.
1782 888 1890 930 Hinc
1921 888 2087 931 noviter
2117 888 2218 931 mihi
2242 889 2439 933 commifit
2457 918 2472 942 ,

1426 955 1471 988 ut
1496 945 1774 1001 Amplitudini
1791 949 1887 989 Tuae
1912 944 2021 989 serio
2052 946 2342 1004 injungerem,
2371 963 2471 1006 qua-

1425 1015 1545 1047 tenus
1579 1003 1698 1047 dietis
1733 1006 1928 1048 Eremitis
1959 1005 2226 1062 supradictum
2268 1007 2468 1052 vestiendi

1423 1062 1595 1106 modum
1619 1064 1804 1108 inhibeat
1825 1091 1840 1112 s
1875 1063 2111 1122 faciatque,
2142 1077 2187 1109 ut
2204 1066 2405 1110 Habitum
2430 1069 2471 1112 in

1422 1123 1615 1166 omnibus
1631 1152 1646 1175 ,
1671 1126 1712 1166 &
1735 1137 1810 1180 per
1831 1125 1968 1168 omnia
1995 1126 2045 1168 ab
2069 1126 2143 1168 illo
2159 1127 2467 1182 Capucinorum

1424 1183 1656 1226 distinctum
1693 1193 1893 1240 portent,
1925 1185 1964 1227 δι
1992 1185 2033 1228 in
2060 1188 2151 1229 casu
2180 1186 2470 1231 inobedientiae

1424 1252 1569 1285 contra
1592 1258 1662 1286 eos
1678 1243 1803 1287 etiam
1820 1257 1912 1285 cum
1930 1258 2051 1299 poena
2066 1246 2239 1289 carceris
2257 1274 2271 1297 ,
2290 1244 2466 1302 *aliisque

1423 1302 1485 1345 ad'*
1501 1301 1613 1344 suum
1628 1303 1844 1346 arbitrium
1864 1304 2066 1360 procedat
2079 1335 2090 1346 .
2123 1305 2298 1348 Studeat
2317 1307 2432 1361 proin
2451 1334 2466 1358 ,

1423 1372 1467 1405 ut
1493 1376 1606 1405 mens
1634 1367 1675 1407 S.
1690 1365 2038 1421 Congregationis
2055 1367 2199 1407 exa-stae
2222 1365 2346 1407 detur
2373 1379 2472 1408 exe-

1422 1422 1578 1464 cutioni
1596 1451 1611 1473 ,
1647 1422 1790 1474 ita-,ut
1820 1422 2046 1482 hujusmodi
2069 1437 2184 1466 novae
2198 1425 2376 1480 querelae
2404 1422 2474 1468 au-

1421 1481 1504 1525 diri
1532 1495 1612 1524 non
1638 1482 1849 1537 debeant3
1881 1486 1989 1525 Deus
2009 1485 2114 1526 Eam
2139 1482 2358 1529 conservet
2374 1500 2388 1526 a

1480 1543 1622 1585 Romae
1646 1543 1881 1599 ¹7.Januarii
1896 1542 2014 1599 1633.

1538 1602 1715 1657 Amplit.
1732 1605 1828 1644 Tuae
1843 1630 1855 1642 .

1490 1696 1559 1740 Uti
1575 1699 1724 1740 Frater
1737 1695 1964 1739 cardinalis
1978 1699 2018 1737 S.
2025 1695 2223 1752 onuphrii

1928 1763 2003 1832 ιΑ.
2022 1787 2264 1832 Torniellus
2280 1817 2291 1829 .
2356 1782 2359 1785 ¹

1541 1880 1602 1920 Ex
1621 1878 1718 1931 Reg.
1735 1876 1882 1916 Secret.
1900 1876 2018 1928 Cong.
2038 1873 2164 1916 Praed.

1780 1982 1875 1997 ‚—--
1880 1983 1995 1993 ¹——

1426 2049 1473 2096 A
1500 2043 1715 2096 Ministro
1733 2047 2011 2097 Provinciali
2039 2064 2123 2115 pro
2141 2063 2346 2116 ternpore
2381 2045 2473 2097 &c-

1496 2117 1705 2166 ereftum
1751 2117 1799 2165 in
1843 2119 2053 2168 Civitate
2085 2117 2297 2169 Affifien.
2337 2123 2475 2168 Mon·

1497 2202 1593 2238 tem
1612 2190 1799 2238 Pietatis
1818 2207 1928 2238 cum
1954 2189 2134 2239 duobus
2157 2190 2356 2241 Civibus
2388 2205 2475 2260 gu·-

1499 2258 1681 2309 bernari
1697 2295 1715 2319 ,
1753 2255 1804 2310 ὅε
1820 2258 2126 2311 administrari
2144 2259 2388 2312 confirmat
2410 2297 2423 2310 .

1423 2391 1940 2448 URBANUS
2015 2394 2258 2444 PAPA
2315 2395 2469 2445 VIII.

1598 2498 1668 2543 Ad
1684 2503 1924 2557 perpetuam
1955 2498 2016 2541 rei
2043 2502 2270 2542 memoriam
2285 2529 2297 2541 .

1504 2608 1713 2653 Alvatoris
1731 2636 1745 2659 ,
1776 2609 1816 2649 δε
1845 2607 2010 2650 Domini
2028 2607 2154 2651 nostri
2179 2606 2268 2663 Jesu
2286 2606 2467 2658 Christi,

1530 2668 1600 2725 qui
1617 2666 1762 2709 fideles
1779 2670 1865 2710 suos
1888 2665 1937 2709 ad
1965 2667 2130 2723 pietatis
2147 2697 2161 2719 ,
2191 2668 2232 2708 δε
2256 2667 2477 2710 christianae

1427 2727 1638 2771 charitatis
1654 2740 1780 2783 opera
1796 2754 1810 2777 ,
1843 2727 1882 2769 in
1901 2739 2100 2783 pauperes
2117 2755 2131 2778 ,
2163 2728 2203 2768 δε
2223 2725 2378 2782 egenos
2402 2725 2477 2767 mi-

1428 2785 1687 2831 sericorditer
1702 2786 1938 2829 exercenda
1952 2786 2176 2842 plurimum
2194 2788 2382 2829 hortatus
2399 2785 2474 2837 est,

1429 2847 1544 2890 vices
1559 2872 1573 2893 ³
1605 2860 1851 2904 quamquam
1871 2846 2095 2899 immeriti,
2110 2857 2306 2904 gerentes
2334 2846 2373 2888 iu
2387 2855 2475 2888 ter-

1430 2907 1489 2948 ris
1507 2934 1521 2958 ,
1553 2903 1604 2948 ad
1621 2920 1669 2949 ea
1686 2935 1699 2959 ,
1733 2920 1806 2962 per
1833 2920 1921 2962 quae
1950 2905 2116 2948 istorum
2138 2919 2365 2963 pauperum
2392 2933 2407 2957 ,
2434 2904 2475 2945 &

1430 2978 1654 3022 egenorum
1680 2963 1982 3008 necessitatibus
1996 2965 2253 3018 consulitur,
2285 2961 2474 3023 paterna,

1430 3025 1510 3084 quai
1541 3034 1734 3068 tenemur
1763 3054 1777 3078 ,
1809 3026 2014 3068 charitate
2038 3055 2055 3080 ,
2083 3025 2266 3068 libenter
2291 3021 2475 3066 intendi-

1429 3099 1520 3130 mus
1539 3113 1552 3136 ,
1579 3087 1619 3127 δι
1646 3085 1724 3134 iis,
1762 3098 1848 3141 quae
1863 3095 2083 3141 propterea
2104 3114 2118 3137 ,
2152 3081 2373 3140 praesertim
2401 3094 2475 3137 per

1431 3149 1471 3190 S.
1499 3147 1551 3188 R.
1570 3147 1622 3188 E.
1638 3143 1887 3188 Cardinales
1919 3143 2018 3187 facta
2036 3142 2146 3188 suiffe
2169 3142 2442 3201 comperimus
2458 3168 2474 3191 ,

1430 3215 1476 3249 ut
1490 3215 1678 3262 optatum
1710 3205 1928 3249 sortiantur
1944 3203 2133 3248 effectum
2150 3233 2165 3255 ,
2194 3213 2475 3260 perpetuaque

1430 3266 1592 3310 roboris
1621 3263 1817 3308 firmitate
1855 3263 2059 3308 subfistant
2073 3293 2087 3317 ,
2122 3261 2365 3318 Apostolicae
2380 3274 2475 3303 con-

1431 3323 1670 3369 firmationis
1688 3326 1812 3367 robur
1827 3354 1840 3376 ,
1870 3324 2054 3367 libentur
2080 3321 2295 3379 adjicimus
2313 3350 2326 3372 ,
2357 3318 2472 3361 alias-

1430 3399 1510 3441 que
1540 3384 1718 3441 desuper
1746 3385 2019 3441 disponimus‚
2053 3391 2174 3438 prout
2201 3377 2469 3437 conspicimus

1430 3444 1470 3489 in
1490 3446 1670 3490 Domino
1686 3444 1902 3487 salubriter
1925 3442 2124 3499 expedire
2143 3472 2155 3484 .

1490 3505 1600 3550 Sane
1613 3534 1628 3556 ‚
1660 3503 1759 3547 sicut
1773 3502 2006 3559 accepimus
2021 3530 2035 3553 ,
2063 3501 2249 3543 Dileffitus
2264 3498 2388 3542 Filius
2404 3512 2472 3540 no-

1428 3564 1508 3608 ster
1525 3564 1727 3607 Antonius
1742 3565 1809 3608 tit.
1827 3566 1866 3606 S.
1884 3561 2113 3618 Honuphrii
2128 3560 2352 3615 Presbyter
2369 3562 2476 3602 Car-

1425 3624 1571 3667 dinalis
1590 3654 1604 3677 ,
1633 3623 1771 3667 noster
1795 3620 2010 3666 secundum
2028 3634 2193 3663 carnem
2207 3622 2351 3663 Frater
2365 3620 2475 3660 Ger-

1427 3698 1592 3736 manus,
1618 3685 1686 3742 qui
1713 3683 1810 3726 alitis
1837 3682 1874 3723 in
1893 3679 2112 3723 minoribus
2136 3680 2377 3724 constitutus
2393 3680 2472 3723 FF.

1426 3745 1633 3788 Minorum
1646 3739 2205 3796 §.FrancisciCapucinorum
2222 3752 2475 3797 nuncupato-

1425 3803 1782 3857 rumReligionem
1797 3801 1988 3857 expresse
2005 3798 2202 3857 professus
2219 3801 2275 3844 est
2284 3832 2300 3854 ‚
2314 3803 2473 3857 Paupe-

2324 3874 2415 3904 rum
