2710 4108
310 385 1000 511 TABULAE
1110 233 2440 507 TOPOGRAPH1g3AE

313 569 387 633 ln
415 565 637 659 quibus
654 569 900 632 Domus
922 614 938 641 ,
988 563 1089 630 seu
1118 568 1491 632 Conventus
1524 566 1990 631 Provinciarum
2016 614 2032 642 ,
2061 589 2317 656 quarum
2349 569 2454 638 hic

404 663 650 751 ¹Tomus
668 660 959 727 meminit
972 707 989 734 ‚
1012 659 1210 724 latino
1223 710 1239 735 ,
1259 660 1318 725 ἃ
1340 660 1679 724 vernaculo
1699 657 1964 725 nomine
1984 659 2362 739 indicantur,

463 756 827 845 pariterque
846 750 1147 819 Dioecefis
1159 752 1706 827 Conventuum,&
1723 754 1981 844 qualitas
1998 755 2279 819 locorum
2298 802 2315 831 ‚

602 849 670 915 in
709 845 931 939 quibus
970 845 1230 911 existunt
1267 895 1283 922 ‚
1338 868 1482 910 cum
1528 868 1698 911 anno
1739 845 2122 912 fundationis
2149 895 2167 923 ,

696 940 1054 1008 donationis
1071 987 1088 1015 ,
1114 942 1218 1007 vel
1237 937 1644 1006 habitationis
1664 954 2040 1006 annotantur
2055 987 2070 1003 .

395 1085 2293 1194 ‘ANIMADVERSIO-

467 1269 563 1322 Irca
589 1272 832 1340 qualitatem
863 1272 949 1321 loci
975 1271 1231 1339 remimJZ-ere
1261 1290 1348 1321 eam
1377 1272 1454 1342 ff
1476 1273 1562 1326 vel
1574 1272 1757 1329 Urbem
1773 1308 1790 1332 ,
1822 1275 1907 1325 ‘vel
1927 1274 2183 1326 Civitatem
2203 1306 2220 1329 ,
2246 1268 2336 1323 vel
2348 1270 2449 1337 Op-

483 1341 645 1412 pidum
673 1380 690 1404 ,
734 1345 820 1397 vel
846 1346 1056 1414 Pagum,
1092 1343 1386 1394 Fortalitium
1415 1380 1434 1404 ‚
1484 1342 1704 1397 Castrum
1723 1380 1740 1405 ,
1776 1344 2030 1399 Castellum
2050 1380 2067 1404 ,
2097 1347 2341 1413 Burgum,
2369 1341 2455 1393 vel

309 1419 489 1468 Villam
507 1452 520 1465 .
1884 1455 1888 1458 .

455 1484 587 1542 Urbs
617 1521 634 1544 ,
671 1486 768 1554 sola
808 1485 976 1542 Roma,
994 1488 1138 1550 juxta
1167 1486 1292 1551 hujus
1338 1486 1474 1536 Curiae
1517 1486 1686 1550 Stylum
1735 1487 1855 1537 audit
1882 1522 1899 1545 ,
1942 1501 2071 1553 prout
2100 1486 2156 1534 ὑ·
2171 1484 2297 1542 Joan.
2326 1482 2455 1532 Kahl

310 1559 357 1607 iu
378 1558 458 1626 sico
484 1557 597 1607 Lex.
614 1556 760 1614 Jurid.
798 1554 922 1607 Tom.
942 1574 987 1604 2.
1000 1554 1092 1625 fil.
1115 1565 1229 1606 166.
1254 1557 1383 1607 verb.
1410 1557 1658 1626 Oppidum
1682 1573 1831 1607 notat:
1871 1558 2089 1625 peculiari
2118 1559 2292 1606 ratione
2319 1554 2450 1608 Urbs

312 1630 470 1678 vocari
504 1643 659 1696 coepta
697 1627 761 1678 est
789 1663 803 1676 .
850 1628 910 1678 Et
937 1627 1098 1695 quidem
1122 1662 1140 1686 ,
1180 1631 1315 1692 juxta
1338 1628 1463 1678 Hier.
1495 1628 1610 1683 Rub,
1637 1628 1743 1679 Ital.
1768 1666 1784 1688 ,
1819 1630 1875 1677 <T
1908 1629 2084 1679 Raven.
2115 1628 2236 1677 Hifl.
2272 1624 2377 1677 Lib.
2405 1645 2446 1675 1.

298 1698 389 1768 jol.
420 1718 498 1749 10.
527 1702 572 1747 in
597 1702 736 1765 princ.
766 1699 896 1748 nullo
914 1696 1072 1748 addito
1100 1700 1281 1747 nomine
1299 1735 1311 1746 .
1336 1698 1554 1765 Temporis
1571 1697 1751 1767 fitcceffu
1792 1699 1989 1765 adjunHa
2018 1704 2057 1749 ei
2070 1698 2198 1767 suite
2226 1697 2412 1767 epitheta
2433 1730 2452 1754 ,

313 1768 512 1820 musteis
532 1805 549 1828 ,
584 1772 731 1820 Sacrae
747 1805 763 1828 ,
797 1766 849 1820 ἃ
869 1769 1023 1819 Almae
1054 1767 1200 1822 Urbis
1216 1805 1232 1828 ,
1262 1771 1375 1836 quod
1401 1772 1595 1820 ultimum
1618 1772 1834 1821 hodiedum
1853 1777 2003 1820 retinet
2018 1807 2031 1820 .

454 1841 634 1892 Civitas
651 1845 792 1908 juxta
822 1839 978 1889 dietum
1010 1838 1181 1901 Stylum
1211 1840 1287 1889 ille
1317 1841 1525 1890 duntaxat
1559 1843 1672 1890 locus
1701 1845 1888 1899 dicitur,
1920 1847 1966 1891 in
1999 1861 2075 1911 quo
2101 1838 2223 1890 Sedes
2260 1838 2455 1905 Epifiopi

300 1912 407 1978 fixa
421 1913 490 1977 est,
505 1913 602 1960 hinc
615 1910 846 1979 Dioeceflmi
869 1928 945 1960 12.
967 1929 1010 1979 q.
1024 1928 1070 1959 2.
1096 1929 1185 1959 can.
1197 1912 1440 1978 statuimus,
1455 1911 1759 1964 civitatenses
1774 1914 2038 1980 appellantur
2053 1933 2067 1973 3
2083 1912 2134 1961 ab
2148 1913 2248 1961 aliis
2262 1925 2454 1967 econtra,

305 1983 535 2049 praefirt‘im
563 1978 687 2031 extra
702 1981 876 2032 Italiam
893 2017 910 2040 ,
923 1981 1103 2032 Civitas
1116 1981 1351 2047 appellatur
1366 1985 1480 2032 locus
1498 2018 1514 2041 ,
1543 1985 1628 2033 'vel
1654 1988 1726 2052 qui
1753 1987 1896 2035 vallis
1914 2021 1930 2043 ,
1960 1987 2119 2035 moeniis
2138 1986 2229 2033 &a
2262 1980 2419 2030 cintius·
2433 2013 2451 2036 ,

312 2055 395 2104 vel
419 2055 601 2119 alicujus
631 2053 780 2104 Gentis
795 2088 812 2112 ‚
828 2052 907 2120 siu
922 2052 1142 2122 Regionis.
1162 2052 1300 2120 Caput
1316 2089 1333 2114 ,
1359 2055 1445 2106 vel
1465 2055 1577 2104 alias
1605 2058 1631 2104 a
1662 2054 1856 2123 Principe
1883 2058 2014 2106 titulo
2027 2091 2044 2115 ,
2086 2056 2141 2105 (Y
2158 2057 2452 2122 prerogativa

309 2123 529 2176 Civitatis
563 2123 629 2173 es‘l
656 2124 874 2194 itfignitus
888 2159 902 2173 .

446 2195 688 2264 Oppidum
703 2231 720 2254 ,
744 2197 1021 2263 quantumvis
1052 2211 1142 2244 cum
1170 2194 1372 2247 Civitate
1406 2198 1432 2245 a
1469 2195 1666 2263 pluribus
1693 2194 1963 2264 corfieudatur
1986 2233 2003 2256 ,
2045 2196 2097 2246 ab
2126 2196 2247 2247 illius
2271 2209 2453 2242 tamen..

311 2269 475 2314 notione
487 2264 702 2332 defletlere
719 2300 735 2323 ,
760 2268 1006 2314 communius
1019 2279 1222 2333 receptum
1236 2266 1287 2333 est
1303 2302 1316 2316 .
1355 2265 1479 2316 Circa
1493 2269 1783 2337 etymologiam
1799 2269 1927 2331 hujus
1943 2272 2117 2317 nominis
2132 2271 2284 2319 variat
2299 2263 2454 2314 Auffe-

312 2354 404 2385 rum
419 2336 587 2403 sinsus:
625 2335 698 2385 Ab
723 2350 797 2401 ope
811 2334 992 2404 firenda
1008 2370 1025 2393 ,
1051 2336 1134 2387 vel
1149 2336 1395 2404 fidlinmda
1418 2338 1531 2387 illud
1554 2337 1775 2407 originliffl
1804 2354 1916 2388 tenet
1945 2339 2159 2391 Calvinus
2175 2376 2191 2398 ,
2215 2338 2292 2406 seu
2315 2334 2453 2386 Kahl.

313 2411 392 2455 cit.
409 2407 533 2458 verb.
546 2405 791 2474 Oppidum
813 2407 966 2462 dicens:
982 2405 1186 2457 obtinuit
1202 2410 1317 2458 inter
1337 2405 1675 2470 jurisconsultos
1687 2412 1744 2460 ab
1761 2427 1848 2478 ope
1863 2408 2046 2460 ferenda
2061 2445 2078 2469 ,
2110 2404 2456 2475 velssustinenda

313 2495 483 2528 nomen
506 2475 719 2545 accepisse
733 2511 749 2534 ,
784 2477 893 2545 quod
917 2481 964 2526 in
984 2476 1040 2526 1..
1055 2477 1264 2545 ‘Pupillus
1284 2497 1340 2543 ²3
1349 2498 1400 2539 9.
1417 2479 1458 2529 ff
1461 2498 1524 2541 .7.
1526 2477 1590 2549 ff
1618 2480 1668 2529 de
1679 2479 1974 2551 verhfigmss
1986 2483 2160 2548 testatur
2179 2481 2422 2545 Pomponius
2437 2511 2453 2533 ,

312 2550 370 2598 &¹
394 2567 449 2597 ex
481 2547 674 2597 Cicerone
688 2546 825 2615 Festus
839 2583 855 2606 ,
876 2551 1056 2615 itemque
1081 2563 1193 2597 tenet
1220 2548 1319 2600 cM,
1344 2550 1477 2599 Varro
1511 2550 1591 2600 lib.
1613 2567 1684 2613 40,
1701 2552 1752 2601 de
1763 2550 1932 2620 Lingua
1969 2552 2128 2600 Latina
2146 2587 2158 2599 .
2194 2551 2326 2618 ‘Jam,
2355 2548 2452 2595 dum

313 2619 526 2685 Oppidum
541 2653 558 2677 ,
586 2618 670 2669 vel
698 2617 747 2666 ob
778 2632 868 2684 opes
887 2653 903 2676 ,
938 2618 1090 2686 quibus
1120 2619 1311 2680 excedit,
1343 2620 1429 2671 vel
1455 2618 1504 2668 ob
1536 2618 1741 2670 Subur-bia
1758 2658 1774 2679 ,
1811 2622 1961 2689 quibus
1996 2622 2224 2687 ampliatur
2243 2656 2257 2677 ‚
2291 2618 2376 2668 vel
2402 2615 2452 2663 ob

301 2688 642 2756 jurisilit‘iionem
667 2723 683 2747 ,
715 2707 834 2757 quam
863 2704 1025 2736 exercet
1054 2724 1070 2747 ,
1125 2690 1227 2739 aliis
1270 2690 1371 2739 locis
1400 2690 1506 2760 quid
1528 2695 1663 2756 majus
1688 2727 1704 2750 ,
1748 2691 1949 2742 Civitate
1977 2709 2112 2740 autem
2148 2691 2254 2758 quid
2277 2692 2411 2737 minus
2429 2722 2446 2743 ,

311 2767 368 2810 &
389 2763 549 2809 moeniis
559 2759 800 2827 plerumque
814 2759 1055 2808 destitutum
1070 2758 1277 2829 dispetstm
1286 2762 1395 2830 lego,
1409 2765 1454 2808 in
1468 2761 1544 2809 hoc
1556 2779 1710 2830 quoque
1722 2766 1920 2812 rationem
1939 2760 2185 2830 differentiae
2201 2765 2310 2826 ejus,
2315 2758 2452 2825 salvo

304 2831 469 2897 judicio
501 2830 665 2880 meliori
693 2831 887 2896 constituo
910 2865 922 2878 .

453 2904 600 2970 Pagus
636 2916 799 2948 econtra
830 2901 882 2965 est
911 2900 1022 2948 locus
1037 2902 1081 2947 in
1111 2900 1244 2951 eodem
1271 2899 1409 2950 traHu
1429 2898 1630 2970 Regionis
1644 2901 1741 2970 fine
1758 2902 1845 2951 ullo
1862 2921 2065 2952 murorum
2079 2904 2302 2951 munitione
2315 2898 2453 2964 dispo·

294 2970 441 3041 fieus.
461 2967 513 3020 In
531 2970 765 3037 hujusmodi
786 2970 920 3038 Pagos
934 3007 950 3029 ,
966 2971 1290 3022 Provinciarum
1317 2989 1437 3039 agros
1459 2971 1608 3023 dividi
1627 3009 1643 3031 ,
1672 2978 1800 3023 varic?
1829 2974 2031 3041 legimus,
2053 2975 2279 3042 presbrtim
2291 2987 2423 3018 autem
2435 3003 2452 3026 ,

311 3044 475 3111 Agrum
491 3041 725 3091 Romanum
749 3038 931 3090 aNuma
950 3039 1154 3106 Pompilio
1186 3045 1231 3089 in
1253 3041 1386 3109 Pagos
1403 3041 1589 3109 divisum
1604 3040 1738 3110 suff
1749 3059 1865 3092 notat
1879 3043 2107 3112 Dionysius
2124 3079 2138 3092 .
2169 3040 2320 3091 Italici
2344 3043 2453 3108 aeque

312 3133 361 3163 ac
389 3110 520 3162 latini
550 3112 687 3180 Pagus
712 3110 933 3179 aliquando
968 3110 1104 3162 verbo
1136 3113 1286 3161 Terra
1319 3115 1575 3178 exprimitur
1599 3133 1611 3162 :
1647 3129 1693 3162 ut
1725 3129 1860 3163 autem
1887 3150 1904 3172 ,
1935 3115 2046 3183 quod
2069 3117 2193 3163 nimis
2217 3115 2452 3181 genericum

312 3185 518 3239 videtur,
549 3183 741 3233 devitem
766 3216 782 3239 ,
825 3181 913 3229 loca
929 3216 945 3239 ,
993 3182 1151 3230 Terrae
1178 3181 1231 3229 ab
1259 3182 1359 3230 aliis
1385 3198 1613 3251 nuncupata
1629 3219 1646 3241 ,
1676 3181 1810 3252 Pagos
1842 3205 1912 3253 ego
1947 3189 1992 3233 in
2006 3183 2271 3255 sequentibus
2310 3182 2450 3232 Tabu-

282 3251 287 3258 ’
312 3256 372 3304 lis
398 3253 546 3304 notabo
563 3290 576 3303 .
614 3251 663 3301 Si
694 3253 788 3301 dein
814 3254 859 3300 in
883 3251 978 3300 illis
1014 3251 1237 3319 aliquoties
1267 3252 1475 3318 Oppidum
1502 3287 1521 3312 ,
1579 3260 1632 3303 &
1664 3252 1820 3322 Pagum
1848 3260 1875 3305 a
1903 3275 1967 3305 me
1986 3255 2214 3323 promifiub
2235 3254 2351 3321 firmi
2376 3253 2450 3302 ad-

311 3341 544 3382 vertatur,
580 3342 642 3373 me
672 3323 920 3373 Provinciis
957 3325 1021 3369 ita
1052 3320 1310 3371 diHantibus
1336 3341 1484 3372 morem
1508 3323 1665 3391 geffi'ffi
1691 3340 1879 3375 teneatur
1896 3359 1909 3374 .

452 3397 746 3446 Fortalitium
764 3427 780 3451 ,
817 3390 1031 3443 Castrum
1051 3426 1069 3450 ,
1106 3390 1358 3443 Castellum
1379 3391 1470 3444 ἃς.
1501 3399 1776 3461 quantumvis
1800 3400 1846 3444 in
1881 3399 2020 3464 rigore
2047 3396 2216 3463 fiempta
2250 3398 2361 3444 inter
2396 3394 2448 3460 fi

315 3466 510 3516 nonnihil
545 3464 744 3534 differant
767 3498 783 3522 ‚
827 3466 853 3510 ἃ
885 3461 1162 3528 Corograpbis
1189 3477 1327 3511 tamen
1349 3464 1592 3533 plerumque
1621 3467 1732 3513 inter
1760 3467 1812 3534 J}
1857 3465 2048 3534 confundi
2088 3504 2104 3526 ,
2153 3468 2208 3515 &¹
2233 3479 2312 3531 pro
2342 3467 2446 3515 loco

315 3537 375 3587 ad
412 3535 619 3592 Urbium
655 3570 671 3594 ‚
726 3532 776 3585 ὅ(
814 3540 1033 3589 statuum
1071 3529 1355 3583 securitatem
1379 3568 1398 3591 ,
1444 3531 1494 3585 ὅ(
1525 3532 1828 3587 defensionem
1860 3537 1887 3585 ὲ
1917 3537 2201 3607 Principibus
2218 3535 2447 3587 exstruGo

335 3612 420 3658 umi
451 3642 468 3666 ,
517 3622 668 3655 certum
699 3604 784 3654 ess-
2079 3622 2084 3628 ·

303 3609 351 3677 s
457 3676 569 3726 Huic
601 3677 728 3726 eidem
758 3674 1001 3744 significato
1041 3690 1319 3741 nonuunquam
1342 3674 1498 3724 accedit
1527 3678 1708 3745 Burgus
1734 3693 1748 3724 ε
1788 3678 1869 3727 ima
1893 3676 2127 3729 fortalitia
2145 3715 2160 3738 ,
2185 3681 2262 3748 siu
2290 3676 2451 3730 Castra

321 3750 366 3796 in
400 3747 434 3797 l.
474 3765 524 3811 4.
591 3762 679 3814 cap.
719 3747 769 3796 de
809 3744 934 3813 Offi'c.
967 3743 1088 3812 “Jud.
1124 3745 1252 3794 milit.
1272 3780 1289 3805 ‚
1325 3746 1380 3795 (7
1407 3745 1485 3795 lib.
1513 3746 1629 3796 Curae
1657 3747 1707 3796 de
1735 3743 1809 3813 aff
1839 3766 1948 3818 mag.
1983 3748 2058 3819 off:
2094 3755 2273 3820 Burgos
2312 3748 2451 3813 appel-

2299 3820 2384 3866 lari
