2774 4068
92 1204 247 1277 stuf*
260 1215 292 1237 '¹'

1008 213 1088 303 S.
1129 214 1222 304 P.
1258 217 1784 335 Francisci.
1827 344 1830 348 Ι

519 392 563 435 D
617 389 656 432 Ε
716 386 759 430 C
816 385 859 429 R
920 383 957 429 t
1018 388 1057 430 Τ
1117 394 1158 435 0

353 507 744 579 &congregationis
753 510 846 557 &a
867 504 1004 574 Super
1017 505 1146 557 Statu
1162 507 1321 580 Regul.

314 647 635 719 Reaffumptio
660 648 866 700 duorum
884 651 1219 703 conventuum
1233 687 1250 711 ,
1285 655 1356 706 vi-

342 727 345 729 ’
382 721 555 773 delicet
570 724 618 773 S.
637 726 787 773 Annae
805 722 983 792 Spoleti
1000 756 1018 780 ,
1054 720 1104 775 ἃ
1118 726 1168 775 8.
1185 727 1356 776 Crucis

303 817 305 819 ¹
377 792 570 844 Narnia:
589 829 606 854 ,
624 810 735 844 cum
767 795 947 863 gratia,
975 806 1028 843 ut
1056 809 1256 863 quatuor
1278 800 1358 847 Sa-

380 862 594 916 cerdotes
619 864 848 917 duntaxat
874 865 939 916 ibi
956 863 1125 935 degere
1155 864 1328 939 poffint
1342 903 1359 927 ,

381 936 654 988 conceditur
673 972 688 988 .
1159 958 1162 962 ’

610 1077 856 1148 Beattff'me
885 1077 1019 1131 Pater
1030 1116 1045 1132 .

306 1222 644 1339 PRofurator
669 1220 890 1264 Generalis
917 1221 1257 1277 Capucinorum,
1281 1223 1359 1266 bu-

305 1293 485 1398 „1003ss
486 1277 779 1408 fflffffli?
781 1279 1015 1398 ‘religavi
1016 1312 1028 1323 ’
1037 1281 1255 1387 3335ssss
1252 1298 1280 1395 ξ’
1285 1282 1354 1385 ¹52²}

305 1400 466 1469 delicet
480 1428 497 1452 ,
508 1398 614 1469 illud
629 1403 805 1445 S.Annae
817 1400 1047 1457 spoleti,&
1061 1400 1176 1444 aliud
1191 1404 1355 1446 s.cm·

305 1475 368 1504 cis
389 1464 582 1512 Narnia,
599 1459 810 1517 postquam
837 1474 912 1516 per
932 1460 1089 1513 aliq⁰ot
1117 1474 1243 1506 annos
1265 1460 1356 1505 fue-

304 1531 406 1564 rant
424 1518 625 1577 supprefla
636 1548 662 1586 ³.
685 1520 708 1561 a
733 1522 857 1564 Sacra
879 1521 1219 1576 Congregatione
1242 1520 1358 1579 super

308 1582 431 1624 Statu
457 1579 734 1648 Regularum
756 1609 772 1633 ,
802 1593 896 1622 cum
939 1580 1175 1624 Sanctitatis
1203 1581 1358 1626 Vessrae

304 1637 571 1709 beneplacito
591 1637 747 1682 fuerint
771 1639 959 1683 restituta
973 1643 1002 1691 ,¹
1019 1639 1150 1696 gratifl
1163 1639 1354 1686 concessfi

305 1699 362 1747 ob
388 1698 592 1758 adjestam
608 1697 924 1751 conditionem,
951 1700 1053 1741 utin
1078 1702 1268 1755 quolibet
1280 1715 1354 1746 eo-

303 1773 399 1802 rum
425 1759 521 1802 loco
545 1757 613 1801 sex
639 1757 892 1826 Sacerdotes
915 1757 1101 1827 degant,
1132 1761 1353 1815 gaudere)

304 1816 1354 1950 {geraza{artarxiam{aarum1¹52·

300 1935 780 2006 humillime-sanctitati
811 1937 966 1982 Vestrae
989 1935 1220 1993 supplicat,
1251 1954 1350 1996 qua-

301 2004 426 2040 tenus
460 1995 656 2040 ordinare
686 1995 909 2064 dignetur,
942 2007 986 2040 ut
1020 1996 1126 2040 dicia
1164 2000 1351 2043 conditio

301 2054 474 2100 tollatur
494 2083 510 2108 ,
535 2057 573 2098 ἀ
603 2054 758 2111 praesati
784 2054 1033 2100 Conventus
1074 2059 1202 2101 modo
1219 2087 1234 2110 ,
1267 2072 1349 2115 quo

301 2123 399 2159 ante
441 2111 757 2218 sigppreffionem
792 2114 992 2169 fuerant,
1031 2117 1353 2162 reaflumantur.

346 2186 441 2217 uam
504 2189 547 2217 c.
1275 2193 1279 2196 ·

300 2177 462 2278 qk&
488 2230 670 2301 Qando
690 2235 863 2298 Fratres·
895 2231 952 2275 ibi
976 2232 1031 2276 de
1070 2235 1238 2278 Familia
1274 2233 1353 2278 de-

304 2291 489 2349 gebant,
518 2307 560 2335 m
597 2293 790 2348 quolibet
820 2290 1023 2335 diuorum
1044 2296 1350 2337 conventuum

302 2351 472 2419 tresad
497 2350 631 2418 minus
646 2349 895 2418 Sacerdotes
920 2364 1015 2393 eum
1042 2351 1218 2396 Clerico
1234 2382 1249 2406 ,
1273 2367 1349 2409 pro

302 2408 479 2513 gervitip
493 2410 625 2512 Chorti
642 2439 657 2463 ,
680 2411 721 2452 &
745 2409 968 2467 aliquoties
995 2422 1176 2467 quatuor
1203 2416 1348 2456 Sacer-

333 2481 425 2513 otes
472 2482 597 2512 uer-an
633 2499 645 2511 .

363 2532 488 2573 Sacra
523 2527 806 2585 Congregatio
845 2526 965 2584 super
1001 2532 1121 2573 statu
1162 2531 1348 2588 Regula-

301 2587 440 2656 τίνῳ,
468 2587 642 2655 attentis
676 2587 852 2632 narratis
875 2614 891 2637 ,
929 2589 1121 2645 petitioni
1154 2592 1349 2635 Orator-is

301 2646 478 2705 benigne
504 2656 651 2690 annuit
677 2661 756 2705 pro
777 2658 955 2704 quatuor
975 2648 1348 2703 sacerdotibus,&

301 2721 386 2751 uno
414 2706 592 2750 Clerico
619 2706 659 2749 in
691 2706 880 2764 quolibet
913 2709 1168 2752 Conventu-

360 2766 516 2809 Datum
543 2766 688 2809 Romae
717 2766 790 2811 die
814 2765 963 2822 4.Julii
987 2766 1112 2823 1669.

417 2941 452 2985 L
581 2874 644 2926 G.
660 2874 791 2925 Card.
808 2873 1034 2941 Carpineus
1051 2911 1063 2924 .

455 2970 467 2983 ⁵
481 2943 525 2985 S·
773 3004 815 3046 P.
841 3004 1052 3062 Fagnanus
1073 3006 1225 3048 Secret.

360 3119 537 3177 Exempl.
556 3117 750 3163 Autbent.
768 3122 812 3163 in
827 3119 949 3163 Arcb.
968 3121 1186 3165 Provinciae
1200 3149 1213 3164 .

298 3396 486 3462 Corpus
517 3394 771 3458 Terrarum
791 3429 807 3453 ,
841 3394 1220 3467 Primogeniturae
1259 3400 1343 3448 Fa·

362 3466 503 3516 miliae
530 3465 578 3516 a*
606 3469 771 3516 Monte
813 3461 1101 3533 suppositum
1121 3502 1139 3526 ,
1160 3470 1345 3521 Monia-

365 3535 487 3586 libus
508 3538 728 3588 Civitatis
744 3534 931 3589 Castelli
955 3535 1045 3587 fine
1065 3538 1342 3591 caducitatis

370 3621 511 3673 poena
537 3607 762 3668 concedi,
790 3607 839 3659 ὅ(
871 3609 916 3657 in
947 3610 1070 3659 vices
1105 3611 1194 3660 alia
1220 3609 1340 3660 bona

371 3673 547 3760 stabilia
576 3677 818 3762 subrogari
844 3714 862 3739 ,
900 3677 1129 3751 Episcopo
1167 3680 1338 3732 ibidem

372 3762 659 3813 committit,

2235 255 2265 309 1
2282 256 2391 340 43

1429 395 1649 443 Venerabili
1677 390 1825 440 Fratri
1850 388 2033 449 Epistopo
2060 397 2247 443 Civitatis
2264 402 2430 460 castell}
2444 434 2458 447 .

1419 511 1945 569 CLEMENS
2032 514 2308 570 PAPA
2391 526 2459 574 X.

1456 628 1693 681 VenerabiIIs
1704 633 1875 680 Frater,
1880 627 2058 683 [blatern
2070 660 2087 682 ,
2104 630 2159 681 ὁ·
2174 634 2431 691 Apostolicam

1769 687 2084 733 Benedifilloncm
2095 718 2107 731 .

1517 805 1654 865 Xponi
1685 807 1814 850 Nobis
1841 820 1973 864 nuper
1998 806 2100 852 fecit
2130 808 2314 853 Dilestus
2335 811 2459 856 Filius

1546 866 1738 912 Marchio
1771 867 1948 922 Joannes
1980 868 2155 924 Baptista
2184 868 2253 911 del
2282 872 2460 922 Monte,

1420 926 1531 983 quod
1544 926 1747 984 quondam
1765 927 1942 981 joannes
1970 928 2150 982 Baptista
2181 929 2372 971 Marcluo
2383 930 2455 973 del

1420 988 1569 1031 Monte
1590 985 1739 1030 Senior
1753 1011 1768 1035 ,
1789 985 1832 1027 in
1859 984 1929 1028 suo
1944 987 2094 1031 ultimo
2110 987 2356 1031 testamento
2373 989 2461 1043 pin-

1418 1058 1543 1102 guem
1571 1043 1856 1089 haereditatem
1882 1043 1995 1088 suam
2012 1045 2162 1089 valoris
2178 1045 2459 1102 quadringen-

1420 1102 1830 1159 torum,&amplius
1859 1106 2033 1148 millium
2063 1107 2285 1149 Scutorum
2314 1119 2460 1148 mone-

1415 1164 1826 1223 tae,Primogeniturae
1841 1164 2047 1222 supposuit
2059 1192 2074 1213 ,
2088 1179 2135 1208 ac
2159 1166 2262 1209 bona
2280 1193 2294 1216 ‚
2309 1164 2360 1206 ad
2377 1165 2459 1207 hae-

1418 1226 1641 1269 reditatem
1670 1222 1901 1279 hujusmodi
1930 1225 2177 1282 spectantia,
2200 1236 2459 1269 eorumvssa

1413 1295 1575 1343 partem
1600 1284 1651 1329 ab
1666 1283 1868 1336 Haerede,
1896 1299 1975 1341 pro
2007 1296 2203 1341 tempore
2226 1284 2458 1335 existente,

1414 1360 1469 1390 ex
1494 1357 1754 1401 quacumque
1774 1343 1891 1387 causa
1922 1344 2046 1388 vendi
2066 1375 2083 1396 ‚
2109 1343 2334 1400 permutari
2352 1371 2368 1395 ,
2396 1342 2458 1398 pi-

1417 1405 1582 1462 gnorari
1597 1432 1612 1456 ,
1649 1403 1854 1460 obligari,
1893 1404 1960 1448 vel
1992 1404 2265 1460 hypothecari
2307 1415 2458 1458 quovis

1411 1462 1543 1509 -modo
1556 1464 1764 1520 prohibuit
1786 1464 1874 1514 ,ita
1893 1475 1966 1516 ,ut
1982 1464 2022 1506 in
2054 1462 2190 1507 casum
2221 1460 2456 1518 cujuscum-

1417 1538 1500 1583 que
1522 1523 1784 1567 alienationis
1812 1521 2072 1578 hujusmodi,
2087 1523 2315 1565 dominium
2328 1520 2368 1564 in
2384 1534 2456 1563 ac-

1417 1585 1654 1643 quirentem
1672 1581 1841 1625 minimi:
1857 1582 2103 1625 translatum
2125 1581 2455 1638 intelligeretur,

1414 1644 1483 1689 sed
1507 1646 1650 1686 Haeres
1675 1642 1862 1685 alienans
1891 1642 2063 1685 caderet
2092 1640 2142 1685 ab
2175 1640 2456 1684 haereditate-2

1412 1702 1603 1764 praediaeffia
1618 1716 1733 1760 ,quae
1747 1701 2029 1759 primogenito
2048 1701 2231 1758 proxime
2244 1729 2258 1752 ,
2275 1712 2349 1755 per
2364 1697 2454 1754 ejus

1414 1763 1720 1821 dispofitionem
1749 1772 1901 1806 vocato
1935 1761 2206 1812 deferretur,
2244 1761 2283 1801 &
2320 1758 2453 1810 alias,

1414 1833 1541 1882 prout
1566 1823 1609 1866 in
1645 1823 1757 1866 dieio
1785 1821 2034 1865 testamento
2067 1821 2235 1864 uberius
2267 1818 2454 1869 dicitur,

1409 1882 1640 1928 contineri.
1674 1885 1783 1925 Cum
1812 1891 1980 1933 autem,
2007 1879 2105 1923 ficut
2127 1879 2275 1923 eadem
2293 1877 2456 1933 expoli-

1409 1945 1470 1987 tio
1497 1941 1767 2000 subjungebat
1782 1971 1799 1992 ,
1813 1940 1854 1982 in
1869 1940 1975 1983 dista
1993 1938 2237 1984 haereditate
2266 1937 2455 1994 reperia-

1413 2013 1481 2045 tur
1502 2000 1715 2056 quoddam
1742 2013 1894 2055 corpus
1918 2002 2145 2043 Terrarum
2184 1999 2226 2041 in
2256 1997 2453 2041 Territo·

1413 2063 1477 2104 rio
1507 2060 1615 2102 istius
1639 2059 1835 2103 Civitatis
1863 2058 2060 2110 Castelli,
2086 2059 2199 2117 juxta
2214 2058 2300 2099 suos
2327 2066 2451 2098 notos

1414 2120 1514 2163 fines
1545 2118 1746 2175 positum,
1779 2107 1930 2160 valoniis
1959 2118 2000 2158 in
2025 2117 2285 2173 proprietate
2314 2114 2451 2165 mille,

1412 2182 1455 2222 &
1489 2184 1811 2235 quingentorum
1841 2179 2058 2220 Scutorum
2098 2176 2213 2218 dieiae
2246 2183 2453 2226 monetae,

1412 2238 1523 2297 quod
1553 2238 1671 2281 bonis
1686 2235 1921 2280 Monasterii
1946 2234 2189 2279 Monialium
2211 2233 2452 2291 Capucina·

1410 2312 1501 2341 rum
1527 2298 1642 2339 dietae
1670 2295 1869 2339 Civitatis
1894 2309 1973 2352 pro
1997 2296 2119 2339 tertia
2152 2305 2270 2350 parte
2299 2307 2351 2335 ex
2370 2293 2450 2335 hae·

1408 2357 1592 2401 reditate
1621 2355 1870 2399 Fundatoris
1898 2352 2082 2412 ejusdem
2097 2352 2340 2397 Monasterii
2357 2377 2371 2400 a
2396 2351 2450 2394 ad

1408 2417 1538 2473 ipsum
1568 2415 1863 2459 Monasteriurn
1894 2414 2163 2467 speRantibus
2191 2412 2386 2471 adjacet,
2417 2411 2447 2452 st

1409 2477 1511 2520 vero
1534 2474 1695 2519 dileeiae
1721 2475 1764 2517 in
1786 2473 1958 2517 Christo
1981 2473 2091 2517 Filiae
2119 2471 2323 2516 Moniales
2348 2470 2447 2512 dicti

1407 2535 1647 2580 Monasterii
1668 2547 1818 2590 corpus
1843 2543 2048 2578 terrarum
2080 2530 2305 2587 hujusmodi
2332 2542 2448 2571 erne-

1408 2594 1886 2651 rent,&acquirerent,
1917 2593 1957 2634 id
1979 2604 2170 2646 magnam
2195 2589 2335 2640 eis,&
2353 2590 2447 2629 Mo-

1407 2653 1585 2699 nasterio
1608 2650 1800 2709 praedieto
1825 2649 2081 2699 utilitatem,
2108 2657 2234 2703 atque
2258 2659 2447 2688 commo-

1406 2713 1580 2756 ditatem
1602 2709 1841 2766 praestaret3
1873 2709 1944 2759 &,
1975 2716 2019 2747 ut
2058 2705 2271 2762 acquifitio
2309 2701 2445 2757 hujus-

1406 2770 1520 2813 modi
1549 2769 1600 2811 ad
1625 2766 1813 2811 favorem
1828 2765 2024 2809 dinatum
2049 2764 2294 2806 Monialium
2322 2761 2442 2806 fine,

1408 2829 1588 2877 damno,
1611 2825 1808 2881 quinimo
1839 2839 1931 2867 cum
1958 2822 2144 2866 utilitate
2187 2821 2442 2865 haereditatis

1407 2885 1601 2946 praedickae
1625 2883 1714 2926 fieri
1737 2881 1882 2940 polilt,
1909 2882 2068 2926 Dilecta
2086 2883 2125 2923 in
2149 2880 2315 2925 Christo
2332 2878 2441 2922 Filia

1405 2941 1691 2990 Marchioniffa
1712 2945 1870 3000 Joanna
1901 2942 1969 2986 del
2000 2943 2179 2990 Monte,
2203 2953 2307 2982 uxor
2343 2938 2439 2979 dieii

1405 3003 1654 3049 Marcbionis
1674 3003 1840 3059 joannis
1857 3000 2037 3057 Baptistae
2060 2998 2315 3054 Exponeniis
2330 3025 2343 3047 ,
2367 2996 2438 3051 qui

1404 3063 1593 3108 eamdem
1624 3061 1935 3108 haereditatem,
1964 3070 2169 3115 tamquam
2198 3066 2370 3099 vocatus
2385 3053 2436 3097 ad

1409 3121 1773 3179 primogenituram
1798 3118 2054 3174 pradiclam,
2073 3117 2129 3159 de
2149 3115 2330 3172 praesenti
2346 3113 2439 3168 pos-

1409 3181 1543 3234 sidet,
1573 3180 1752 3237 quaedam
1780 3180 1885 3222 bona
1915 3176 2067 3222 stabilia
2093 3175 2258 3232 majoris
2284 3172 2436 3215 valoris

1406 3242 1448 3283 in
1467 3250 1752 3297 proprietate,
1783 3237 2027 3295 majorisque
2052 3236 2178 3278 etlam
2202 3231 2320 3276 annui
2346 3229 2437 3274 red·-

1403 3299 1541 3351 ditas,
1565 3313 1685 3356 quam
1707 3297 1941 3353 pradictum
1956 3300 2118 3349 Corpus
2146 3304 2349 3334 terrarum
2365 3290 2436 3339 ,in

1404 3359 1555 3402 eodem
1596 3357 1830 3401 Territorio
1865 3355 2061 3400 Civitatis
2094 3350 2290 3400 castelli,
2322 3348 2436 3405 juxta

1404 3417 1493 3462 suos
1523 3419 1681 3475 pariter
1711 3426 1830 3460 notos
1860 3414 1962 3459 fines
1987 3415 2084 3461 lita,
2113 3412 2154 3452 δι
2177 3409 2225 3452 ad
2253 3407 2293 3450 se
2327 3408 2437 3464 legi·

1404 3477 1530 3526 time,
1556 3479 1594 3520 δι
1618 3474 1749 3519 liberi:
1765 3473 1983 3531 specstantia
1998 3499 2013 3520 ,
2030 3483 2106 3512 nec
2129 3467 2202 3510 ulli
2219 3466 2437 3510 fideicom-

1399 3535 1540 3589 miffo,
1559 3535 1720 3580 Canoni
1739 3534 1833 3585 ,vel
1849 3529 2109 3576 devolutioui
2122 3527 2296 3570 obnoxia
2313 3555 2327 3578 ‚
2348 3526 2435 3584 pri-

1401 3596 1664 3651 mogeniturae
1691 3593 1916 3650 ριέἀίέὶπ,
1946 3586 2112 3644 ejusque
2146 3585 2349 3635 vinculis,
2391 3585 2433 3627 in

1401 3655 1536 3697 locum
1564 3654 1751 3709 corporis
1775 3662 1976 3694 terrarum
2016 3644 2247 3704 hujusmodi
2282 3644 2430 3701 suppo·

1401 3726 1528 3766 nere,
1542 3715 1582 3755 δι
1597 3715 1820 3767 subrogare
1835 3718 1977 3764 parata
1990 3707 2036 3749 iit
2048 3718 2063 3749 ε
2095 3705 2227 3749 Nobis
2242 3715 2429 3762 propter.

1399 3787 1450 3815 ea
1471 3783 1554 3815 tam
1583 3771 1790 3829 praedistus
1820 3768 2008 3811 Marchio
2028 3769 2202 3825 joannes
2226 3763 2432 3819 Baptista...

1401 3834 1649 3890 Exponens,
1677 3833 1802 3888 quam
1824 3826 1938 3872 dieta
1959 3825 2162 3875 Moniales
2177 3853 2193 3878 ,
2223 3820 2432 3935 hunsiilgter

2311 3895 2334 3922 U
2366 3908 2379 3919 ς
