2710 4108
344 209 504 315 318

271 330 354 365 tam
375 323 481 365 circa
497 333 637 363 curam
649 346 663 370 ,
682 319 881 376 Regimen
897 345 909 369 ,
934 318 972 358 &
986 314 1301 358 admlnistratio·

1072 194 1597 286 Provincia

271 395 365 424 nem
383 379 477 421 dicti
492 378 725 422 Monasterii
739 393 812 434 per
822 374 1033 433 praesentes
1058 375 1216 422 erecti,
1251 372 1300 415 il·
1360 368 1610 423 Ecclefiam
1630 372 1801 423 Sanstae
1819 372 1985 426 Crucis
2000 373 2047 422 in
2064 370 2295 423 suburbio
2315 375 2398 424 Ci-

278 437 432 493 liusque
457 451 595 479 rerum
620 464 636 488 ,
676 438 953 490 bonorumque
982 434 1261 486 receptionem
1283 460 1305 488 ,-

269 496 573 545 admissionem,
600 495 844 551 qualitates,
870 506 995 535 onera
1017 521 1032 544 ,
1066 492 1103 532 &
1131 492 1296 535 servitia

270 554 460 601 Ministrae
475 554 710 598 Monialium
725 581 739 602 ,
767 555 804 594 &
818 549 1078 595 Personarum
1095 550 1134 592 in
1160 564 1211 593 eo
1225 562 1300 604 pro

270 624 459 668 tempore
470 613 708 669 degentium
722 608 1300 669 quaecumque‚otdinationes,

274 675 314 716 δι
331 672 470 716 statuta
485 701 502 723 ,
533 671 644 714 licita
666 679 801 713 tamen
817 696 830 719 ,
849 670 889 710 &
904 669 1064 710 honesta
1079 698 1094 720 ,
1112 683 1157 711 ac
1172 667 1302 711 Sacris

270 732 534 782 Canonibus,
567 731 607 771 &
632 728 811 773 Concilii
833 726 1062 769 Tridentini
1081 726 1271 770 Decretis
1288 754 1301 777 ,

271 788 468 845 dictisque
480 787 736 845 regularibus
754 786 939 830 institutis
965 799 1044 828 non
1072 785 1301 835 contraria,

272 850 324 892 ab
353 847 436 905 ipso
455 846 673 890 Ordinatio
695 845 951 902 approbanda
966 873 980 896 ,
1003 843 1237 891 condendi,
1261 844 1301 883 &

272 906 453 950 faciendi
469 935 483 956 ,
503 919 630 961 eaque
644 934 659 956 ,
675 905 879 960 postquam
895 902 1059 946 condita
1073 931 1088 954 ,
1117 905 1156 944 &
1173 900 1304 945 sasire,

271 966 441 1017 fuerint,
455 964 611 1020 quoties
626 977 702 1019 pro
715 964 904 1014 illorum,
915 976 958 1004 ac
973 975 1107 1003 rerum
1120 988 1133 1009 ,
1146 962 1186 1002 &
1200 970 1305 1002 tem-

274 1039 423 1082 porum
437 1023 633 1080 qualitate
649 1051 663 1073 ,
692 1021 757 1064 vel
785 1021 883 1064 alias
900 1019 1118 1075 expediens
1147 1018 1304 1061 videbi-

273 1095 368 1135 tur,
400 1081 609 1132 mutandi,
647 1080 879 1136 corrigendi
897 1107 911 1130 ,
940 1078 1216 1129 reformandi,
1244 1076 1304 1119 al-

277 1141 469 1193 terandi,
494 1139 752 1189 moderandi,
778 1140 881 1181 acin
913 1146 1032 1188 tom,
1059 1138 1125 1179 vel
1150 1146 1306 1192 parte)

272 1199 530 1251 revocandi,
553 1208 672 1253 atque
684 1198 759 1239 alia
776 1225 789 1248 ,
816 1207 862 1239 ut
887 1193 1128 1251 praesertur,
1159 1209 1306 1250 appro—

271 1258 451 1307 bandi,&
464 1256 518 1299 de
534 1269 641 1299 novo
657 1255 824 1308 edendi3
840 1267 999 1297 necnon
1015 1252 1197 1298 Ecclefiae
1211 1253 1309 1297 dieti

274 1316 504 1363 Monasterii
519 1341 534 1363 a
560 1328 634 1369 per
649 1313 864 1369 praesentes
879 1313 1004 1356 ereeti
1019 1341 1032 1364 ,
1048 1327 1120 1366 per
1146 1327 1307 1355 unum..-

275 1376 341 1421 vel
359 1375 498 1432 plures
513 1373 779 1428 Presbyter-os
795 1372 960 1415 idoneos
976 1371 1180 1414 saeculares
1198 1401 1212 1423 ,
1237 1371 1302 1414 vel

270 1433 503 1495 quorumvis
519 1431 717 1474 Ordinum
735 1432 960 1487 Regulares
977 1459 992 1483 ,
1011 1430 1061 1472 ad
1076 1445 1217 1474 eorum
1232 1445 1309 1473 nu-

274 1505 363 1537 tum
377 1493 585 1549 ponendos
600 1519 614 1543 ,
635 1492 677 1533 &
701 1491 950 1534 amovendos
966 1518 981 1541 ,
1014 1503 1060 1531 ac
1088 1490 1137 1534 ab
1159 1489 1305 1532 eodem

271 1551 490 1597 Ordinatio
509 1549 816 1607 approbandos,
845 1551 912 1606 qui
940 1550 1060 1592 etiam
1091 1549 1305 1599 Minisirae,

272 1610 512 1656 Monialium
529 1637 545 1659 ,
585 1609 625 1649 δι
642 1606 904 1651 Personarum
933 1609 1048 1664 ipsius
1070 1608 1302 1650 Monasterii

274 1685 350 1728 per
364 1667 577 1726 praesentes
604 1667 732 1709 erecti
748 1665 1012 1711 confeffiones
1029 1666 1171 1710 audire
1187 1696 1200 1718 ,
1226 1665 1304 1722 ejs-

273 1743 352 1786 que
379 1731 641 1770 Sacramenta
658 1725 933 1768 Ecclefiastica
952 1727 1174 1768 ministrare
1191 1724 1304 1767 licite

273 1785 418 1845 poffint
433 1815 447 1837 ,
475 1785 513 1827 in
528 1784 677 1828 divinis
695 1783 887 1827 deserviri
903 1785 1078 1828 faciendi
1097 1814 1110 1837 ,
1128 1786 1308 1841 plenam,

274 1846 495 1889 &liberam
523 1843 758 1894 licentiam,
787 1857 835 1886 ac
862 1843 1130 1895 facultatem,
1159 1843 1310 1886 eisdem

274 1903 515 1949 auctoritate
529 1930 543 1952 ,
579 1903 618 1943 δε
655 1913 798 1944 tenore
834 1903 1096 1945 concedimus
1124 1931 1136 1943 .
1181 1906 1310 1945 Non-v

276 1962 526 2006 obstantibus
553 1960 942 2013 Constitutionibus,
971 1963 1011 2002 &
1033 1960 1313 2003 ordinationi·

273 2023 349 2064 bus
366 2019 606 2074 Apostolicis
622 2046 637 2068 ,
663 2033 817 2061 necnon
835 2021 1034 2063 Ordinum
1049 2023 1198 2062 sanetae
1211 2017 1312 2060 Cla·

258 2089 327 2123 'rae
342 2108 357 2132 ,
388 2080 427 2119 &
448 2080 636 2121 Fratrum
650 2078 857 2120 Minorum
873 2077 1125 2133 hujusmodi,
1151 2077 1313 2119 etiam-2

275 2138 510 2197 iuramento
537 2138 613 2177 &c-
642 2136 798 2178 statutis
816 2164 830 2186 ,
853 2138 890 2177 δι
920 2135 1277 2179 consuetudinibus
1297 2166 1313 2188 ,

270 2196 497 2256 privilegiis
512 2193 832 2251 &c.Apost01icis
848 2195 1107 2246 ,illis,eorum
1120 2197 1314 2252 Superio-

272 2257 386 2300 ribus
405 2283 418 2306 ,
442 2256 482 2296 δε
498 2253 712 2304 Personis,
734 2255 803 2296 sub
819 2252 1134 2313 quibuscumque
1157 2254 1314 2296 tenori-

273 2317 377 2364 bus,
401 2314 441 2354 &
461 2310 626 2364 formis,
645 2328 690 2355 ac
714 2326 810 2355 cum
830 2313 1171 2368 quibusvis,etiam
1187 2313 1310 2355 dero-

278 2373 528 2434 gatoriarum
556 2371 828 2426 derogatoriis
844 2400 858 2423 ,
884 2371 1050 2428 aliisque
1074 2373 1310 2416 efficaciori-

266 2437 348 2478 ‘bus
360 2461 374 2482 ,
392 2429 615 2475 &insolitis
628 2429 813 2471 clausulis
827 2458 841 2480 ,
859 2444 1017 2473 necnon
1030 2432 1281 2475 irritantibus
1293 2459 1307 2482 ,

274 2491 416 2535 &aliis
435 2490 624 2532 Decretis
645 2490 684 2529 in
711 2502 895 2545 genere,
919 2490 983 2532 vel
1012 2490 1050 2532 in
1078 2491 1237 2547 specie,
1264 2504 1310 2532 ac

275 2550 377 2595 alias
404 2548 716 2604 quomodolibet
741 2549 891 2598 ,etiam
919 2550 1081 2591 iteratis
1131 2549 1312 2600 vicibus,

276 2608 496 2658 conceffis‚
524 2607 786 2662 approbatis,
817 2608 857 2647 δι
885 2609 1088 2650 innovatis
1109 2637 1120 2648 .
1152 2610 1313 2666 Qibus

276 2667 491 2716 omnibus,
523 2665 675 2707 etiamsi
696 2665 866 2713 deillis,
892 2681 1114 2723 eorumque
1131 2669 1228 2709 totis
1246 2678 1310 2709 te-

276 2726 443 2769 noribus
462 2724 672 2780 specialis,
703 2722 919 2778 specifica,
949 2723 1152 2780 expressa,
1180 2727 1220 2767 δι
1249 2727 1310 2767 in·

275 2785 469 2836 dividua,
489 2798 535 2825 ac
562 2782 614 2825 de
634 2782 762 2827 verbo
786 2783 835 2826 ad
852 2786 1048 2835 verbum,
1070 2798 1148 2826 non
1174 2794 1313 2826 autem

273 2858 348 2901 per
385 2842 581 2886 clausulas
621 2843 859 2896 generales,
888 2842 992 2886 idem
1020 2844 1313 2898 importantes,

273 2903 463 2952 mentio,
494 2904 561 2944 seu
591 2901 736 2955 quaevis
767 2900 844 2943 alia
872 2902 1072 2957 expreffio
1097 2902 1310 2954 habenda,

274 2970 345 3005 aut
379 2961 511 3016 aliqua
553 2957 629 3003 alia
666 2959 857 3015 exquisita
896 2962 1026 3003 forma
1054 2960 1104 3003 ad
1129 2961 1203 3003 hoc
1234 2959 1314 3003 ser·

278 3020 409 3063 vanda
425 3017 551 3070 esset,
580 3017 658 3060 illis
676 3019 773 3060 alias
792 3021 826 3061 in
857 3020 925 3062 suo
953 3022 1104 3063 robore
1122 3034 1310 3076 perman-

275 3079 402 3130 suris,
432 3080 506 3121 hac
537 3077 627 3119 vice
653 3076 851 3123 duntaxat
879 3079 1141 3135 specialiter,
1170 3080 1206 3120 δε
1241 3092 1309 3121 ex·-

274 3136 408 3193 presse
424 3137 667 3191 derogamus
682 3164 696 3186 ,
723 3137 951 3193 ceterisque
970 3137 1188 3179 contrariis
1215 3139 1308 3193 qui-

274 3196 520 3252 buscumque
535 3223 546 3235 .
579 3195 694 3237 Nulli
713 3208 816 3250 ergo
842 3196 1007 3239 omnino
1033 3197 1236 3238 hominum
1256 3196 1308 3239 li-

275 3266 368 3299 ceat
383 3257 487 3298 hanc
507 3253 692 3310 paginam
718 3255 858 3297 nostrae
887 3256 1132 3304 erectionis,
1156 3255 1313 3298 institu-

277 3315 394 3357 tionis
409 3343 423 3366 ,
451 3313 631 3362 indulti,
669 3313 929 3355 concessionis
945 3343 959 3364 ,
981 3314 1311 3370 &derogationis

282 3371 534 3428 infringere,
565 3371 631 3414 vel
659 3371 696 3413 ei
710 3373 786 3412 διε.
821 3373 1085 3415 incursurum.
1120 3375 1311 3415 Datum,

278 3433 444 3474 Tusculi
460 3431 888 3474 Annolncarnationis
909 3433 1129 3475 Dominicae
1142 3431 1310 3475 millesi-

274 3504 340 3532 mo
356 3489 672 3545 quingentesimo
688 3492 953 3544 octuagesimo
980 3502 1127 3547 quarto
1141 3520 1155 3543 ,
1182 3492 1309 3534 tertio

276 3549 422 3592 Kalen.
443 3548 541 3606 Maii
560 3577 575 3599 ,
597 3546 863 3593 Pontificatus
895 3550 1032 3594 Nostri
1068 3564 1175 3594 anno
1202 3551 1307 3594 duo-

274 3607 435 3650 decimo
452 3637 463 3648 .

334 3730 479 3781 Autog.
495 3726 536 3766 in
555 3726 713 3769 Archiv.
731 3727 939 3771 Bullarum
951 3757 966 3780 ,
981 3732 1174 3772 Secretar.
1192 3731 1307 3772 Brev.

391 3783 558 3842 Apostol.
575 3787 669 3841 Reg.
682 3788 799 3843 metgst
809 3788 862 3839 ὠ·
875 3790 972 3831 anni
980 3785 1194 3848 pud-fol.
1215 3788 1305 3832 106.

1429 445 1587 493 vitatis
1621 442 1951 502 Novariensis‚
1982 445 2096 493 olim
2141 441 2408 510 Praepositu-

1427 532 1525 563 ram
1545 511 1765 582 suppreffi
1783 515 1974 565 Ordinis
1994 518 2208 565 Fratrum
2229 517 2407 564 Humi-

1428 585 1646 634 liatorum
1665 620 1681 643 ,
1711 584 1946 635 Fratribus
1965 584 2094 634 dari:
2130 583 2399 635 transastio-

1433 673 1537 704 nem
1556 652 1744 722 desuper
1761 654 1927 704 fadiam
1946 653 2235 705 confirmari:
2264 654 2312 705 ὅ(
2330 654 2402 704 de·

1433 722 1580 774 festus
1610 729 1814 792 priorum
1853 726 2086 775 literarum
2124 724 2409 794 Apostolica-

1431 813 1536 845 rum
1564 793 1655 845 ἃς.
1689 793 1921 862 suppleri,
1964 797 2153 846 Vicario
2184 793 2400 865 Episcopi

1435 863 1734 916 Novarienfis
1749 867 1967 916 Generali
1985 868 2238 916 committit
2254 902 2267 914 .

1367 1008 1761 1058 CLEMENS
1836 1010 1941 1057 ΕΡ
1976 1007 2404 1075 lscorus

1637 1137 1786 1179 Servus
1812 1140 2034 1180 Servorum
2059 1135 2137 1180 Dei

1370 1252 1525 1297 Dur-&70
1539 1251 1645 1297 Filio
1667 1254 1815 1298 Vicario
1836 1252 2067 1298 Venerabilis
2082 1255 2244 1298 Fratris
2258 1252 2394 1308 Nostri

1396 1311 1573 1370 Episc'opi
1589 1312 1835 1368 Novaricnst's
1846 1316 1887 1354 in
1889 1313 2175 1368 spiritualibus
2192 1310 2377 1354 Generali

1426 1371 1606 1430 salutem
1620 1401 1634 1425 ,
1662 1372 1710 1420 ᾤ’
1727 1371 1984 1429 Apostolicam
1998 1371 2304 1415 Benedierioncm
2317 1399 2330 1411 .

1468 1490 1695 1547 Xinjunc'to
1712 1489 1838 1533 Nobis
1855 1491 2029 1547 desuper
2045 1487 2397 1533 PastoralisOfficii

1494 1549 1662 1600 debito,
1685 1549 1736 1591 ad
1762 1564 1808 1592 ea
1826 1549 2003 1592 libenter
2028 1547 2304 1594 intendimus,
2332 1560 2406 1603 per

1364 1622 1446 1663 quae
1466 1610 1601 1661 gratiae
1615 1610 1635 1651 a
1650 1609 1775 1650 Nobis
1791 1623 1867 1665 pro
1882 1608 2022 1651 Divini
2049 1608 2184 1650 cultus
2210 1619 2407 1661 augmen-

1364 1678 1410 1709 to
1425 1693 1440 1716 ‚
1464 1667 1504 1707 &
1519 1665 1776 1722 personarum
1794 1666 2161 1710 Ecclefiasticarum
2178 1664 2400 1720 quarumli—

1369 1725 1439 1767 bet
1455 1754 1469 1777 ,
1485 1724 1699 1780 praesertim
1712 1724 1780 1767 sub
1794 1725 1905 1768 suavi
1920 1725 2017 1783 jugo
2029 1723 2260 1781 Religionis
2273 1720 2402 1765 Altis-

1371 1784 1467 1825 simo
1480 1784 1764 1827 famulantium
1778 1785 1998 1827 commodo
2013 1783 2203 1827 conceflae
2214 1809 2228 1831 ,
2244 1781 2405 1825 sublatis

1372 1842 1675 1898 impedimentis
1688 1844 1962 1900 quibuslibet,
1978 1843 2090 1886 suum
2106 1842 2325 1884 sortiantur
2341 1839 2405 1883 ef-

1375 1899 1546 1950 festum,
1582 1904 1619 1943 &
1641 1901 1691 1945 ad
1721 1902 1764 1944 id
1795 1902 2006 1947 tendentia
2035 1900 2269 1958 Apostolica
2299 1913 2407 1942 man.

1372 1960 1466 2004 data
1490 1961 1632 2003 debite
1659 1973 1935 2016 exequantur.
1969 1961 2082 2004 Alias
2112 1959 2303 2016 fiquidem
2326 1961 2407 2001 Ec-

1373 2019 1489 2062 clesia
1505 2048 1520 2070 ,
1545 2020 1644 2062 olim
1673 2020 1931 2074 Praepofitura
1961 2023 2110 2065 Sanetae
2136 2020 2286 2062 Crucis
2302 2030 2404 2072 pro-

1374 2093 1425 2134 pe
1442 2092 1574 2121 muros
1591 2079 1782 2121 Civitatis
1799 2078 2021 2122 Novarien.
2051 2081 2090 2121 in
2121 2076 2310 2119 suburbio
2328 2075 2405 2119 Ci-

1374 2137 1523 2179 tatellae
1539 2150 1794 2192 nuncupato,
1826 2138 2011 2193 suppressi
2029 2137 2197 2180 Ordinis
2215 2138 2407 2178 Fratrum

1373 2196 1695 2238 Humiliatorum
1708 2226 1724 2246 ,
1738 2210 1822 2251 quae
1839 2208 1957 2239 antea
1972 2225 1986 2247 ,
2000 2197 2157 2240 Ordine
2173 2192 2407 2249 hujusmodi

1373 2256 1566 2310 omnique
1579 2253 1678 2295 statu
1694 2281 1708 2303 ,
1733 2256 1772 2295 &
1797 2253 1960 2298 essentia
1977 2254 2248 2311 Regularibus
2275 2253 2312 2294 in
2330 2266 2404 2302 ea,

1370 2315 1611 2357 auctoritate
1626 2312 1857 2368 Apostolica
1885 2316 2088 2368 perpetuo
2104 2310 2308 2368 suppressis
2323 2340 2338 2363 ,
2362 2313 2402 2352 &

1369 2374 1586 2423 extinCtis,
1611 2371 1796 2428 illiusque
1813 2373 2067 2425 redditibus,
2092 2374 2132 2413 &
2158 2372 2271 2414 bonis
2296 2369 2405 2413 Col-

1370 2433 1478 2486 legio
1496 2430 1748 2474 scholarium
1766 2432 2060 2474 Helvetiorum
2072 2426 2408 2473 Mediolanen.as-

1370 2491 1530 2546 signatis
1547 2516 1561 2539 ,
1577 2487 1835 2544 &applicatis
1875 2490 1915 2532 in
1947 2490 2226 2534 Parochialem
2255 2487 2404 2530 Eccle-

1371 2552 1466 2591 siam
1481 2577 1493 2600 ,
1507 2550 1530 2592 a
1544 2559 1640 2590 tunc
1658 2547 1854 2592 existente
1868 2550 2069 2605 Episcopo
2097 2548 2321 2591 Novarien.
2337 2551 2406 2586 ομ·

1373 2609 1527 2651 dinaria
1543 2607 1783 2650 auctoritate
1794 2612 1926 2652 erecta
1945 2608 2092 2659 fuerat,
2105 2609 2158 2654 δε,
2174 2617 2217 2648 ut
2247 2605 2402 2648 dietum

1374 2668 1447 2710 suit
1462 2695 1476 2717 ,
1503 2669 1711 2708 erectione
1738 2666 1963 2724 hujusmodi
1982 2666 2091 2709 suum
2119 2665 2303 2708 effectum
2320 2677 2400 2704 non

1373 2724 1539 2777 sortita,
1557 2727 1636 2768 fine
1649 2739 1746 2767 cura
1764 2724 2103 2780 remanserat,per
2120 2725 2288 2769 liberam
2303 2723 2403 2763 refi-

1377 2784 1607 2840 gnationem
1622 2783 1760 2826 dileffl
1777 2785 1868 2827 Filii
1886 2785 2094 2840 Augustini
2112 2780 2403 2832 Vezzini,olim

1376 2843 1489 2886 dietae
1507 2842 1693 2886 Ecclesiae
1711 2845 1896 2887 Restoris
1911 2872 1926 2895 ,
1952 2844 2005 2886 de
2022 2843 2091 2885 illa
2108 2872 2121 2895 ,
2153 2856 2272 2898 quam
2298 2851 2397 2883 tunc

1375 2903 1612 2950 obtinebat,
1650 2902 1691 2943 in
1734 2904 1914 2944 manibus
1950 2902 2092 2945 nostris
2119 2901 2259 2958 sponte
2277 2928 2290 2950 ,
2329 2911 2403 2954 pro

1375 2961 1680 3016 complemento
1695 2970 1832 3004 tamen
1847 2960 2116 3005 transastionis
2132 2989 2146 3012 ,
2173 2962 2211 3002 &
2238 2958 2288 3002 ad
2309 2955 2404 3000 effe-

1369 3023 1476 3062 &um
1491 3019 1794 3074 infrascriptum
1810 3019 1953 3064 fastam
1972 3049 1985 3070 ,
2012 3022 2051 3062 δι
2075 3017 2307 3068 admissam,
2332 3029 2404 3057 va-

1371 3090 1489 3122 cante
1505 3107 1520 3129 ,
1542 3094 1588 3121 ac
1616 3092 1689 3132 pro
1704 3090 1818 3135 parte
1835 3081 1932 3124 dieti
1955 3079 2188 3134 Augustini,
2213 3078 2253 3118 δε
2284 3074 2403 3117 Dile-

1368 3139 1525 3182 &orum
1559 3138 1755 3180 Filiorum
1770 3169 1784 3190 ,
1816 3138 2156 3188 communitatis,
2188 3138 2224 3178 &
2261 3134 2405 3176 Homi-

1368 3211 1463 3239 num
1479 3198 1674 3239 Civitatis
1696 3200 1920 3241 Novarien.
1938 3198 2067 3240 Nobis
2078 3195 2274 3252 exposito,
2288 3190 2401 3248 quod

1376 3255 1472 3298 disti
1491 3257 1796 3308 communitas,
1811 3259 1851 3299 δι
1868 3258 2082 3304 Homines,
2094 3252 2400 3297 considerantes

1372 3317 1550 3358 Domum
1566 3318 1754 3359 Fratrum
1770 3318 1974 3359 Minorum
1987 3315 2282 3369 Capucinorum
2297 3323 2404 3352 nun-

1368 3384 1604 3430 cupatorum
1619 3405 1634 3426 ,
1665 3375 1768 3430 apud
1786 3375 2008 3419 Ecclesiam
2024 3377 2153 3416 Beatae
2169 3371 2308 3412 Mariae
2322 3397 2335 3421 ‚
2347 3368 2407 3411 de.

1371 3433 1653 3477 Misericordia
1675 3435 1797 3477 etiam
1813 3443 2102 3490 nuncupatam,
2127 3439 2242 3472 extra
2256 3428 2402 3470 dietam

1369 3492 1594 3536 Civitatem
1612 3494 1724 3536 sitam
1739 3522 1754 3544 ,
1782 3493 1897 3536 nimis
1913 3491 2032 3547 longe
2049 3491 2099 3532 ab
2115 3503 2162 3531 ea
2179 3488 2403 3531 Civitate)

1369 3549 1520 3593 distare
1535 3581 1550 3603 ,
1576 3566 1624 3594 ac
1639 3553 1723 3594 vias
1738 3581 1754 3602 ,
1770 3551 1909 3607 quibus
1925 3551 2009 3592 itur
2022 3548 2071 3591 ad
2086 3548 2235 3592 dictam
2253 3545 2403 3589 Eccle-

1367 3611 1460 3652 fiam
1481 3612 1612 3654 Beatae
1628 3613 1764 3655 Mariae
1778 3610 1897 3652 valde
1920 3608 2126 3655 difficiles,
2153 3621 2198 3649 ac
2214 3617 2403 3662 tempore

1368 3671 1523 3724 hyemis
1540 3699 1554 3721 ,
1583 3685 1630 3713 ac
1641 3670 1865 3725 pluviarum
1888 3666 2174 3710 inaccesiibiles
2190 3663 2269 3708 esse
2286 3693 2300 3716 ,
2331 3666 2401 3707 ln-

1371 3730 1561 3786 colasque
1577 3728 1756 3781 ejusdem
1769 3728 1960 3771 Civitatis
1977 3755 1990 3777 ,
2003 3729 2044 3768 &
2061 3726 2170 3768 illius
2185 3723 2411 3768 suburbio·-

1366 3802 1484 3841 rum,
1507 3789 1559 3831 ob
1575 3786 1858 3832 difficultatem
1872 3786 2030 3829 itineris
2043 3815 2058 3839 ,
2085 3785 2329 3884 ρΙεωωςὲιε
2351 3778 2413 3823 ad·

2305 3854 2349 3881 c·-
