2762 4108
0 3700 7 3719 ω
0 3600 13 3676 τρι-ω
0 3534 12 3591 rw*
0 3494 9 3522 -m
0 3426 9 3485 ›err-„20

1055 197 1695 320 Bononiensis.

318 317 444 360 tribus
474 317 514 360 in
542 318 601 360 eis
628 310 847 371 respective
874 325 949 368 pro
975 322 1160 369 tempore
1189 320 1346 372 degen-

316 377 451 425 tibus,
477 385 522 420 ut
540 376 635 419 licet
651 376 816 416 Fratres
831 370 897 425 ipsi
916 372 1114 414 fenarium
1130 388 1343 417 numerum

2205 229 2378 326 245

1405 321 1465 377 gis
1484 323 1604 374 magis
1629 314 1969 368 respondentem,
1995 328 2041 358 ac
2066 331 2157 360 cum
2182 332 2340 371 majore
2366 319 2441 361 de-'

1404 392 1505 421 core
1531 378 1643 433 ipiius
1659 374 1824 418 Ordinis
1847 374 2090 429 provenire:
2124 377 2330 434 Nobisque
2347 391 2441 432 pro-

319 435 356 476 in
380 435 564 491 quolibet
580 429 803 476 eorundem
820 429 1098 486 Hospitiorum
1125 432 1347 486 respective
1408 446 1551 491 pterea
1578 436 1687 477 idem
1718 435 1960 475 Procurator
1986 434 2198 476 Generalis
2224 434 2439 492 supplicari

318 507 399 536 non
429 491 678 549 implerent,
706 488 964 530 nihilominus
997 490 1047 530 ab
1081 490 1346 534 omnimoda,
1407 492 1588 545 fecilset,
1618 491 1794 536 afferens
1816 500 1911 532 vota
1935 489 2030 532 dieu
2049 492 2201 546 Regis,
2231 507 2276 535 ac
2293 494 2441 537 Felicis

316 550 624 594 Ordinatiorum
649 544 907 603 prefatorum
932 545 1153 603 respective
1180 547 1343 602 jurisdi-

315 605 708 660 ctione,vilitatione
722 605 1031 658 ‚correctione,
1061 619 1186 657 cura,
1208 606 1249 646 &
1266 620 1341 662 gu-

315 666 457 709 bernio
480 674 671 721 exempta
694 692 709 715 ,
740 664 780 705 &
804 665 983 719 exempti
1008 664 1229 707 existerent
1250 690 1266 714 ,
1296 679 1340 707 ac

311 724 405 768 huic
434 726 475 766 S.
505 722 600 766 §edi
628 721 865 779 Apostolicae
892 723 1126 765 immediate
1154 722 1339 779 subjace-

309 792 430 834 rent,
461 796 537 825 nec
561 795 641 825 non
665 782 849 825 omnibus
866 811 880 835 ,
906 782 947 823 &
970 781 1135 839 lingulis
1164 781 1335 838 privile·

308 841 383 910 giis
397 867 413 891 ,
438 841 713 897 prerogativis
729 870 742 893 ,
761 841 1076 898 praeeminentiis
1090 866 1104 889 ,
1123 840 1281 896 gratiis,
1295 840 1336 881 δε

309 898 477 943 indultis
489 929 504 953 ‚
530 900 674 957 quibus
689 901 930 944 Conventus
949 899 1128 958 ejusdem
1143 898 1312 942 Ordinis
1323 926 1337 950 ,

305 959 345 999 ec
373 958 531 1002 Fratres
558 959 600 1001 io
627 959 685 1002 eis
708 968 1004 1003 commorantes
1035 968 1114 1002 tam
1140 957 1196 1001 de
1221 956 1340 1015 jure,

306 1015 373 1059 usu
389 1043 404 1066 ,
431 1019 472 1060 δι
495 1013 785 1061 consuetudine
800 1045 814 1068 ,
841 1017 962 1074 quim
984 1016 1083 1060 alitis
1108 1016 1339 1074 quomodo·

306 1076 408 1119 libet
433 1077 682 1128 utebantur,
714 1076 959 1119 fruebantur
975 1103 990 1126 ,
1020 1077 1057 1117 &
1082 1074 1338 1132 gaudebant,

308 1148 356 1177 ac
383 1135 472 1187 uti,
502 1133 618 1187 frui,
646 1137 686 1177 δι
719 1135 896 1191 gaudere
928 1146 1117 1191 poterant
1140 1163 1155 1186 ,
1185 1135 1225 1175 δι
1251 1132 1340 1191 pos-

306 1193 394 1236 sent
419 1195 459 1236 in
486 1191 669 1237 futurum
684 1222 697 1245 ,
720 1193 803 1250 pari
818 1191 939 1236 modo
954 1222 968 1245 ‚
998 1194 1038 1235 δι
1054 1191 1203 1250 absque
1224 1192 1339 1235 ulla...

304 1251 463 1308 prorsus
491 1250 722 1295 differentia
749 1251 842 1304 uti,
873 1249 979 1303 frui,
1013 1253 1052 1294 &
1079 1252 1262 1309 gaudere
1286 1249 1336 1292 li-

303 1309 426 1362 bere,
456 1311 496 1351 δι
520 1310 632 1353 licite
662 1307 842 1367 pnlsent,
872 1311 912 1352 8ι
941 1309 1158 1363 valerent,
1191 1319 1333 1353 aucto-

301 1369 427 1412 ritate
450 1367 641 1425 praedicta
664 1367 926 1412 con-temnus
948 1395 964 1418 ,
994 1370 1035 1411 δι
1061 1368 1297 1413 indulsimus
1322 1395 1336 1409 .

303 1432 365 1471 Ac
380 1427 544 1471 demum
563 1427 767 1472 Fratribus
781 1458 798 1480 ,
821 1428 863 1471 in
878 1429 1001 1472 dictis
1017 1427 1172 1473 duobus
1192 1426 1338 1483 Hospi-

301 1486 368 1528 tiis
398 1500 475 1542 pro
498 1497 684 1544 tempore
696 1489 1043 1531 commorantibus
1059 1519 1074 1541 ,
1099 1489 1194 1531 &in
1211 1492 1339 1532 Sacro

300 1546 612 1600 Presbyteratus
635 1547 794 1590 Ordine
819 1547 1045 1590 constitutis
1065 1576 1081 1600 ,
1104 1552 1335 1591 sacramen.

299 1603 406 1646 tales
417 1604 752 1648 Christifidelium
772 1605 1030 1649 Saecularium
1044 1605 1092 1650 ad
1111 1620 1181 1649 eos
1196 1620 1337 1650 recur-

298 1663 476 1706 rentium
490 1661 774 1707 Confessiones
790 1693 803 1717 ‚
831 1665 1054 1708 dummodo
1076 1675 1211 1708 tamen
1228 1665 1338 1722 prius

301 1720 353 1763 ad
377 1720 416 1763 id
438 1724 464 1766 a
489 1721 670 1767 locorum
685 1723 914 1767 Ordinariis
938 1722 1166 1780 respective
1187 1738 1336 1781 appro-

300 1779 385 1822 bati
412 1777 572 1824 fuiffent
588 1809 604 1834 ,
627 1780 851 1834 audiendi,
866 1779 1015 1838 eosque
1030 1784 1054 1826 ὲ
1069 1782 1142 1824 suis
1159 1784 1337 1839 peccatis

296 1838 549 1939 ¹ploeoitentia
573 1838 761 1890 salutari,
791 1839 958 1890 Stabis,
989 1841 1337 1899 quaeinjung›·nda

346 1891 461 1941 ilsent
480 1926 496 1950 ,
525 1898 584 1942 eis
604 1899 815 1955 injunctis,
831 1898 1069 1944 absolvendi
1098 1899 1340 1944 facultatem

299 1955 495 2012 impartiti
520 1959 678 2012 sumus;
710 1960 748 2002 &
767 1959 863 2004 alias
878 1969 1019 2015 ,prout
1048 1962 1087 2002 in
1107 1959 1250 2002 nostris
1267 1960 1340 2003 de·

295 2013 415 2071 super
439 2016 480 2058 in
497 2017 613 2060 fimili
641 2014 769 2060 forma
785 2019 928 2061 Brevis
953 2018 1155 2076 expeditis
1181 2020 1339 2069 literis,

296 2085 469 2129 quarum
494 2083 682 2119 tenorem
744 2075 974 2120 raesentibus
1002 2091 1077 2135 pro
1099 2079 1222 2135 plene
1243 2107 1258 2129 ,
1298 2078 1339 2118 δι

295 2130 544 2177 sufficienter
567 2148 693 2192 expre
725 2150 751 2176 o
770 2137 907 2179 haberi
928 2137 1109 2180 volumus
1126 2167 1140 2189 ,
1170 2136 1338 2181 uberius

297 2191 536 2235 continetur
547 2221 558 2234 .
576 2197 688 2238 Cum
703 2195 802 2236 verb
815 2194 1067 2250 postmodum
1082 2197 1253 2240 dilectus
1273 2195 1338 2236 Fi-

295 2249 376 2292 lius
401 2251 653 2294 Procurator
676 2252 892 2295 Generalis
921 2251 1135 2308 supradicti
1167 2252 1335 2296 Ordinis

293 2307 428 2351 Nobis
454 2310 601 2365 exponi
625 2307 803 2360 feciffet,
840 2309 947 2366 quod
962 2325 1043 2353 uno
1056 2325 1107 2355 ex
1121 2311 1236 2355 dietis
1254 2314 1336 2354 Ho-

293 2365 419 2422 spitiis
445 2365 526 2423 jam
552 2367 592 2408 in
617 2367 727 2410 disto
742 2368 906 2425 Oppido
937 2366 1137 2413 Varsaviae
1165 2373 1304 2414 cresto
1320 2395 1336 2418 ,

294 2425 432 2467 dilecti
468 2426 620 2482 pariter
635 2426 726 2470 Filii
754 2427 940 2471 Minister
970 2429 1262 2477 provincialis,
1293 2429 1332 2469 δι

295 2481 545 2527 Definitores
562 2483 791 2540 supradifta:
807 2486 1029 2529 Provinciae
1047 2487 1302 2531 Bononienfis
1317 2516 1331 2539 ‚

294 2541 358 2584 cui
385 2540 488 2586 dieb
507 2542 690 2599 Hospitia
707 2573 721 2596 ,
750 2555 797 2589 ut
823 2544 1034 2601 praefertur
1047 2547 1335 2599 ,subordinata

292 2610 411 2643 erant
428 2629 444 2653 ,
468 2602 1063 2660 experti,superintendentiam
1077 2605 1232 2662 praefati
1249 2608 1337 2649 Ho-

293 2659 402 2714 spitii
419 2659 500 2716 jam
515 2663 641 2704 erecti
656 2691 671 2715 ,
699 2660 1033 2707 &fundationem
1055 2664 1224 2709 alterius
1247 2677 1334 2708 rem

290 2718 360 2759 fibi
388 2714 467 2760 eise
486 2720 606 2764 valde
618 2720 827 2764 onerosam
840 2749 855 2772 ,
872 2733 956 2764 tum
971 2736 1140 2780 propter
1153 2737 1335 2778 magnam

292 2789 439 2819 eorum
469 2776 649 2820 locorum
675 2781 696 2822 a
719 2781 823 2822 dit‘ta
844 2781 1056 2825 Provincia
1081 2782 1306 2825 distantiam
1322 2808 1338 2832 ,

297 2835 339 2875 δι
370 2834 478 2891 quod
504 2837 667 2891 plenam
694 2852 865 2887 eorum,
892 2853 976 2896 quae
998 2842 1048 2884 ad
1076 2841 1234 2885 salubre
1263 2853 1338 2895 gu-

295 2893 482 2936 bernium
493 2893 924 2950 speaabant‚notitiam
941 2901 1090 2943 habere
1101 2901 1337 2955 nequirent,

296 2954 522 3008 tum,quod
542 2954 612 3009 ipsi
638 2953 834 3008 praedietis
850 2958 1046 3011 Hospitiis
1060 2958 1114 3001 de
1129 2957 1335 3002 Fratribus

294 3010 454 3052 tantum
479 3011 555 3054 suae
580 3012 806 3055 Provincia:
833 3013 1028 3069 prefatae,
1058 3015 1122 3060 fen
1150 3015 1330 3060 saltem

294 3070 517 3112 Provinciae
557 3070 810 3113 Lombardiae
850 3074 1069 3126 providere
1092 3075 1295 3118 deberent
1321 3100 1336 3124 ,

296 3127 406 3185 quod
448 3127 515 3171 sibi
542 3127 760 3171 admodum
787 3128 956 3172 difficile
989 3143 1079 3176 erat
1096 3162 1110 3185 ,
1135 3135 1175 3176 δι
1200 3132 1336 3188 magni

295 3187 544 3229 incommodi
560 3214 574 3238 ,
602 3188 852 3242 summopere
867 3187 1146 3234 desiderabant
1161 3191 1183 3233 a
1200 3190 1336 3247 super·

300 3244 550 3288 intendentia
575 3244 828 3301 hujusmodi,
857 3247 897 3288 δι
912 3249 1112 3304 gubernio
1134 3250 1334 3294 dictorum

295 3303 574 3359 Hospitiorum
590 3304 753 3347 liberari
771 3332 785 3355 ,
804 3318 935 3360 eaque
951 3307 1188 3363 relinquere
1202 3307 1335 3363 dispo-

297 3361 427 3406 sitioni
454 3363 716 3420 Superiorum
733 3363 1001 3407 Generalium
1026 3365 1122 3409 dieti
1145 3365 1335 3418 Ordinis,

296 3420 404 3463 unde
429 3432 598 3479 propter
623 3421 820 3475 majorem
850 3435 990 3465 eorum
1018 3426 1300 3468 auctoritatem
1318 3452 1332 3475 ,

295 3479 336 3520 ἀ
356 3479 466 3535 quod
494 3480 562 3523 fibi
578 3495 648 3523 eos
667 3482 827 3524 fratres
844 3494 895 3523 ex
911 3492 1001 3525 toto
1013 3485 1202 3539 Corpore
1219 3483 1333 3539 iplius

296 3538 459 3581 Ordinis
480 3537 677 3582 assumere
705 3539 916 3592 valerent,
941 3554 1041 3596 quos
1071 3542 1109 3584 ei
1133 3542 1192 3584 rei
1206 3542 1331 3596 magis

296 3594 412 3649 ap‘tos
439 3594 675 3651 judicaffent
701 3627 717 3649 ‚
755 3599 1027 3642 extimabatur
1051 3597 1332 3644 fundationem

300 3652 523 3709 hujusmodi
539 3655 590 3701 ‚a
613 3655 720 3699 dicto
738 3658 853 3711 Rege
876 3657 922 3700 ad
939 3656 1226 3713 perfectionem
1254 3658 1331 3713 jam

295 3711 386 3753 fere
422 3710 631 3755 adductam
649 3742 663 3766 ‚
689 3712 794 3770 poffe
821 3717 1038 3758 animarum
1068 3716 1179 3758 saluti
1206 3717 1333 3771 magis

300 3768 552 3827 proficuam,
578 3771 777 3829 zeloque,
805 3775 842 3815 &
868 3775 1012 3830 pietati
1039 3772 1218 3828 ejusdem
1248 3776 1335 3818 Re-

1401 550 1634 594 Cardinalis
1652 580 1666 603 ‚
1695 552 1735 592 δι
1763 550 2149 603 Compi-orestem,
2176 552 2215 591 δι
2244 553 2438 607 Superio-

1401 623 1491 651 rum
1509 608 1684 664 ipsorum
1717 607 2014 652 antedictorum
2041 608 2078 648 in
2110 606 2147 648 id
2164 621 2439 657 concurrere,

1402 677 1449 709 ut
1474 666 1602 708 deso,
1626 667 1856 710 Ministrum
1870 664 2171 709 Provincialem
2186 694 2201 717 ‚
2226 667 2265 706 δι
2286 665 2439 708 Defini-

1401 735 1516 767 tores
1543 726 1764 768 Provinciae
1779 723 2038 767 Bononiensis
2066 726 2087 766 a
2105 722 2442 774 superintenden-

1400 784 1481 835 tia,
1511 783 1552 825 δι
1576 784 1773 838 gubernio
1787 781 2066 838 Hospitiorum
2084 782 2310 838 hujusmodi
2339 782 2442 824 libe-

1400 855 1523 893 rare,
1554 855 1601 884 ac
1627 842 1709 894 ipsa
1725 841 1908 898 Hospitia
1934 840 2179 898 dispofitioni
2202 841 2443 885 diciorum-2

1400 901 1662 955 Super-iorum
1676 899 1943 944 Generalium
1957 901 2234 947 committere,
2249 899 2302 941 de
2320 901 2440 941 Beni-

1399 960 1556 1017 gnitate
1586 958 1820 1015 Apostolica
1856 959 2148 1016 dignaremur.
2181 962 2268 1001 Nos
2293 958 2443 1013 suppli·

1398 1033 1489 1062 cem
1513 1018 1699 1061 libellum
1727 1015 1952 1073 hujusmodi
1981 1018 2030 1062 ad
2057 1017 2441 1075 Congregationem

1400 1077 1708 1120 Venerabilium
1726 1079 1911 1121 Fratrum
1926 1077 2152 1119 nostrorum
2167 1077 2323 1120 s.R.E.
2337 1078 2443 1118 Car-

1399 1136 1596 1179 dinalium
1610 1137 1789 1192 negotiis
1803 1164 1818 1188 ,
1848 1137 1889 1178 &
1901 1135 2262 1179 consultationibus
2275 1135 2445 1189 Episco-

1400 1209 1547 1250 porum
1560 1221 1575 1244 ,
1588 1197 1629 1238 δι
1643 1195 1915 1251 Regularium
1932 1194 2175 1251 praepofitam
2191 1192 2413 1236 remiiimus
2425 1220 2439 1234 .

1398 1256 1531 1299 Porro
1545 1253 2225 1310 dietaCardinaliumCongregatio
2239 1266 2312 1307 per
2330 1252 2445 1295 suum

1401 1316 1630 1356 Decretum
1664 1313 1733 1357 die
1755 1329 1796 1368 3.
1818 1313 2005 1356 octobris
2030 1311 2213 1368 proxime
2245 1310 2445 1367 praeteriti

1398 1381 1658 1424 emanatum,
1685 1371 1859 1416 eundem
1882 1371 2103 1428 supplicem
2121 1369 2310 1414 libellum
2339 1369 2442 1420 fibi,

1397 1441 1443 1473 ut
1459 1428 1674 1486 praefertur
1687 1459 1701 1482 ,
1714 1434 1737 1476 a
1754 1431 1883 1474 Nobis
1899 1429 2099 1474 remissum
2116 1440 2348 1473 memorato
2366 1430 2443 1471 Fe-

1399 1490 1467 1533 lici
1483 1489 1723 1541 Cardinali,
1754 1490 2146 1545 &Comproteetori
2178 1486 2360 1538 remisit,
2393 1495 2445 1530 ut

1399 1548 1503 1592 veris
1527 1548 1786 1592 exilientibus
1812 1548 1984 1590 narratis
2009 1573 2024 1597 ,
2054 1548 2162 1591 circa
2204 1542 2445 1602 supradictas

1398 1608 1585 1652 Oratoris
1602 1621 1742 1663 preces
1758 1606 1797 1650 id
1818 1606 2013 1650 statueret
2026 1635 2042 1657 ,
2076 1604 2186 1662 quod
2203 1618 2278 1660 pro
2293 1605 2359 1645 suo
2374 1618 2445 1647 ar-

1399 1668 1526 1710 bitrio
1540 1694 1554 1719 ,
1577 1668 1618 1708 &
1639 1666 1854 1722 prudentia
1871 1666 1912 1707 in
1931 1665 2110 1708 Domino
2127 1663 2325 1720 expedire
2340 1676 2445 1705 cen-

1399 1724 1555 1770 suisset.
1593 1730 1652 1768 Ac
1675 1726 1842 1768 demum
1868 1725 2006 1767 dictus
2035 1723 2149 1767 Felix
2174 1721 2444 1773 Cardinalis,

1398 1788 1437 1829 &
1453 1783 2049 1839 Comprotector,auctoritate
2076 1782 2144 1824 fibi
2160 1780 2182 1824 a
2204 1782 2315 1823 dicta
2327 1783 2445 1822 Con·

1402 1844 1642 1903 gregatione
1683 1858 1755 1898 per
1787 1842 1873 1900 ejus
1906 1845 2131 1886 Decretum
2157 1840 2444 1883 antedictum..

1401 1901 1602 1948 attributa
1624 1929 1638 1952 ,
1683 1901 2052 1958 supramemoratus
2089 1899 2317 1944 Ministrum
2345 1902 2445 1942 Pro-

1401 1963 1636 2014 vincirxiem,
1651 1963 1687 2003 &
1709 1960 1959 2004 Definitores
1975 1960 2200 2003 Provinciae
2212 1957 2443 2000 Bononien-

1401 2020 1447 2063 fis
1462 2046 1477 2069 ,
1504 2022 1545 2061 δι
1568 2020 1741 2062 Ordinis
1759 2019 1985 2077 hujusmodi
2009 2020 2222 2075 praesentes
2235 2045 2251 2069 ,
2277 2017 2318 2058 δε
2335 2014 2443 2058 futu·

1400 2094 1492 2130 ros,
1518 2078 1538 2120 a
1565 2078 1852 2133 superioritate
1868 2106 1883 2129 ,
1910 2080 1947 2120 δι
1965 2077 2167 2133 gubernio
2191 2085 2444 2116 memorato-

1402 2153 1489 2183 rum
1522 2136 1797 2192 Hofpitiorum
1815 2136 1948 2191 Regni
1965 2135 2144 2179 Polooiae
2166 2133 2340 2176 absolvit
2357 2163 2372 2183 ‚
2400 2133 2442 2173 δε

1401 2196 1594 2241 liberavit
1614 2223 1629 2246 ,
1661 2194 1887 2251 eademque
1914 2193 2100 2250 Hospitia
2130 2191 2440 2247 superioritati,

1397 2258 1438 2298 δι
1463 2254 1663 2311 gubernio
1688 2254 1949 2308 superiorum
1969 2251 2238 2295 Generalium
2259 2250 2442 2309 ejusdem

1398 2313 1565 2357 Ordinis
1599 2326 1672 2368 pro
1699 2323 1888 2368 tempore
1927 2310 2187 2354 existentium
2212 2309 2440 2357 commisit,

1400 2371 1567 2428 subjecit
1582 2399 1597 2423 ,
1612 2372 1653 2412 &
1668 2370 1968 2413 commendavit
1983 2398 1998 2420 ,
2017 2371 2059 2411 δι
2072 2368 2188 2420 alias,
2205 2379 2326 2422 prout
2342 2367 2442 2411 ube-

1395 2430 1477 2474 rius
1505 2432 1545 2472 in
1574 2429 1661 2487 ejus
1686 2432 1870 2472 Decreto
1884 2429 2122 2471 continetur
2145 2426 2322 2483 desuper
2345 2427 2440 2469 edi-

1397 2484 2439 2600 &34:33ss’02:301‘22‘532’:2251225013123232'3

1395 2610 1438 2651 S.
1455 2606 1572 2649 R-E-
1598 2604 1831 2647 Cardinalis
1848 2602 2136 2659 Rospigliolius
2147 2602 2315 2645 Ordinis
2340 2603 2440 2645 Fra-

1397 2677 1504 2708 trum
1531 2664 1834 2717 Capucinorum
1861 2661 1968 2714 apud
1999 2660 2209 2703 S-Sedem
2232 2659 2439 2715 Apostoli·

1398 2737 1487 2766 cam
1503 2724 1823 2775 Comprotector
1838 2743 1852 2766 ,
1884 2718 2142 2761 Auctoritate
2157 2717 2287 2760 Nobis
2312 2716 2350 2758 in
2371 2730 2437 2759 re-

1399 2779 1618 2833 troscripto
1634 2779 1816 2819 Decreto
1832 2777 1953 2832 ὅπως
1969 2775 2310 2831 Congregationis
2329 2774 2437 2817 Emi.

1399 2835 1721 2882 nentiffimorum
1739 2864 1755 2886 ,
1769 2835 1809 2876 8ι
1822 2833 2260 2878 Reverendiffimorum
2277 2833 2433 2876 S.R.E.

1398 2895 1676 2940 Cardioalium
1691 2893 1868 2947 negotiis
1882 2920 1897 2943 ,
1912 2893 1952 2934 δι
1966 2891 2326 2935 consultationibus
2344 2891 2434 2947 Epi.

1397 2955 1608 3010 scoporum
1621 2981 1635 3003 ,
1647 2954 1687 2993 δι
1705 2951 1972 3006 Regularium
1987 2949 2214 3005 praepofitae,
2236 2952 2314 2993 PP.
2330 2951 2435 2991 Pro-

1396 3012 1631 3062 vincialem,
1643 3012 1683 3052 δι
1700 3008 1953 3052 Definitores
1969 3010 2188 3051 Provinciae
2201 3007 2433 3051 Bononien-

1397 3071 1441 3114 fis
1469 3071 1570 3114 dicti
1589 3068 1756 3112 Ordinis
1785 3069 1973 3110 Fratrum
2001 3068 2303 3123 Capucinorum
2332 3079 2432 3120 prae-

1395 3129 1556 3180 sentes,
1585 3129 1625 3170 δι
1654 3127 1810 3169 futuros
1837 3125 1858 3167 a
1888 3124 2197 3180 superioritate‚
2222 3128 2259 3167 &
2283 3125 2432 3178 guber·

1396 3190 1464 3231 nio
1476 3196 1794 3230 memoratorum
1807 3187 2126 3234 Conventuum,
2141 3187 2205 3227 seu
2224 3183 2431 3237 Hospitio·

1395 3261 1481 3290 rum
1499 3246 1631 3302 Regni
1649 3243 1823 3286 Polonioe
1840 3272 1853 3294 ,
1866 3254 2010 3286 tenore
2035 3243 2281 3297 praesentium
2302 3239 2434 3283 absol-

1397 3307 1531 3350 vimus
1545 3333 1558 3354 ,
1577 3306 1614 3345 &
1633 3303 1852 3345 liberamus
1865 3330 1879 3353 ‚
1897 3300 2142 3357 eosdemque
2159 3304 2399 3342 Conventus
2413 3327 2430 3351 ‚

1396 3363 1460 3406 seu
1480 3362 1663 3417 Hospitia
1686 3361 1959 3417 superioritati
1975 3388 1990 3410 ,
2021 3361 2061 3401 δι
2076 3357 2276 3416 gubernio
2287 3358 2431 3400 admo-

1392 3422 1491 3465 dum
1522 3423 1619 3464 RR.
1641 3422 1808 3463 Patrum
1840 3418 2099 3474 superiorum
2123 3415 2430 3460 Generalium...

1393 3481 1489 3524 dieii
1516 3479 1686 3523 Ordinis
1718 3493 1791 3534 pro
1817 3489 2002 3533 tempore
2031 3474 2290 3518 exilientium
2313 3489 2427 3519 com·

1393 3539 1588 3582 mittimus
1601 3567 1616 3589 ,
1647 3535 1873 3592 subjicimus
1887 3565 1901 3587 ‚
1927 3537 1964 3576 8(
1982 3532 2324 3585 commendamus,
2338 3534 2430 3589 qui-

1394 3596 1627 3650 buscunque
1657 3610 1736 3638 non
1762 3594 2011 3638 obstantibus
2028 3621 2038 3632 .
2073 3594 2226 3634 Datum
2254 3606 2304 3634 ex
2326 3592 2426 3634 aedi-

1394 3659 1469 3699 bus
1494 3655 1632 3697 nostris
1648 3655 1721 3696 hac
1748 3654 1816 3695 die
1838 3666 1899 3696 ια.
1920 3652 2166 3694 Novembris
2189 3651 2309 3701 1687.
2335 3651 2425 3693 Fel-

1393 3714 1521 3758 Card.
1538 3710 1820 3769 Rospigliofius
1835 3713 2148 3764 Convprotefior
2163 3711 2205 3752 1..
2216 3710 2287 3766 ᾧ.
2301 3712 2340 3751 S.

1451 3776 1558 3816 Cum
1582 3782 1745 3824 autem,
1762 3771 1861 3813 sicut
1876 3768 1985 3812 idem
2009 3767 2252 3827 supradictus
2274 3771 2424 3865 Ptrocu·

2252 3840 2294 3869 ra
2316 3838 2364 3867 or
