<?xml version="1.0" encoding="UTF-8"?>
<!DOCTYPE html PUBLIC "-//W3C//DTD XHTML 1.0 Transitional//EN"
    "http://www.w3.org/TR/xhtml1/DTD/xhtml1-transitional.dtd">
<html xmlns="http://www.w3.org/1999/xhtml" xml:lang="en" lang="en">
 <head>
  <title>
</title>
<meta http-equiv="Content-Type" content="text/html;charset=utf-8" />
  <meta name='ocr-system' content='tesseract 3.04.00' />
  <meta name='ocr-capabilities' content='ocr_page ocr_carea ocr_par ocr_line ocrx_word'/>
</head>
<body>
  <div class='ocr_page' id='page_1' title='image "./bullariumordinis02cath/bullariumordinis02cath_0264.png"; bbox 0 0 2774 4068; ppageno 0'>
   <div class='ocr_carea' id='block_1_1' title="bbox 374 213 549 302">
    <p class='ocr_par' dir='ltr' id='par_1_1' title="bbox 374 213 549 302">
     <span class='ocr_line' id='line_1_1' title="bbox 374 213 549 302; baseline 0 -1"><span class='ocrx_word' id='word_1_1' title='bbox 374 213 549 302; x_wconf 78' lang='lat'>194</span> 
     </span>
    </p>
   </div>
   <div class='ocr_carea' id='block_1_2' title="bbox 1087 186 1646 277">
    <p class='ocr_par' dir='ltr' id='par_1_2' title="bbox 1087 186 1646 277">
     <span class='ocr_line' id='line_1_2' title="bbox 1087 186 1646 277; baseline -0.005 0"><span class='ocrx_word' id='word_1_2' title='bbox 1087 186 1646 277; x_wconf 72' lang='lat' dir='ltr'><em>Provincia</em></span> 
     </span>
    </p>
   </div>
   <div class='ocr_carea' id='block_1_3' title="bbox 280 296 2468 361">
    <p class='ocr_par' dir='ltr' id='par_1_3' title="bbox 280 296 2468 361">
     <span class='ocr_line' id='line_1_3' title="bbox 280 296 2468 361; baseline 0.001 -13"><span class='ocrx_word' id='word_1_3' title='bbox 280 296 285 303; x_wconf 61' lang='grc'><em>’</em></span> <span class='ocrx_word' id='word_1_4' title='bbox 321 303 420 348; x_wconf 89' lang='lat' dir='ltr'>loris</span> <span class='ocrx_word' id='word_1_5' title='bbox 449 322 487 349; x_wconf 84' lang='lat' dir='ltr'>in</span> <span class='ocrx_word' id='word_1_6' title='bbox 522 303 784 360; x_wconf 75' lang='lat' dir='ltr'>proprietate</span> <span class='ocrx_word' id='word_1_7' title='bbox 808 310 971 348; x_wconf 75' lang='lat' dir='ltr'>centum</span> <span class='ocrx_word' id='word_1_8' title='bbox 1001 299 1203 348; x_wconf 76' lang='lat' dir='ltr'>scutorum</span> <span class='ocrx_word' id='word_1_9' title='bbox 1230 317 1372 348; x_wconf 79' lang='lat' dir='ltr'>mone·</span> <span class='ocrx_word' id='word_1_10' title='bbox 1431 307 1667 356; x_wconf 83' lang='lat' dir='ltr'>utilitates,</span> <span class='ocrx_word' id='word_1_11' title='bbox 1695 306 1734 349; x_wconf 69' lang='lat'>8:</span> <span class='ocrx_word' id='word_1_12' title='bbox 1756 305 1969 350; x_wconf 85' lang='lat' dir='ltr'>commoda</span> <span class='ocrx_word' id='word_1_13' title='bbox 1994 312 2303 361; x_wconf 77' lang='lat' dir='ltr'><strong>procurantur,</strong></span> <span class='ocrx_word' id='word_1_14' title='bbox 2330 307 2468 352; x_wconf 82' lang='lat' dir='ltr'>liben-</span> 
     </span>
    </p>
   </div>
   <div class='ocr_carea' id='block_1_4' title="bbox 309 362 1367 2238">
    <p class='ocr_par' dir='ltr' id='par_1_4' title="bbox 309 362 1367 2238">
     <span class='ocr_line' id='line_1_4' title="bbox 318 362 1367 423; baseline 0.004 -19"><span class='ocrx_word' id='word_1_15' title='bbox 318 371 370 406; x_wconf 87' lang='lat' dir='ltr'>tae</span> <span class='ocrx_word' id='word_1_16' title='bbox 385 364 462 416; x_wconf 85' lang='lat' dir='ltr'>,ad</span> <span class='ocrx_word' id='word_1_17' title='bbox 489 364 712 408; x_wconf 76' lang='lat' dir='ltr'>Ecclesiam</span> <span class='ocrx_word' id='word_1_18' title='bbox 731 370 772 410; x_wconf 86' lang='lat' dir='ltr'>S.</span> <span class='ocrx_word' id='word_1_19' title='bbox 787 366 917 409; x_wconf 83' lang='lat' dir='ltr'>Luciae</span> <span class='ocrx_word' id='word_1_20' title='bbox 942 362 1122 423; x_wconf 88' lang='lat' dir='ltr'>ejusdem</span> <span class='ocrx_word' id='word_1_21' title='bbox 1145 367 1281 407; x_wconf 87' lang='lat' dir='ltr'>Terrae</span> <span class='ocrx_word' id='word_1_22' title='bbox 1307 366 1367 408; x_wconf 89' lang='lat' dir='ltr'>le·</span> 
     </span>
     <span class='ocr_line' id='line_1_5' title="bbox 317 421 1366 481; baseline 0.004 -18"><span class='ocrx_word' id='word_1_23' title='bbox 317 424 460 477; x_wconf 72' lang='lat' dir='ltr'>gitime</span> <span class='ocrx_word' id='word_1_24' title='bbox 501 421 706 478; x_wconf 64' lang='lat' dir='ltr'>spectante</span> <span class='ocrx_word' id='word_1_25' title='bbox 743 424 962 481; x_wconf 82' lang='lat' dir='ltr'>plurimum</span> <span class='ocrx_word' id='word_1_26' title='bbox 1003 424 1160 481; x_wconf 83' lang='lat' dir='ltr'>indiget</span> <span class='ocrx_word' id='word_1_27' title='bbox 1183 436 1198 477; x_wconf 84' lang='lat'>3</span> <span class='ocrx_word' id='word_1_28' title='bbox 1238 438 1366 480; x_wconf 85' lang='lat' dir='ltr'>quare</span> 
     </span>
     <span class='ocr_line' id='line_1_6' title="bbox 320 480 1365 540; baseline 0 -15"><span class='ocrx_word' id='word_1_29' title='bbox 320 481 453 525; x_wconf 88' lang='lat' dir='ltr'>Nobis</span> <span class='ocrx_word' id='word_1_30' title='bbox 473 482 683 526; x_wconf 84' lang='lat' dir='ltr'>humiliter</span> <span class='ocrx_word' id='word_1_31' title='bbox 697 481 906 540; x_wconf 87' lang='lat' dir='ltr'>supplicari</span> <span class='ocrx_word' id='word_1_32' title='bbox 923 480 1048 536; x_wconf 79' lang='lat' dir='ltr'>fecit,</span> <span class='ocrx_word' id='word_1_33' title='bbox 1075 493 1274 539; x_wconf 88' lang='lat' dir='ltr'>quatenus</span> <span class='ocrx_word' id='word_1_34' title='bbox 1291 482 1365 526; x_wconf 88' lang='lat' dir='ltr'>de-</span> 
     </span>
     <span class='ocr_line' id='line_1_7' title="bbox 317 538 1364 600; baseline 0.003 -18"><span class='ocrx_word' id='word_1_35' title='bbox 317 540 435 597; x_wconf 86' lang='lat' dir='ltr'>super</span> <span class='ocrx_word' id='word_1_36' title='bbox 454 551 523 591; x_wconf 84' lang='lat' dir='ltr'>,ut</span> <span class='ocrx_word' id='word_1_37' title='bbox 540 538 643 584; x_wconf 73' lang='lat' dir='ltr'>infra</span> <span class='ocrx_word' id='word_1_38' title='bbox 658 572 674 594; x_wconf 89' lang='lat'>,</span> <span class='ocrx_word' id='word_1_39' title='bbox 688 545 913 600; x_wconf 78' lang='lat' dir='ltr'>opportune</span> <span class='ocrx_word' id='word_1_40' title='bbox 930 543 1166 598; x_wconf 84' lang='lat' dir='ltr'>providere,</span> <span class='ocrx_word' id='word_1_41' title='bbox 1181 541 1235 584; x_wconf 90' lang='lat' dir='ltr'>de</span> <span class='ocrx_word' id='word_1_42' title='bbox 1250 542 1364 586; x_wconf 87' lang='lat' dir='ltr'>beni-</span> 
     </span>
     <span class='ocr_line' id='line_1_8' title="bbox 318 600 1362 657; baseline 0.003 -16"><span class='ocrx_word' id='word_1_43' title='bbox 318 600 723 655; x_wconf 4' lang='lat' dir='ltr'>gnitatqupostolica</span> <span class='ocrx_word' id='word_1_44' title='bbox 738 603 1003 657; x_wconf 85' lang='lat' dir='ltr'>dignaremur</span> <span class='ocrx_word' id='word_1_45' title='bbox 1015 631 1026 643; x_wconf 84' lang='lat'><strong>.</strong></span> <span class='ocrx_word' id='word_1_46' title='bbox 1059 605 1144 645; x_wconf 89' lang='lat' dir='ltr'>Nos</span> <span class='ocrx_word' id='word_1_47' title='bbox 1162 602 1285 656; x_wconf 81' lang='lat' dir='ltr'>igitui-</span> <span class='ocrx_word' id='word_1_48' title='bbox 1298 602 1362 644; x_wconf 91' lang='lat' dir='ltr'>di-</span> 
     </span>
     <span class='ocr_line' id='line_1_9' title="bbox 316 658 1361 717; baseline 0.005 -18"><span class='ocrx_word' id='word_1_49' title='bbox 316 662 426 700; x_wconf 68' lang='lat' dir='ltr'>c&#39;tum</span> <span class='ocrx_word' id='word_1_50' title='bbox 442 658 983 703; x_wconf 87' lang='lat' dir='ltr'>MinistrumProvincialem</span> <span class='ocrx_word' id='word_1_51' title='bbox 1010 659 1190 717; x_wconf 76' lang='lat' dir='ltr'>specialis</span> <span class='ocrx_word' id='word_1_52' title='bbox 1220 661 1361 717; x_wconf 83' lang='lat' dir='ltr'>gratiae</span> 
     </span>
     <span class='ocr_line' id='line_1_10' title="bbox 316 717 1357 776; baseline 0.001 -15"><span class='ocrx_word' id='word_1_53' title='bbox 316 717 459 761; x_wconf 80' lang='lat' dir='ltr'>favore</span> <span class='ocrx_word' id='word_1_54' title='bbox 487 719 674 775; x_wconf 76' lang='lat' dir='ltr'>prosequi</span> <span class='ocrx_word' id='word_1_55' title='bbox 708 720 923 770; x_wconf 74' lang='lat' dir='ltr'>volentes,</span> <span class='ocrx_word' id='word_1_56' title='bbox 954 721 992 761; x_wconf 90' lang='lat'>&amp;</span> <span class='ocrx_word' id='word_1_57' title='bbox 1017 724 1039 764; x_wconf 76' lang='lat' dir='ltr'>a</span> <span class='ocrx_word' id='word_1_58' title='bbox 1059 719 1258 776; x_wconf 84' lang='lat' dir='ltr'>quibusvis</span> <span class='ocrx_word' id='word_1_59' title='bbox 1279 722 1357 762; x_wconf 79' lang='lat' dir='ltr'>&amp;c-</span> 
     </span>
     <span class='ocr_line' id='line_1_11' title="bbox 316 775 1360 835; baseline 0.002 -17"><span class='ocrx_word' id='word_1_60' title='bbox 316 775 559 827; x_wconf 85' lang='lat' dir='ltr'>censentes,</span> <span class='ocrx_word' id='word_1_61' title='bbox 592 778 820 835; x_wconf 79' lang='lat' dir='ltr'>hujusmodi</span> <span class='ocrx_word' id='word_1_62' title='bbox 853 779 1210 835; x_wconf 78' lang='lat' dir='ltr'>supplicationibus</span> <span class='ocrx_word' id='word_1_63' title='bbox 1242 779 1360 822; x_wconf 92' lang='lat' dir='ltr'>incli-</span> 
     </span>
     <span class='ocr_line' id='line_1_12' title="bbox 315 836 1360 893; baseline 0 -13"><span class='ocrx_word' id='word_1_64' title='bbox 315 836 403 880; x_wconf 85' lang='lat' dir='ltr'>nati</span> <span class='ocrx_word' id='word_1_65' title='bbox 431 864 445 887; x_wconf 88' lang='lat'>,</span> <span class='ocrx_word' id='word_1_66' title='bbox 481 836 573 877; x_wconf 82' lang='lat' dir='ltr'>Tibi</span> <span class='ocrx_word' id='word_1_67' title='bbox 601 851 674 892; x_wconf 89' lang='lat' dir='ltr'>per</span> <span class='ocrx_word' id='word_1_68' title='bbox 703 838 916 893; x_wconf 74' lang='lat' dir='ltr'>praesentes</span> <span class='ocrx_word' id='word_1_69' title='bbox 951 838 1242 881; x_wconf 86' lang='lat' dir='ltr'>committimus</span> <span class='ocrx_word' id='word_1_70' title='bbox 1266 865 1280 888; x_wconf 82' lang='lat'>,</span> <span class='ocrx_word' id='word_1_71' title='bbox 1319 840 1360 880; x_wconf 90' lang='lat'>&amp;</span> 
     </span>
     <span class='ocr_line' id='line_1_13' title="bbox 316 894 1362 953; baseline 0.001 -17"><span class='ocrx_word' id='word_1_72' title='bbox 316 894 547 939; x_wconf 85' lang='lat' dir='ltr'>mandamus</span> <span class='ocrx_word' id='word_1_73' title='bbox 565 924 577 946; x_wconf 88' lang='lat'>,</span> <span class='ocrx_word' id='word_1_74' title='bbox 610 905 654 938; x_wconf 92' lang='lat' dir='ltr'>ut</span> <span class='ocrx_word' id='word_1_75' title='bbox 675 897 841 939; x_wconf 73' lang='lat' dir='ltr'>Ret‘tori</span> <span class='ocrx_word' id='word_1_76' title='bbox 866 896 979 939; x_wconf 70' lang='lat' dir='ltr'>dietae</span> <span class='ocrx_word' id='word_1_77' title='bbox 997 899 1184 939; x_wconf 71' lang='lat' dir='ltr'>Ecclesiae</span> <span class='ocrx_word' id='word_1_78' title='bbox 1205 897 1362 953; x_wconf 90' lang='lat' dir='ltr'>petium</span> 
     </span>
     <span class='ocr_line' id='line_1_14' title="bbox 317 953 1362 1011; baseline 0.001 -15"><span class='ocrx_word' id='word_1_79' title='bbox 317 964 433 996; x_wconf 82' lang='lat' dir='ltr'>terrae</span> <span class='ocrx_word' id='word_1_80' title='bbox 466 953 689 1011; x_wconf 87' lang='lat' dir='ltr'>hujusmodi</span> <span class='ocrx_word' id='word_1_81' title='bbox 723 958 966 998; x_wconf 89' lang='lat' dir='ltr'>Oeconomo</span> <span class='ocrx_word' id='word_1_82' title='bbox 992 955 1104 999; x_wconf 64' lang='lat' dir='ltr'>dietae</span> <span class='ocrx_word' id='word_1_83' title='bbox 1130 953 1284 997; x_wconf 64' lang='lat' dir='ltr'>Domus</span> <span class='ocrx_word' id='word_1_84' title='bbox 1310 955 1362 997; x_wconf 89' lang='lat' dir='ltr'>ad</span> 
     </span>
     <span class='ocr_line' id='line_1_15' title="bbox 321 1011 1362 1069; baseline -0.001 -14"><span class='ocrx_word' id='word_1_85' title='bbox 321 1011 507 1055; x_wconf 60' lang='lat' dir='ltr'>effectum</span> <span class='ocrx_word' id='word_1_86' title='bbox 526 1011 761 1069; x_wconf 82' lang='lat' dir='ltr'>praemiffum</span> <span class='ocrx_word' id='word_1_87' title='bbox 784 1015 1012 1066; x_wconf 86' lang='lat' dir='ltr'>vendendi,</span> <span class='ocrx_word' id='word_1_88' title='bbox 1043 1017 1080 1056; x_wconf 79' lang='grc' dir='ltr'>δι</span> <span class='ocrx_word' id='word_1_89' title='bbox 1094 1012 1295 1056; x_wconf 83' lang='lat' dir='ltr'>alienandi</span> <span class='ocrx_word' id='word_1_90' title='bbox 1315 1013 1362 1055; x_wconf 87' lang='lat' dir='ltr'>li·</span> 
     </span>
     <span class='ocr_line' id='line_1_16' title="bbox 316 1071 1362 1122; baseline -0.002 -8"><span class='ocrx_word' id='word_1_91' title='bbox 316 1072 494 1114; x_wconf 83' lang='lat' dir='ltr'>centiam</span> <span class='ocrx_word' id='word_1_92' title='bbox 510 1098 525 1121; x_wconf 66' lang='lat' dir='ltr'>a</span> <span class='ocrx_word' id='word_1_93' title='bbox 554 1073 802 1116; x_wconf 68' lang='lat' dir='ltr'>auctoritate</span> <span class='ocrx_word' id='word_1_94' title='bbox 828 1073 959 1114; x_wconf 81' lang='lat' dir='ltr'>nostra</span> <span class='ocrx_word' id='word_1_95' title='bbox 978 1073 1199 1122; x_wconf 78' lang='lat' dir='ltr'>concedas,</span> <span class='ocrx_word' id='word_1_96' title='bbox 1228 1074 1265 1113; x_wconf 72' lang='grc' dir='ltr'>δι</span> <span class='ocrx_word' id='word_1_97' title='bbox 1288 1071 1362 1112; x_wconf 91' lang='lat' dir='ltr'>im·</span> 
     </span>
     <span class='ocr_line' id='line_1_17' title="bbox 315 1129 1362 1187; baseline -0.003 -14"><span class='ocrx_word' id='word_1_98' title='bbox 315 1131 502 1187; x_wconf 84' lang='lat' dir='ltr'>partiaris</span> <span class='ocrx_word' id='word_1_99' title='bbox 520 1159 531 1171; x_wconf 93' lang='lat'>.</span> <span class='ocrx_word' id='word_1_100' title='bbox 561 1135 654 1174; x_wconf 87' lang='lat' dir='ltr'>Non</span> <span class='ocrx_word' id='word_1_101' title='bbox 671 1131 916 1174; x_wconf 89' lang='lat' dir='ltr'>obstantibus</span> <span class='ocrx_word' id='word_1_102' title='bbox 944 1129 1016 1172; x_wconf 89' lang='lat' dir='ltr'>fel.</span> <span class='ocrx_word' id='word_1_103' title='bbox 1045 1146 1131 1173; x_wconf 89' lang='lat' dir='ltr'>rec.</span> <span class='ocrx_word' id='word_1_104' title='bbox 1148 1129 1262 1173; x_wconf 86' lang='lat' dir='ltr'>Pauli</span> <span class='ocrx_word' id='word_1_105' title='bbox 1278 1132 1333 1171; x_wconf 90' lang='lat'>11.</span> <span class='ocrx_word' id='word_1_106' title='bbox 1348 1156 1362 1179; x_wconf 84' lang='lat'>,</span> 
     </span>
     <span class='ocr_line' id='line_1_18' title="bbox 314 1187 1361 1236; baseline -0.001 -5"><span class='ocrx_word' id='word_1_107' title='bbox 314 1191 356 1231; x_wconf 74' lang='grc' dir='ltr'>δι</span> <span class='ocrx_word' id='word_1_108' title='bbox 369 1189 540 1232; x_wconf 85' lang='lat' dir='ltr'>aliorum</span> <span class='ocrx_word' id='word_1_109' title='bbox 560 1191 839 1233; x_wconf 84' lang='lat' dir='ltr'>Romanorum</span> <span class='ocrx_word' id='word_1_110' title='bbox 854 1188 1116 1236; x_wconf 74' lang='lat' dir='ltr'>Pontificum,</span> <span class='ocrx_word' id='word_1_111' title='bbox 1132 1187 1361 1233; x_wconf 86' lang='lat' dir='ltr'>Praedeces-</span> 
     </span>
     <span class='ocr_line' id='line_1_19' title="bbox 315 1248 1363 1302; baseline 0 -12"><span class='ocrx_word' id='word_1_112' title='bbox 315 1248 448 1290; x_wconf 89' lang='lat' dir='ltr'>sorum</span> <span class='ocrx_word' id='word_1_113' title='bbox 465 1248 800 1302; x_wconf 84' lang='lat' dir='ltr'>Nostrorum‚de</span> <span class='ocrx_word' id='word_1_114' title='bbox 827 1250 945 1291; x_wconf 89' lang='lat' dir='ltr'>rebus</span> <span class='ocrx_word' id='word_1_115' title='bbox 963 1249 1150 1291; x_wconf 85' lang='lat' dir='ltr'>Ecclesiae</span> <span class='ocrx_word' id='word_1_116' title='bbox 1173 1262 1251 1291; x_wconf 89' lang='lat' dir='ltr'>non</span> <span class='ocrx_word' id='word_1_117' title='bbox 1267 1248 1363 1292; x_wconf 88' lang='lat' dir='ltr'>alie·-</span> 
     </span>
     <span class='ocr_line' id='line_1_20' title="bbox 313 1306 1366 1362; baseline 0.001 -12"><span class='ocrx_word' id='word_1_118' title='bbox 313 1306 487 1357; x_wconf 86' lang='lat' dir='ltr'>nandis,</span> <span class='ocrx_word' id='word_1_119' title='bbox 526 1306 690 1362; x_wconf 84' lang='lat' dir='ltr'>aliisque</span> <span class='ocrx_word' id='word_1_120' title='bbox 712 1308 1110 1356; x_wconf 73' lang='lat' dir='ltr'>constitutionibus,</span> <span class='ocrx_word' id='word_1_121' title='bbox 1133 1309 1172 1350; x_wconf 88' lang='lat'>&amp;</span> <span class='ocrx_word' id='word_1_122' title='bbox 1188 1308 1366 1351; x_wconf 86' lang='lat' dir='ltr'>Ordina-</span> 
     </span>
     <span class='ocr_line' id='line_1_21' title="bbox 313 1365 1361 1420; baseline 0.002 -12"><span class='ocrx_word' id='word_1_123' title='bbox 313 1366 494 1408; x_wconf 75' lang='lat' dir='ltr'>tionibus</span> <span class='ocrx_word' id='word_1_124' title='bbox 511 1365 763 1420; x_wconf 77' lang='lat' dir='ltr'>Apostolicis</span> <span class='ocrx_word' id='word_1_125' title='bbox 779 1393 794 1415; x_wconf 73' lang='lat'>,</span> <span class='ocrx_word' id='word_1_126' title='bbox 809 1381 970 1411; x_wconf 89' lang='lat' dir='ltr'>necnon</span> <span class='ocrx_word' id='word_1_127' title='bbox 984 1366 1171 1410; x_wconf 83' lang='lat' dir='ltr'>Ecclefiae</span> <span class='ocrx_word' id='word_1_128' title='bbox 1183 1395 1197 1419; x_wconf 87' lang='lat'>,</span> <span class='ocrx_word' id='word_1_129' title='bbox 1210 1381 1258 1410; x_wconf 85' lang='lat' dir='ltr'>ac</span> <span class='ocrx_word' id='word_1_130' title='bbox 1272 1369 1361 1410; x_wconf 91' lang='lat' dir='ltr'>Do-</span> 
     </span>
     <span class='ocr_line' id='line_1_22' title="bbox 312 1422 1363 1480; baseline 0.004 -15"><span class='ocrx_word' id='word_1_131' title='bbox 312 1422 400 1468; x_wconf 71' lang='lat' dir='ltr'>mus</span> <span class='ocrx_word' id='word_1_132' title='bbox 416 1454 431 1474; x_wconf 92' lang='lat'>,</span> <span class='ocrx_word' id='word_1_133' title='bbox 463 1425 502 1465; x_wconf 78' lang='grc' dir='ltr'>δι</span> <span class='ocrx_word' id='word_1_134' title='bbox 522 1425 688 1467; x_wconf 83' lang='lat' dir='ltr'>Ordinis</span> <span class='ocrx_word' id='word_1_135' title='bbox 724 1426 1006 1480; x_wconf 65' lang='lat' dir='ltr'>praediftorum</span> <span class='ocrx_word' id='word_1_136' title='bbox 1021 1455 1035 1479; x_wconf 90' lang='lat'>,</span> <span class='ocrx_word' id='word_1_137' title='bbox 1050 1427 1173 1476; x_wconf 71' lang='lat' dir='ltr'>etiam</span> <span class='ocrx_word' id='word_1_138' title='bbox 1189 1427 1268 1468; x_wconf 81' lang='lat' dir='ltr'>&amp;c-</span> <span class='ocrx_word' id='word_1_139' title='bbox 1295 1440 1363 1474; x_wconf 84' lang='lat' dir='ltr'>ro-</span> 
     </span>
     <span class='ocr_line' id='line_1_23' title="bbox 315 1483 1363 1538; baseline 0 -11"><span class='ocrx_word' id='word_1_140' title='bbox 315 1483 468 1527; x_wconf 88' lang='lat' dir='ltr'>boratis</span> <span class='ocrx_word' id='word_1_141' title='bbox 501 1484 654 1526; x_wconf 86' lang='lat' dir='ltr'>statutis</span> <span class='ocrx_word' id='word_1_142' title='bbox 670 1513 683 1535; x_wconf 87' lang='lat'>‚</span> <span class='ocrx_word' id='word_1_143' title='bbox 713 1486 753 1526; x_wconf 76' lang='grc' dir='ltr'>δε</span> <span class='ocrx_word' id='word_1_144' title='bbox 769 1485 1142 1529; x_wconf 80' lang='lat' dir='ltr'>consuetudinibus</span> <span class='ocrx_word' id='word_1_145' title='bbox 1157 1515 1172 1538; x_wconf 87' lang='lat'>,</span> <span class='ocrx_word' id='word_1_146' title='bbox 1189 1483 1363 1528; x_wconf 87' lang='lat' dir='ltr'>caeteris-</span> 
     </span>
     <span class='ocr_line' id='line_1_24' title="bbox 310 1542 1363 1601; baseline 0.003 -17"><span class='ocrx_word' id='word_1_147' title='bbox 310 1557 393 1601; x_wconf 83' lang='lat' dir='ltr'>que</span> <span class='ocrx_word' id='word_1_148' title='bbox 410 1543 627 1585; x_wconf 80' lang='lat' dir='ltr'>contrariis</span> <span class='ocrx_word' id='word_1_149' title='bbox 641 1542 943 1601; x_wconf 78' lang='lat' dir='ltr'>quibuscunque</span> <span class='ocrx_word' id='word_1_150' title='bbox 958 1573 970 1586; x_wconf 86' lang='lat'><strong>.</strong></span> <span class='ocrx_word' id='word_1_151' title='bbox 989 1545 1187 1588; x_wconf 76' lang='lat' dir='ltr'>Volumus</span> <span class='ocrx_word' id='word_1_152' title='bbox 1205 1554 1363 1598; x_wconf 83' lang='lat' dir='ltr'>autem,</span> 
     </span>
     <span class='ocr_line' id='line_1_25' title="bbox 310 1600 1360 1658; baseline 0.005 -16"><span class='ocrx_word' id='word_1_153' title='bbox 310 1600 420 1658; x_wconf 89' lang='lat' dir='ltr'>quod</span> <span class='ocrx_word' id='word_1_154' title='bbox 453 1603 632 1656; x_wconf 86' lang='lat' dir='ltr'>pretium</span> <span class='ocrx_word' id='word_1_155' title='bbox 661 1616 709 1644; x_wconf 88' lang='lat' dir='ltr'>ex</span> <span class='ocrx_word' id='word_1_156' title='bbox 745 1602 982 1646; x_wconf 87' lang='lat' dir='ltr'>venditione</span> <span class='ocrx_word' id='word_1_157' title='bbox 1006 1633 1021 1655; x_wconf 84' lang='lat'>‚</span> <span class='ocrx_word' id='word_1_158' title='bbox 1051 1606 1092 1646; x_wconf 92' lang='lat'>&amp;</span> <span class='ocrx_word' id='word_1_159' title='bbox 1113 1605 1360 1647; x_wconf 70' lang='lat' dir='ltr'>alienatione</span> 
     </span>
     <span class='ocr_line' id='line_1_26' title="bbox 313 1659 1361 1720; baseline 0.004 -18"><span class='ocrx_word' id='word_1_160' title='bbox 313 1660 412 1716; x_wconf 87' lang='lat' dir='ltr'>petii</span> <span class='ocrx_word' id='word_1_161' title='bbox 442 1670 559 1703; x_wconf 88' lang='lat' dir='ltr'>terrae</span> <span class='ocrx_word' id='word_1_162' title='bbox 591 1659 812 1714; x_wconf 81' lang='lat' dir='ltr'>hujusmodi</span> <span class='ocrx_word' id='word_1_163' title='bbox 831 1661 1224 1720; x_wconf 82' lang='lat' dir='ltr'>proveniens,penes</span> <span class='ocrx_word' id='word_1_164' title='bbox 1241 1666 1361 1706; x_wconf 87' lang='lat' dir='ltr'>Mon-</span> 
     </span>
     <span class='ocr_line' id='line_1_27' title="bbox 312 1719 1358 1777; baseline 0.003 -15"><span class='ocrx_word' id='word_1_165' title='bbox 312 1731 400 1762; x_wconf 84' lang='lat' dir='ltr'>tem</span> <span class='ocrx_word' id='word_1_166' title='bbox 417 1721 591 1764; x_wconf 82' lang='lat' dir='ltr'>Pietatis</span> <span class='ocrx_word' id='word_1_167' title='bbox 619 1719 736 1764; x_wconf 63' lang='lat' dir='ltr'>dietae</span> <span class='ocrx_word' id='word_1_168' title='bbox 754 1722 915 1773; x_wconf 84' lang='lat' dir='ltr'>Terrae,</span> <span class='ocrx_word' id='word_1_169' title='bbox 946 1720 1010 1765; x_wconf 90' lang='lat' dir='ltr'>seu</span> <span class='ocrx_word' id='word_1_170' title='bbox 1031 1722 1205 1777; x_wconf 85' lang='lat' dir='ltr'>aliquam</span> <span class='ocrx_word' id='word_1_171' title='bbox 1233 1721 1358 1765; x_wconf 89' lang='lat' dir='ltr'>aedem</span> 
     </span>
     <span class='ocr_line' id='line_1_28' title="bbox 312 1778 1357 1835; baseline 0.002 -14"><span class='ocrx_word' id='word_1_172' title='bbox 312 1780 478 1821; x_wconf 81' lang='lat' dir='ltr'>Sacram</span> <span class='ocrx_word' id='word_1_173' title='bbox 506 1778 671 1821; x_wconf 89' lang='lat' dir='ltr'>omnino</span> <span class='ocrx_word' id='word_1_174' title='bbox 693 1779 925 1835; x_wconf 72' lang='lat' dir='ltr'>deponatur</span> <span class='ocrx_word' id='word_1_175' title='bbox 946 1808 960 1831; x_wconf 79' lang='lat'>‚</span> <span class='ocrx_word' id='word_1_176' title='bbox 993 1780 1286 1831; x_wconf 85' lang='lat' dir='ltr'>necinde,nifi</span> <span class='ocrx_word' id='word_1_177' title='bbox 1308 1780 1357 1824; x_wconf 92' lang='lat' dir='ltr'>ad</span> 
     </span>
     <span class='ocr_line' id='line_1_29' title="bbox 310 1835 1358 1893; baseline 0.002 -14"><span class='ocrx_word' id='word_1_178' title='bbox 310 1835 530 1890; x_wconf 63' lang='lat' dir='ltr'>effectum,</span> <span class='ocrx_word' id='word_1_179' title='bbox 557 1838 658 1879; x_wconf 89' lang='lat' dir='ltr'>illud</span> <span class='ocrx_word' id='word_1_180' title='bbox 687 1839 724 1881; x_wconf 91' lang='lat' dir='ltr'>in</span> <span class='ocrx_word' id='word_1_181' title='bbox 743 1839 991 1893; x_wconf 87' lang='lat' dir='ltr'>emptionem</span> <span class='ocrx_word' id='word_1_182' title='bbox 1007 1838 1209 1882; x_wconf 89' lang='lat' dir='ltr'>bonorum</span> <span class='ocrx_word' id='word_1_183' title='bbox 1236 1839 1358 1882; x_wconf 78' lang='lat' dir='ltr'>stabi-</span> 
     </span>
     <span class='ocr_line' id='line_1_30' title="bbox 310 1894 1355 1944; baseline 0.003 -5"><span class='ocrx_word' id='word_1_184' title='bbox 310 1895 410 1939; x_wconf 87' lang='lat' dir='ltr'>lium</span> <span class='ocrx_word' id='word_1_185' title='bbox 440 1897 490 1938; x_wconf 90' lang='lat' dir='ltr'>ad</span> <span class='ocrx_word' id='word_1_186' title='bbox 514 1894 698 1939; x_wconf 86' lang='lat' dir='ltr'>favorem</span> <span class='ocrx_word' id='word_1_187' title='bbox 725 1896 836 1939; x_wconf 62' lang='lat' dir='ltr'>dietae</span> <span class='ocrx_word' id='word_1_188' title='bbox 857 1897 1042 1940; x_wconf 73' lang='lat' dir='ltr'>Ecclesiae</span> <span class='ocrx_word' id='word_1_189' title='bbox 1065 1899 1355 1944; x_wconf 73' lang='lat' dir='ltr'>convertendi,</span> 
     </span>
     <span class='ocr_line' id='line_1_31' title="bbox 309 1954 1355 2013; baseline 0.002 -16"><span class='ocrx_word' id='word_1_190' title='bbox 309 1955 493 1997; x_wconf 82' lang='lat' dir='ltr'>amoveri</span> <span class='ocrx_word' id='word_1_191' title='bbox 524 1954 637 2011; x_wconf 79' lang='lat' dir='ltr'>possit</span> <span class='ocrx_word' id='word_1_192' title='bbox 662 1984 674 1996; x_wconf 89' lang='lat'><strong>.</strong></span> <span class='ocrx_word' id='word_1_193' title='bbox 723 1957 876 1998; x_wconf 84' lang='lat' dir='ltr'>Datum</span> <span class='ocrx_word' id='word_1_194' title='bbox 907 1958 1047 1999; x_wconf 87' lang='lat' dir='ltr'>Romae</span> <span class='ocrx_word' id='word_1_195' title='bbox 1074 1957 1178 2013; x_wconf 89' lang='lat' dir='ltr'>apud</span> <span class='ocrx_word' id='word_1_196' title='bbox 1217 1960 1257 2001; x_wconf 88' lang='lat' dir='ltr'>S.</span> <span class='ocrx_word' id='word_1_197' title='bbox 1279 1958 1355 1999; x_wconf 91' lang='lat' dir='ltr'>Pe-</span> 
     </span>
     <span class='ocr_line' id='line_1_32' title="bbox 311 2012 1353 2067; baseline 0 -11"><span class='ocrx_word' id='word_1_198' title='bbox 311 2023 420 2056; x_wconf 85' lang='lat' dir='ltr'>trum</span> <span class='ocrx_word' id='word_1_199' title='bbox 437 2012 505 2055; x_wconf 89' lang='lat' dir='ltr'>sub</span> <span class='ocrx_word' id='word_1_200' title='bbox 523 2012 690 2059; x_wconf 87' lang='lat' dir='ltr'>Annulo</span> <span class='ocrx_word' id='word_1_201' title='bbox 702 2013 915 2059; x_wconf 75' lang='lat' dir='ltr'>Piscator-is</span> <span class='ocrx_word' id='word_1_202' title='bbox 933 2044 946 2067; x_wconf 87' lang='lat'>,</span> <span class='ocrx_word' id='word_1_203' title='bbox 973 2016 1050 2059; x_wconf 90' lang='lat' dir='ltr'>Die</span> <span class='ocrx_word' id='word_1_204' title='bbox 1063 2031 1112 2058; x_wconf 89' lang='lat' dir='ltr'>xv</span> <span class='ocrx_word' id='word_1_205' title='bbox 1125 2032 1156 2058; x_wconf 84' lang='lat' dir='ltr'>i.</span> <span class='ocrx_word' id='word_1_206' title='bbox 1174 2020 1353 2058; x_wconf 85' lang='lat' dir='ltr'>Decem-</span> 
     </span>
     <span class='ocr_line' id='line_1_33' title="bbox 311 2072 1352 2119; baseline 0.003 -3"><span class='ocrx_word' id='word_1_207' title='bbox 311 2072 394 2116; x_wconf 81' lang='lat' dir='ltr'>bris</span> <span class='ocrx_word' id='word_1_208' title='bbox 429 2087 463 2115; x_wconf 85' lang='lat' dir='ltr'><strong>M</strong></span> <span class='ocrx_word' id='word_1_209' title='bbox 479 2089 507 2118; x_wconf 83' lang='lat' dir='ltr'>o</span> <span class='ocrx_word' id='word_1_210' title='bbox 520 2087 545 2116; x_wconf 87' lang='lat' dir='ltr'>c</span> <span class='ocrx_word' id='word_1_211' title='bbox 559 2087 586 2116; x_wconf 85' lang='lat' dir='ltr'>x</span> <span class='ocrx_word' id='word_1_212' title='bbox 601 2087 623 2116; x_wconf 88' lang='lat' dir='ltr'>x</span> <span class='ocrx_word' id='word_1_213' title='bbox 636 2087 684 2116; x_wconf 85' lang='lat' dir='ltr'>vi</span> <span class='ocrx_word' id='word_1_214' title='bbox 697 2087 712 2115; x_wconf 87' lang='lat'>1</span> <span class='ocrx_word' id='word_1_215' title='bbox 725 2087 761 2116; x_wconf 83' lang='grc' dir='ltr'>ι.</span> <span class='ocrx_word' id='word_1_216' title='bbox 790 2072 1055 2119; x_wconf 85' lang='lat' dir='ltr'>Pontificatus</span> <span class='ocrx_word' id='word_1_217' title='bbox 1073 2075 1210 2119; x_wconf 85' lang='lat' dir='ltr'>Nostri</span> <span class='ocrx_word' id='word_1_218' title='bbox 1232 2077 1352 2119; x_wconf 91' lang='lat' dir='ltr'>Anno</span> 
     </span>
     <span class='ocr_line' id='line_1_34' title="bbox 310 2130 875 2175; baseline -0.002 0"><span class='ocrx_word' id='word_1_219' title='bbox 310 2130 425 2175; x_wconf 82' lang='lat' dir='ltr'>sexto</span> <span class='ocrx_word' id='word_1_220' title='bbox 442 2159 453 2172; x_wconf 89' lang='lat'><strong>.</strong></span> <span class='ocrx_word' id='word_1_221' title='bbox 865 2134 875 2143; x_wconf 86' lang='lat'>&#39;</span> 
     </span>
     <span class='ocr_line' id='line_1_35' title="bbox 851 2192 1234 2238; baseline -0.005 0"><span class='ocrx_word' id='word_1_222' title='bbox 851 2195 912 2238; x_wconf 90' lang='grc' dir='ltr'>Μ.</span> <span class='ocrx_word' id='word_1_223' title='bbox 926 2192 979 2236; x_wconf 90' lang='grc' dir='ltr'>Α.</span> <span class='ocrx_word' id='word_1_224' title='bbox 995 2192 1203 2236; x_wconf 88' lang='lat' dir='ltr'>Maraldus</span> <span class='ocrx_word' id='word_1_225' title='bbox 1222 2222 1234 2236; x_wconf 92' lang='lat'><strong>.</strong></span> 
     </span>
    </p>
   </div>
   <div class='ocr_carea' id='block_1_5' title="bbox 369 2302 1353 2431">
    <p class='ocr_par' dir='ltr' id='par_1_5' title="bbox 369 2302 1353 2431">
     <span class='ocr_line' id='line_1_36' title="bbox 369 2302 1353 2370; baseline 0 -18"><span class='ocrx_word' id='word_1_226' title='bbox 369 2311 518 2364; x_wconf 80' lang='lat' dir='ltr'>Autog.</span> <span class='ocrx_word' id='word_1_227' title='bbox 551 2313 594 2351; x_wconf 80' lang='lat' dir='ltr'>in</span> <span class='ocrx_word' id='word_1_228' title='bbox 623 2302 744 2355; x_wconf 72' lang='lat' dir='ltr'>Areb.</span> <span class='ocrx_word' id='word_1_229' title='bbox 777 2314 921 2354; x_wconf 83' lang='lat' dir='ltr'>secret.</span> <span class='ocrx_word' id='word_1_230' title='bbox 954 2314 1072 2353; x_wconf 80' lang='lat' dir='ltr'>Brev.</span> <span class='ocrx_word' id='word_1_231' title='bbox 1104 2311 1235 2370; x_wconf 78' lang='lat' dir='ltr'>qust.</span> <span class='ocrx_word' id='word_1_232' title='bbox 1256 2312 1353 2367; x_wconf 79' lang='lat' dir='ltr'>ch.</span> 
     </span>
     <span class='ocr_line' id='line_1_37' title="bbox 427 2366 1167 2431; baseline 0.003 -21"><span class='ocrx_word' id='word_1_233' title='bbox 427 2366 561 2421; x_wconf 81' lang='lat' dir='ltr'>mensts</span> <span class='ocrx_word' id='word_1_234' title='bbox 579 2395 594 2420; x_wconf 92' lang='lat'>,</span> <span class='ocrx_word' id='word_1_235' title='bbox 626 2368 679 2420; x_wconf 57' lang='grc' dir='ltr'>ὼε</span> <span class='ocrx_word' id='word_1_236' title='bbox 703 2373 798 2411; x_wconf 83' lang='lat' dir='ltr'>anni</span> <span class='ocrx_word' id='word_1_237' title='bbox 818 2371 947 2426; x_wconf 83' lang='lat' dir='ltr'>praed.</span> <span class='ocrx_word' id='word_1_238' title='bbox 971 2369 1055 2431; x_wconf 89' lang='lat' dir='ltr'>fol.</span> <span class='ocrx_word' id='word_1_239' title='bbox 1077 2383 1167 2414; x_wconf 83' lang='lat'>102.</span> 
     </span>
    </p>
   </div>
   <div class='ocr_carea' id='block_1_6' title="bbox 310 2505 1342 2524">
    <p class='ocr_par' dir='ltr' id='par_1_6' title="bbox 310 2505 1342 2524">
     <span class='ocr_line' id='line_1_38' title="bbox 310 2505 1342 2524; baseline 0.003 -4"><span class='ocrx_word' id='word_1_240' title='bbox 310 2505 908 2522; x_wconf 49' lang='lat' dir='ltr'><strong>*ffl———n—&#39;</strong></span> <span class='ocrx_word' id='word_1_241' title='bbox 912 2510 1342 2524; x_wconf 68' lang='lat' dir='ltr'>——o—-n——n</span> 
     </span>
    </p>
   </div>
   <div class='ocr_carea' id='block_1_7' title="bbox 314 2614 1352 3040">
    <p class='ocr_par' dir='ltr' id='par_1_7' title="bbox 314 2614 1352 3040">
     <span class='ocr_line' id='line_1_39' title="bbox 314 2614 1352 2686; baseline 0.003 -20"><span class='ocrx_word' id='word_1_242' title='bbox 314 2614 635 2667; x_wconf 82' lang='lat' dir='ltr'>Posseffionem</span> <span class='ocrx_word' id='word_1_243' title='bbox 663 2617 704 2665; x_wconf 87' lang='lat' dir='ltr'>le</span> <span class='ocrx_word' id='word_1_244' title='bbox 729 2614 898 2664; x_wconf 73' lang='lat' dir='ltr'>Cet-rete</span> <span class='ocrx_word' id='word_1_245' title='bbox 926 2632 1266 2686; x_wconf 85' lang='lat' dir='ltr'>nuncupatam,</span> <span class='ocrx_word' id='word_1_246' title='bbox 1301 2617 1352 2670; x_wconf 77' lang='grc' dir='ltr'>δε</span> 
     </span>
     <span class='ocr_line' id='line_1_40' title="bbox 388 2685 1348 2739; baseline 0.003 -3"><span class='ocrx_word' id='word_1_247' title='bbox 388 2686 446 2736; x_wconf 84' lang='lat' dir='ltr'>ad</span> <span class='ocrx_word' id='word_1_248' title='bbox 462 2685 795 2736; x_wconf 87' lang='lat' dir='ltr'>Monasterium</span> <span class='ocrx_word' id='word_1_249' title='bbox 814 2689 1095 2736; x_wconf 89' lang='lat' dir='ltr'>Monialium</span> <span class='ocrx_word' id='word_1_250' title='bbox 1116 2691 1273 2739; x_wconf 87' lang='lat' dir='ltr'>Terrae</span> <span class='ocrx_word' id='word_1_251' title='bbox 1291 2691 1348 2739; x_wconf 90' lang='lat' dir='ltr'>de</span> 
     </span>
     <span class='ocr_line' id='line_1_41' title="bbox 376 2754 1349 2825; baseline 0.001 -16"><span class='ocrx_word' id='word_1_252' title='bbox 376 2758 680 2809; x_wconf 88' lang='lat' dir='ltr'>Montecchio</span> <span class='ocrx_word' id='word_1_253' title='bbox 697 2754 971 2825; x_wconf 69' lang='lat' dir='ltr'>speftantem</span> <span class='ocrx_word' id='word_1_254' title='bbox 987 2775 1124 2817; x_wconf 90' lang='lat' dir='ltr'>,cum</span> <span class='ocrx_word' id='word_1_255' title='bbox 1150 2761 1248 2808; x_wconf 89' lang='lat' dir='ltr'>aliis</span> <span class='ocrx_word' id='word_1_256' title='bbox 1270 2761 1349 2810; x_wconf 92' lang='lat' dir='ltr'>bo-</span> 
     </span>
     <span class='ocr_line' id='line_1_42' title="bbox 379 2827 1348 2888; baseline 0.003 -11"><span class='ocrx_word' id='word_1_257' title='bbox 379 2829 449 2877; x_wconf 88' lang='lat' dir='ltr'>nis</span> <span class='ocrx_word' id='word_1_258' title='bbox 478 2827 708 2878; x_wconf 87' lang='lat' dir='ltr'>stabilibus</span> <span class='ocrx_word' id='word_1_259' title='bbox 734 2828 1128 2882; x_wconf 87' lang='lat' dir='ltr'>commodioribus</span> <span class='ocrx_word' id='word_1_260' title='bbox 1147 2865 1161 2888; x_wconf 88' lang='lat'>,</span> <span class='ocrx_word' id='word_1_261' title='bbox 1189 2829 1238 2882; x_wconf 65' lang='grc' dir='ltr'>ὅς</span> <span class='ocrx_word' id='word_1_262' title='bbox 1264 2833 1348 2880; x_wconf 87' lang='lat' dir='ltr'>uti·</span> 
     </span>
     <span class='ocr_line' id='line_1_43' title="bbox 376 2898 1347 2970; baseline 0.003 -21"><span class='ocrx_word' id='word_1_263' title='bbox 376 2898 569 2949; x_wconf 90' lang='lat' dir='ltr'>lioribus</span> <span class='ocrx_word' id='word_1_264' title='bbox 585 2901 869 2967; x_wconf 86' lang='lat' dir='ltr'>permutari,</span> <span class='ocrx_word' id='word_1_265' title='bbox 890 2898 1132 2969; x_wconf 84' lang='lat' dir='ltr'>Episcopo,</span> <span class='ocrx_word' id='word_1_266' title='bbox 1149 2898 1225 2952; x_wconf 90' lang='lat' dir='ltr'>seu</span> <span class='ocrx_word' id='word_1_267' title='bbox 1243 2905 1347 2970; x_wconf 68' lang='lat' dir='ltr'>Pre-</span> 
     </span>
     <span class='ocr_line' id='line_1_44' title="bbox 374 2967 1182 3040; baseline 0.001 -20"><span class='ocrx_word' id='word_1_268' title='bbox 374 2967 526 3040; x_wconf 87' lang='lat' dir='ltr'>pofito</span> <span class='ocrx_word' id='word_1_269' title='bbox 555 2969 867 3021; x_wconf 80' lang='lat' dir='ltr'>Camerinenfi</span> <span class='ocrx_word' id='word_1_270' title='bbox 900 2974 1152 3022; x_wconf 84' lang='lat' dir='ltr'>committit</span> <span class='ocrx_word' id='word_1_271' title='bbox 1170 3008 1182 3021; x_wconf 94' lang='lat'><em>.</em></span> 
     </span>
    </p>
   </div>
   <div class='ocr_carea' id='block_1_8' title="bbox 342 3110 1316 3276">
    <p class='ocr_par' dir='ltr' id='par_1_8' title="bbox 342 3110 1316 3276">
     <span class='ocr_line' id='line_1_45' title="bbox 342 3110 1316 3170; baseline 0.005 -17"><span class='ocrx_word' id='word_1_272' title='bbox 342 3110 562 3158; x_wconf 77' lang='lat' dir='ltr'>Venerabili</span> <span class='ocrx_word' id='word_1_273' title='bbox 591 3111 736 3156; x_wconf 86' lang='lat' dir='ltr'>Fratri</span> <span class='ocrx_word' id='word_1_274' title='bbox 754 3112 936 3168; x_wconf 77' lang='lat' dir='ltr'>Epist-opo</span> <span class='ocrx_word' id='word_1_275' title='bbox 953 3111 1243 3170; x_wconf 65' lang='lat' dir='ltr'>Camerini-nsi,</span> <span class='ocrx_word' id='word_1_276' title='bbox 1269 3127 1316 3159; x_wconf 81' lang='lat' dir='ltr'>ac</span> 
     </span>
     <span class='ocr_line' id='line_1_46' title="bbox 450 3170 1197 3276; baseline 0 -61"><span class='ocrx_word' id='word_1_277' title='bbox 450 3170 608 3215; x_wconf 69' lang='lat' dir='ltr'>Diletlo</span> <span class='ocrx_word' id='word_1_278' title='bbox 649 3172 991 3274; x_wconf 41' lang='lat' dir='ltr'>FiliCo-assgzssssfgo</span> <span class='ocrx_word' id='word_1_279' title='bbox 1005 3172 1197 3276; x_wconf 48' lang='lat' dir='ltr'>’Ecclesia</span> 
     </span>
    </p>
   </div>
   <div class='ocr_carea' id='block_1_9' title="bbox 308 3360 1344 3417">
    <p class='ocr_par' dir='ltr' id='par_1_9' title="bbox 308 3360 1344 3417">
     <span class='ocr_line' id='line_1_47' title="bbox 308 3360 1344 3417; baseline -0.005 -1"><span class='ocrx_word' id='word_1_280' title='bbox 308 3360 803 3417; x_wconf 87' lang='lat' dir='ltr'>URBANUS</span> <span class='ocrx_word' id='word_1_281' title='bbox 870 3363 1089 3415; x_wconf 88' lang='lat' dir='ltr'>PAPA</span> <span class='ocrx_word' id='word_1_282' title='bbox 1153 3363 1344 3412; x_wconf 89' lang='lat' dir='ltr'><strong>VIII.</strong></span> 
     </span>
    </p>
   </div>
   <div class='ocr_carea' id='block_1_10' title="bbox 313 3489 1343 3610">
    <p class='ocr_par' dir='ltr' id='par_1_10' title="bbox 313 3489 1343 3610">
     <span class='ocr_line' id='line_1_48' title="bbox 313 3489 1343 3551; baseline 0.001 -18"><span class='ocrx_word' id='word_1_283' title='bbox 313 3490 546 3534; x_wconf 73' lang='lat' dir='ltr'>Venerabilis</span> <span class='ocrx_word' id='word_1_284' title='bbox 574 3492 725 3535; x_wconf 79' lang='lat' dir='ltr'>Frater</span> <span class='ocrx_word' id='word_1_285' title='bbox 741 3518 756 3543; x_wconf 67' lang='lat'>2</span> <span class='ocrx_word' id='word_1_286' title='bbox 788 3490 842 3542; x_wconf 67' lang='grc' dir='ltr'>ὠ·</span> <span class='ocrx_word' id='word_1_287' title='bbox 858 3490 1013 3534; x_wconf 73' lang='grc' dir='ltr'><em>ΒὶΙεὲἵσ</em></span> <span class='ocrx_word' id='word_1_288' title='bbox 1041 3492 1125 3538; x_wconf 76' lang='grc' dir='ltr'>Ρὶἰὶ</span> <span class='ocrx_word' id='word_1_289' title='bbox 1142 3489 1343 3551; x_wconf 79' lang='lat' dir='ltr'>salutem,</span> 
     </span>
     <span class='ocr_line' id='line_1_49' title="bbox 482 3550 1168 3610; baseline -0.001 -15"><span class='ocrx_word' id='word_1_290' title='bbox 482 3550 534 3600; x_wconf 61' lang='grc' dir='ltr'>ὁ*</span> <span class='ocrx_word' id='word_1_291' title='bbox 552 3552 810 3610; x_wconf 72' lang='lat' dir='ltr'>qustoltcam</span> <span class='ocrx_word' id='word_1_292' title='bbox 836 3551 1140 3596; x_wconf 67' lang='lat' dir='ltr'>Benedimoncm</span> <span class='ocrx_word' id='word_1_293' title='bbox 1156 3578 1168 3594; x_wconf 83' lang='lat'><strong>.</strong></span> 
     </span>
    </p>
   </div>
   <div class='ocr_carea' id='block_1_11' title="bbox 305 3665 1339 3846">
    <p class='ocr_par' dir='ltr' id='par_1_11' title="bbox 305 3665 1339 3846">
     <span class='ocr_line' id='line_1_50' title="bbox 422 3665 1338 3726; baseline 0.009 -20"><span class='ocrx_word' id='word_1_294' title='bbox 422 3667 459 3707; x_wconf 87' lang='grc' dir='ltr'><strong>Χ</strong></span> <span class='ocrx_word' id='word_1_295' title='bbox 499 3665 673 3722; x_wconf 67' lang='lat' dir='ltr'>injuncto</span> <span class='ocrx_word' id='word_1_296' title='bbox 717 3668 849 3713; x_wconf 86' lang='lat' dir='ltr'>Nobis</span> <span class='ocrx_word' id='word_1_297' title='bbox 891 3667 1067 3725; x_wconf 83' lang='lat' dir='ltr'>desuper</span> <span class='ocrx_word' id='word_1_298' title='bbox 1099 3668 1338 3726; x_wconf 78' lang='lat' dir='ltr'>Apostolicae</span> 
     </span>
     <span class='ocr_line' id='line_1_51' title="bbox 435 3726 1339 3785; baseline 0.003 -18"><span class='ocrx_word' id='word_1_299' title='bbox 435 3726 651 3770; x_wconf 85' lang='lat' dir='ltr'>Servitutis</span> <span class='ocrx_word' id='word_1_300' title='bbox 683 3728 818 3770; x_wconf 84' lang='lat' dir='ltr'>officio</span> <span class='ocrx_word' id='word_1_301' title='bbox 842 3758 858 3780; x_wconf 89' lang='lat'>,</span> <span class='ocrx_word' id='word_1_302' title='bbox 900 3729 1219 3785; x_wconf 84' lang='lat' dir='ltr'>votisillis,per</span> <span class='ocrx_word' id='word_1_303' title='bbox 1250 3741 1339 3782; x_wconf 83' lang='lat' dir='ltr'>quae</span> 
     </span>
     <span class='ocr_line' id='line_1_52' title="bbox 305 3784 1338 3846; baseline 0.004 -20"><span class='ocrx_word' id='word_1_304' title='bbox 305 3784 676 3829; x_wconf 64' lang='lat' dir='ltr'>sanctimonialium</span> <span class='ocrx_word' id='word_1_305' title='bbox 691 3788 1027 3834; x_wconf 77' lang='lat' dir='ltr'>Monalicriorutu</span> <span class='ocrx_word' id='word_1_306' title='bbox 1060 3787 1338 3846; x_wconf 84' lang='lat' dir='ltr'>quorumlibet</span> 
     </span>
    </p>
   </div>
   <div class='ocr_carea' id='block_1_12' title="bbox 1399 364 2510 3781">
    <p class='ocr_par' dir='ltr' id='par_1_12' title="bbox 1399 364 2510 3781">
     <span class='ocr_line' id='line_1_53' title="bbox 1431 364 2461 422; baseline 0.001 -13"><span class='ocrx_word' id='word_1_307' title='bbox 1431 377 1496 409; x_wconf 82' lang='lat' dir='ltr'>ter</span> <span class='ocrx_word' id='word_1_308' title='bbox 1512 365 1754 413; x_wconf 78' lang='lat' dir='ltr'>annuimus,</span> <span class='ocrx_word' id='word_1_309' title='bbox 1783 379 1914 421; x_wconf 86' lang='lat' dir='ltr'>eaque</span> <span class='ocrx_word' id='word_1_310' title='bbox 1941 364 2145 409; x_wconf 87' lang='lat' dir='ltr'>favoribus</span> <span class='ocrx_word' id='word_1_311' title='bbox 2177 365 2461 422; x_wconf 82' lang='lat' dir='ltr'>prosequimur</span> 
     </span>
     <span class='ocr_line' id='line_1_54' title="bbox 1427 425 2462 483; baseline 0.002 -16"><span class='ocrx_word' id='word_1_312' title='bbox 1427 425 1667 482; x_wconf 86' lang='lat' dir='ltr'>opportunis</span> <span class='ocrx_word' id='word_1_313' title='bbox 1686 426 1956 480; x_wconf 79' lang='lat' dir='ltr'>..Expositum</span> <span class='ocrx_word' id='word_1_314' title='bbox 1971 425 2169 483; x_wconf 84' lang='lat' dir='ltr'>siquidem</span> <span class='ocrx_word' id='word_1_315' title='bbox 2183 425 2314 468; x_wconf 86' lang='lat' dir='ltr'>Nobis</span> <span class='ocrx_word' id='word_1_316' title='bbox 2332 439 2462 481; x_wconf 77' lang='lat' dir='ltr'>nuper</span> 
     </span>
     <span class='ocr_line' id='line_1_55' title="bbox 1427 483 2465 540; baseline 0.001 -14"><span class='ocrx_word' id='word_1_317' title='bbox 1427 483 1503 527; x_wconf 86' lang='lat' dir='ltr'>fuit</span> <span class='ocrx_word' id='word_1_318' title='bbox 1532 499 1605 540; x_wconf 92' lang='lat' dir='ltr'>pro</span> <span class='ocrx_word' id='word_1_319' title='bbox 1622 495 1739 540; x_wconf 83' lang='lat' dir='ltr'>parte</span> <span class='ocrx_word' id='word_1_320' title='bbox 1765 483 2006 526; x_wconf 60' lang='lat' dir='ltr'>dilectarum</span> <span class='ocrx_word' id='word_1_321' title='bbox 2032 485 2069 527; x_wconf 90' lang='lat' dir='ltr'>in</span> <span class='ocrx_word' id='word_1_322' title='bbox 2085 484 2248 528; x_wconf 84' lang='lat' dir='ltr'>Christo</span> <span class='ocrx_word' id='word_1_323' title='bbox 2269 484 2465 527; x_wconf 70' lang='lat' dir='ltr'>filiarum</span> 
     </span>
     <span class='ocr_line' id='line_1_56' title="bbox 1425 542 2463 595; baseline 0.001 -9"><span class='ocrx_word' id='word_1_324' title='bbox 1425 542 1647 595; x_wconf 81' lang='lat' dir='ltr'>Prioriffae,</span> <span class='ocrx_word' id='word_1_325' title='bbox 1677 545 1718 585; x_wconf 87' lang='lat'>&amp;</span> <span class='ocrx_word' id='word_1_326' title='bbox 1744 542 1987 585; x_wconf 82' lang='lat' dir='ltr'>Monialium</span> <span class='ocrx_word' id='word_1_327' title='bbox 2002 544 2235 587; x_wconf 82' lang='lat' dir='ltr'>Monasterii</span> <span class='ocrx_word' id='word_1_328' title='bbox 2268 546 2311 587; x_wconf 82' lang='lat' dir='ltr'>S.</span> <span class='ocrx_word' id='word_1_329' title='bbox 2326 543 2463 587; x_wconf 65' lang='lat' dir='ltr'>Clara·</span> 
     </span>
     <span class='ocr_line' id='line_1_57' title="bbox 1421 602 2464 659; baseline -0.002 -12"><span class='ocrx_word' id='word_1_330' title='bbox 1421 603 1724 659; x_wconf 83' lang='lat' dir='ltr'>Capucinarum</span> <span class='ocrx_word' id='word_1_331' title='bbox 1742 612 2067 655; x_wconf 88' lang='lat' dir='ltr'>nuncupatarum</span> <span class='ocrx_word' id='word_1_332' title='bbox 2080 630 2096 654; x_wconf 87' lang='lat'>,</span> <span class='ocrx_word' id='word_1_333' title='bbox 2110 605 2246 646; x_wconf 84' lang='lat' dir='ltr'>Terrae</span> <span class='ocrx_word' id='word_1_334' title='bbox 2272 602 2324 646; x_wconf 54' lang='lat' dir='ltr'>die</span> <span class='ocrx_word' id='word_1_335' title='bbox 2340 605 2464 646; x_wconf 89' lang='lat' dir='ltr'>Mon-</span> 
     </span>
     <span class='ocr_line' id='line_1_58' title="bbox 1421 659 2463 718; baseline 0 -14"><span class='ocrx_word' id='word_1_336' title='bbox 1421 662 1610 711; x_wconf 82' lang='lat' dir='ltr'>tecchio,</span> <span class='ocrx_word' id='word_1_337' title='bbox 1622 659 1918 702; x_wconf 81' lang='lat' dir='ltr'>Camerinensis</span> <span class='ocrx_word' id='word_1_338' title='bbox 1938 662 2135 703; x_wconf 85' lang='lat' dir='ltr'>Dioecefis</span> <span class='ocrx_word' id='word_1_339' title='bbox 2147 690 2162 712; x_wconf 85' lang='lat'>,</span> <span class='ocrx_word' id='word_1_340' title='bbox 2174 661 2402 718; x_wconf 80' lang='lat' dir='ltr'>quodipsae,</span> <span class='ocrx_word' id='word_1_341' title='bbox 2416 671 2463 704; x_wconf 88' lang='lat' dir='ltr'>ut</span> 
     </span>
     <span class='ocr_line' id='line_1_59' title="bbox 1420 717 2463 774; baseline -0.002 -10"><span class='ocrx_word' id='word_1_342' title='bbox 1420 735 1558 764; x_wconf 91' lang='lat' dir='ltr'>earum</span> <span class='ocrx_word' id='word_1_343' title='bbox 1575 720 1811 762; x_wconf 86' lang='lat' dir='ltr'>Monasterii</span> <span class='ocrx_word' id='word_1_344' title='bbox 1831 717 2058 774; x_wconf 84' lang='lat' dir='ltr'>hujusmodi</span> <span class='ocrx_word' id='word_1_345' title='bbox 2077 721 2354 767; x_wconf 83' lang='lat' dir='ltr'>conditionem</span> <span class='ocrx_word' id='word_1_346' title='bbox 2372 719 2463 764; x_wconf 86' lang='lat' dir='ltr'>effi-</span> 
     </span>
     <span class='ocr_line' id='line_1_60' title="bbox 1420 778 2460 833; baseline 0.001 -12"><span class='ocrx_word' id='word_1_347' title='bbox 1420 781 1530 822; x_wconf 86' lang='lat' dir='ltr'>ciant</span> <span class='ocrx_word' id='word_1_348' title='bbox 1565 780 1807 830; x_wconf 87' lang='lat' dir='ltr'>meliorem,</span> <span class='ocrx_word' id='word_1_349' title='bbox 1834 779 2050 833; x_wconf 89' lang='lat' dir='ltr'>quamdam</span> <span class='ocrx_word' id='word_1_350' title='bbox 2079 778 2354 833; x_wconf 75' lang='lat' dir='ltr'>possessionem</span> <span class='ocrx_word' id='word_1_351' title='bbox 2381 779 2460 822; x_wconf 66' lang='lat' dir='ltr'>und</span> 
     </span>
     <span class='ocr_line' id='line_1_61' title="bbox 1420 835 2459 894; baseline 0.001 -14"><span class='ocrx_word' id='word_1_352' title='bbox 1420 852 1513 880; x_wconf 90' lang='lat' dir='ltr'>cuin</span> <span class='ocrx_word' id='word_1_353' title='bbox 1539 839 1731 893; x_wconf 88' lang='lat' dir='ltr'>portione</span> <span class='ocrx_word' id='word_1_354' title='bbox 1755 835 1960 894; x_wconf 79' lang='lat' dir='ltr'>cujusdam</span> <span class='ocrx_word' id='word_1_355' title='bbox 1979 835 2196 881; x_wconf 80' lang='lat' dir='ltr'>Domt‘isad</span> <span class='ocrx_word' id='word_1_356' title='bbox 2222 840 2349 893; x_wconf 88' lang='lat' dir='ltr'>ipsum</span> <span class='ocrx_word' id='word_1_357' title='bbox 2366 841 2459 881; x_wconf 84' lang='lat' dir='ltr'>Mo-</span> 
     </span>
     <span class='ocr_line' id='line_1_62' title="bbox 1425 894 2459 951; baseline -0.002 -12"><span class='ocrx_word' id='word_1_358' title='bbox 1425 897 1642 949; x_wconf 84' lang='lat' dir='ltr'>nasterium</span> <span class='ocrx_word' id='word_1_359' title='bbox 1680 896 1861 951; x_wconf 78' lang='lat' dir='ltr'>legitime</span> <span class='ocrx_word' id='word_1_360' title='bbox 1901 894 2145 951; x_wconf 68' lang='lat' dir='ltr'>spectantem</span> <span class='ocrx_word' id='word_1_361' title='bbox 2181 897 2223 939; x_wconf 89' lang='lat' dir='ltr'>in</span> <span class='ocrx_word' id='word_1_362' title='bbox 2252 896 2459 941; x_wconf 86' lang='lat' dir='ltr'>vocabulo</span> 
     </span>
     <span class='ocr_line' id='line_1_63' title="bbox 1422 952 2465 1012; baseline 0 -14"><span class='ocrx_word' id='word_1_363' title='bbox 1422 958 1456 998; x_wconf 82' lang='lat' dir='ltr'>lc</span> <span class='ocrx_word' id='word_1_364' title='bbox 1474 959 1631 998; x_wconf 66' lang='lat' dir='ltr'>Cerri-te</span> <span class='ocrx_word' id='word_1_365' title='bbox 1646 953 2130 1010; x_wconf 59' lang='lat' dir='ltr'>nuncupata&#39;ssapacitatis</span> <span class='ocrx_word' id='word_1_366' title='bbox 2146 952 2344 998; x_wconf 85' lang='lat' dir='ltr'>somarum</span> <span class='ocrx_word' id='word_1_367' title='bbox 2361 970 2465 1012; x_wconf 89' lang='lat' dir='ltr'>qua-</span> 
     </span>
     <span class='ocr_line' id='line_1_64' title="bbox 1423 1012 2460 1070; baseline 0.001 -14"><span class='ocrx_word' id='word_1_368' title='bbox 1423 1024 1519 1056; x_wconf 88' lang='lat' dir='ltr'>tuor</span> <span class='ocrx_word' id='word_1_369' title='bbox 1535 1012 1702 1055; x_wconf 86' lang='lat' dir='ltr'>circiter</span> <span class='ocrx_word' id='word_1_370' title='bbox 1716 1043 1729 1065; x_wconf 91' lang='lat'>,</span> <span class='ocrx_word' id='word_1_371' title='bbox 1745 1012 2106 1057; x_wconf 83' lang='lat' dir='ltr'>mensuraeillarum</span> <span class='ocrx_word' id='word_1_372' title='bbox 2129 1014 2321 1069; x_wconf 86' lang='lat' dir='ltr'>partium,</span> <span class='ocrx_word' id='word_1_373' title='bbox 2341 1013 2460 1070; x_wconf 83' lang='lat' dir='ltr'>juxta</span> 
     </span>
     <span class='ocr_line' id='line_1_65' title="bbox 1423 1070 2461 1128; baseline 0 -15"><span class='ocrx_word' id='word_1_374' title='bbox 1423 1071 1445 1113; x_wconf 70' lang='lat' dir='ltr'>a</span> <span class='ocrx_word' id='word_1_375' title='bbox 1475 1070 1630 1113; x_wconf 88' lang='lat' dir='ltr'>duobus</span> <span class='ocrx_word' id='word_1_376' title='bbox 1658 1072 1803 1128; x_wconf 86' lang='lat' dir='ltr'>Angeli</span> <span class='ocrx_word' id='word_1_377' title='bbox 1822 1101 1836 1123; x_wconf 91' lang='lat'>,</span> <span class='ocrx_word' id='word_1_378' title='bbox 1867 1073 1904 1113; x_wconf 71' lang='grc' dir='ltr'>ὃ(</span> <span class='ocrx_word' id='word_1_379' title='bbox 1935 1071 2119 1128; x_wconf 87' lang='lat' dir='ltr'>Prosperi</span> <span class='ocrx_word' id='word_1_380' title='bbox 2149 1074 2337 1114; x_wconf 84' lang='lat' dir='ltr'>Fratrum</span> <span class='ocrx_word' id='word_1_381' title='bbox 2365 1074 2461 1118; x_wconf 56' lang='lat' dir='ltr'>de,</span> 
     </span>
     <span class='ocr_line' id='line_1_66' title="bbox 1425 1131 2460 1186; baseline 0.001 -14"><span class='ocrx_word' id='word_1_382' title='bbox 1425 1131 1587 1172; x_wconf 88' lang='lat' dir='ltr'>Georiis</span> <span class='ocrx_word' id='word_1_383' title='bbox 1604 1159 1618 1182; x_wconf 90' lang='lat'>,</span> <span class='ocrx_word' id='word_1_384' title='bbox 1649 1145 1695 1174; x_wconf 89' lang='lat' dir='ltr'>ac</span> <span class='ocrx_word' id='word_1_385' title='bbox 1722 1132 1770 1174; x_wconf 84' lang='lat' dir='ltr'>ab</span> <span class='ocrx_word' id='word_1_386' title='bbox 1794 1131 1875 1173; x_wconf 85' lang='lat' dir='ltr'>alio</span> <span class='ocrx_word' id='word_1_387' title='bbox 1901 1131 2114 1185; x_wconf 84' lang='lat' dir='ltr'>Capitanei</span> <span class='ocrx_word' id='word_1_388' title='bbox 2131 1131 2254 1173; x_wconf 88' lang='lat' dir='ltr'>Marii</span> <span class='ocrx_word' id='word_1_389' title='bbox 2270 1131 2460 1186; x_wconf 75' lang='lat' dir='ltr'>Virgilii,</span> 
     </span>
     <span class='ocr_line' id='line_1_67' title="bbox 1423 1188 2462 1244; baseline 0.001 -13"><span class='ocrx_word' id='word_1_390' title='bbox 1423 1191 1464 1231; x_wconf 74' lang='grc' dir='ltr'>δι</span> <span class='ocrx_word' id='word_1_391' title='bbox 1496 1188 1545 1231; x_wconf 94' lang='lat' dir='ltr'>ab</span> <span class='ocrx_word' id='word_1_392' title='bbox 1577 1190 1657 1232; x_wconf 82' lang='lat' dir='ltr'>alio</span> <span class='ocrx_word' id='word_1_393' title='bbox 1685 1217 1703 1241; x_wconf 85' lang='lat'>,</span> <span class='ocrx_word' id='word_1_394' title='bbox 1744 1190 1806 1233; x_wconf 87' lang='lat' dir='ltr'>seu</span> <span class='ocrx_word' id='word_1_395' title='bbox 1836 1189 2002 1244; x_wconf 87' lang='lat' dir='ltr'>reliquis</span> <span class='ocrx_word' id='word_1_396' title='bbox 2034 1189 2228 1233; x_wconf 83' lang='lat' dir='ltr'>lateribus</span> <span class='ocrx_word' id='word_1_397' title='bbox 2258 1188 2462 1232; x_wconf 81' lang='lat' dir='ltr'>haeredum</span> 
     </span>
     <span class='ocr_line' id='line_1_68' title="bbox 1425 1247 2460 1307; baseline 0.002 -18"><span class='ocrx_word' id='word_1_398' title='bbox 1425 1248 1630 1305; x_wconf 87' lang='lat' dir='ltr'>quondam</span> <span class='ocrx_word' id='word_1_399' title='bbox 1642 1249 1812 1304; x_wconf 36' lang='lat' dir='ltr'>&#39;joannis</span> <span class='ocrx_word' id='word_1_400' title='bbox 1837 1249 2018 1303; x_wconf 80' lang='lat' dir='ltr'>Baptistae</span> <span class='ocrx_word' id='word_1_401' title='bbox 2036 1247 2156 1307; x_wconf 84' lang='lat' dir='ltr'>Egidj</span> <span class='ocrx_word' id='word_1_402' title='bbox 2171 1277 2188 1301; x_wconf 89' lang='lat'>,</span> <span class='ocrx_word' id='word_1_403' title='bbox 2212 1247 2460 1291; x_wconf 70' lang='lat' dir='ltr'>dilec‘torum</span> 
     </span>
     <span class='ocr_line' id='line_1_69' title="bbox 1429 1306 2464 1364; baseline 0 -12"><span class='ocrx_word' id='word_1_404' title='bbox 1429 1307 1626 1352; x_wconf 76' lang='lat' dir='ltr'>Filiorum</span> <span class='ocrx_word' id='word_1_405' title='bbox 1655 1307 1787 1360; x_wconf 83' lang='lat' dir='ltr'>bona,</span> <span class='ocrx_word' id='word_1_406' title='bbox 1818 1307 1935 1349; x_wconf 90' lang='lat' dir='ltr'>salvis</span> <span class='ocrx_word' id='word_1_407' title='bbox 1964 1307 2082 1362; x_wconf 82' lang='lat' dir='ltr'>aliis,</span> <span class='ocrx_word' id='word_1_408' title='bbox 2114 1307 2137 1350; x_wconf 83' lang='lat' dir='ltr'>fi</span> <span class='ocrx_word' id='word_1_409' title='bbox 2168 1310 2235 1364; x_wconf 90' lang='lat' dir='ltr'>qui</span> <span class='ocrx_word' id='word_1_410' title='bbox 2259 1306 2361 1360; x_wconf 81' lang='lat' dir='ltr'>sint,</span> <span class='ocrx_word' id='word_1_411' title='bbox 2391 1322 2464 1352; x_wconf 87' lang='lat' dir='ltr'>ve-</span> 
     </span>
     <span class='ocr_line' id='line_1_70' title="bbox 1425 1365 2463 1423; baseline 0 -14"><span class='ocrx_word' id='word_1_412' title='bbox 1425 1366 1598 1410; x_wconf 87' lang='lat' dir='ltr'>rioribus</span> <span class='ocrx_word' id='word_1_413' title='bbox 1613 1365 1837 1410; x_wconf 83' lang='lat' dir='ltr'>confinibus</span> <span class='ocrx_word' id='word_1_414' title='bbox 1857 1365 1931 1408; x_wconf 85' lang='lat' dir='ltr'>suis</span> <span class='ocrx_word' id='word_1_415' title='bbox 1958 1366 2067 1409; x_wconf 84' lang='lat' dir='ltr'>fitam</span> <span class='ocrx_word' id='word_1_416' title='bbox 2086 1396 2100 1420; x_wconf 91' lang='lat'>,</span> <span class='ocrx_word' id='word_1_417' title='bbox 2133 1365 2278 1410; x_wconf 87' lang='lat' dir='ltr'>valoris</span> <span class='ocrx_word' id='word_1_418' title='bbox 2306 1367 2344 1408; x_wconf 92' lang='lat' dir='ltr'>in</span> <span class='ocrx_word' id='word_1_419' title='bbox 2361 1382 2463 1423; x_wconf 89' lang='lat' dir='ltr'>pro-</span> 
     </span>
     <span class='ocr_line' id='line_1_71' title="bbox 1426 1425 2456 1484; baseline -0.001 -15"><span class='ocrx_word' id='word_1_420' title='bbox 1426 1428 1603 1482; x_wconf 86' lang='lat' dir='ltr'>prietate</span> <span class='ocrx_word' id='word_1_421' title='bbox 1627 1427 1943 1484; x_wconf 86' lang='lat' dir='ltr'>quingentorum</span> <span class='ocrx_word' id='word_1_422' title='bbox 1960 1455 1974 1478; x_wconf 97' lang='lat'>,</span> <span class='ocrx_word' id='word_1_423' title='bbox 2005 1426 2125 1469; x_wconf 83' lang='lat' dir='ltr'>annui</span> <span class='ocrx_word' id='word_1_424' title='bbox 2151 1426 2250 1469; x_wconf 76' lang='lat' dir='ltr'>vero</span> <span class='ocrx_word' id='word_1_425' title='bbox 2273 1425 2456 1468; x_wconf 85' lang='lat' dir='ltr'>redditus</span> 
     </span>
     <span class='ocr_line' id='line_1_72' title="bbox 1424 1483 2456 1534; baseline 0.003 -8"><span class='ocrx_word' id='word_1_426' title='bbox 1424 1486 1643 1529; x_wconf 88' lang='lat' dir='ltr'>duodecim</span> <span class='ocrx_word' id='word_1_427' title='bbox 1661 1486 1832 1528; x_wconf 88' lang='lat' dir='ltr'>circiter</span> <span class='ocrx_word' id='word_1_428' title='bbox 1857 1483 2060 1528; x_wconf 85' lang='lat' dir='ltr'>scutorum</span> <span class='ocrx_word' id='word_1_429' title='bbox 2075 1511 2089 1534; x_wconf 84' lang='lat'>,</span> <span class='ocrx_word' id='word_1_430' title='bbox 2120 1499 2215 1527; x_wconf 88' lang='lat' dir='ltr'>cum</span> <span class='ocrx_word' id='word_1_431' title='bbox 2235 1483 2323 1527; x_wconf 84' lang='lat' dir='ltr'>aliis</span> <span class='ocrx_word' id='word_1_432' title='bbox 2341 1486 2456 1529; x_wconf 81' lang='lat' dir='ltr'>bonis</span> 
     </span>
     <span class='ocr_line' id='line_1_73' title="bbox 1424 1542 2461 1599; baseline 0.001 -13"><span class='ocrx_word' id='word_1_433' title='bbox 1424 1544 1632 1588; x_wconf 84' lang='lat' dir='ltr'>stabilibus</span> <span class='ocrx_word' id='word_1_434' title='bbox 1653 1542 2022 1597; x_wconf 89' lang='lat' dir='ltr'>commodioribus,</span> <span class='ocrx_word' id='word_1_435' title='bbox 2055 1558 2101 1586; x_wconf 86' lang='lat' dir='ltr'>ac</span> <span class='ocrx_word' id='word_1_436' title='bbox 2132 1543 2292 1599; x_wconf 83' lang='lat' dir='ltr'>majoris</span> <span class='ocrx_word' id='word_1_437' title='bbox 2319 1544 2461 1587; x_wconf 85' lang='lat' dir='ltr'>reddi-</span> 
     </span>
     <span class='ocr_line' id='line_1_74' title="bbox 1423 1601 2462 1660; baseline -0.003 -13"><span class='ocrx_word' id='word_1_438' title='bbox 1423 1601 1486 1647; x_wconf 72' lang='lat' dir='ltr'>tus</span> <span class='ocrx_word' id='word_1_439' title='bbox 1512 1614 1776 1660; x_wconf 86' lang='lat' dir='ltr'>permutare,</span> <span class='ocrx_word' id='word_1_440' title='bbox 1809 1602 1874 1646; x_wconf 87' lang='lat' dir='ltr'>seu</span> <span class='ocrx_word' id='word_1_441' title='bbox 1903 1604 1969 1646; x_wconf 83' lang='lat' dir='ltr'>uni</span> <span class='ocrx_word' id='word_1_442' title='bbox 1994 1629 2009 1652; x_wconf 63' lang='lat'>5</span> <span class='ocrx_word' id='word_1_443' title='bbox 2052 1602 2120 1646; x_wconf 86' lang='lat' dir='ltr'>vel</span> <span class='ocrx_word' id='word_1_444' title='bbox 2148 1602 2331 1659; x_wconf 79' lang='lat' dir='ltr'>pluribus</span> <span class='ocrx_word' id='word_1_445' title='bbox 2361 1617 2462 1660; x_wconf 80' lang='lat' dir='ltr'>pet-</span> 
     </span>
     <span class='ocr_line' id='line_1_75' title="bbox 1421 1661 2460 1708; baseline -0.002 -2"><span class='ocrx_word' id='word_1_446' title='bbox 1421 1664 1528 1708; x_wconf 83' lang='lat' dir='ltr'>sonis</span> <span class='ocrx_word' id='word_1_447' title='bbox 1544 1663 1757 1707; x_wconf 87' lang='lat' dir='ltr'>meliorem</span> <span class='ocrx_word' id='word_1_448' title='bbox 1773 1663 2051 1706; x_wconf 86' lang='lat' dir='ltr'>conditionem</span> <span class='ocrx_word' id='word_1_449' title='bbox 2075 1661 2336 1704; x_wconf 80' lang='lat' dir='ltr'>offerentibus</span> <span class='ocrx_word' id='word_1_450' title='bbox 2359 1675 2460 1704; x_wconf 68' lang='lat' dir='ltr'>ven»-</span> 
     </span>
     <span class='ocr_line' id='line_1_76' title="bbox 1419 1721 2456 1778; baseline -0.003 -12"><span class='ocrx_word' id='word_1_451' title='bbox 1419 1722 1522 1767; x_wconf 86' lang='lat' dir='ltr'>dere</span> <span class='ocrx_word' id='word_1_452' title='bbox 1547 1752 1561 1774; x_wconf 88' lang='lat'>,</span> <span class='ocrx_word' id='word_1_453' title='bbox 1591 1724 1631 1765; x_wconf 77' lang='grc' dir='ltr'>δι</span> <span class='ocrx_word' id='word_1_454' title='bbox 1662 1722 1872 1774; x_wconf 81' lang='lat' dir='ltr'>alienare,</span> <span class='ocrx_word' id='word_1_455' title='bbox 1903 1735 1949 1764; x_wconf 91' lang='lat' dir='ltr'>ac</span> <span class='ocrx_word' id='word_1_456' title='bbox 1978 1722 2155 1777; x_wconf 86' lang='lat' dir='ltr'>pretium</span> <span class='ocrx_word' id='word_1_457' title='bbox 2184 1721 2334 1763; x_wconf 85' lang='lat' dir='ltr'>exinde</span> <span class='ocrx_word' id='word_1_458' title='bbox 2363 1735 2456 1778; x_wconf 90' lang='lat' dir='ltr'>pro-</span> 
     </span>
     <span class='ocr_line' id='line_1_77' title="bbox 1421 1780 2461 1836; baseline 0.001 -12"><span class='ocrx_word' id='word_1_459' title='bbox 1421 1781 1617 1834; x_wconf 85' lang='lat' dir='ltr'>veniens,</span> <span class='ocrx_word' id='word_1_460' title='bbox 1649 1781 1688 1823; x_wconf 88' lang='lat' dir='ltr'>in</span> <span class='ocrx_word' id='word_1_461' title='bbox 1703 1781 1950 1836; x_wconf 88' lang='lat' dir='ltr'>emptionem</span> <span class='ocrx_word' id='word_1_462' title='bbox 1974 1780 2147 1822; x_wconf 86' lang='lat' dir='ltr'>aliorum</span> <span class='ocrx_word' id='word_1_463' title='bbox 2159 1781 2359 1824; x_wconf 89' lang='lat' dir='ltr'>bonorum</span> <span class='ocrx_word' id='word_1_464' title='bbox 2381 1780 2461 1825; x_wconf 80' lang='lat' dir='ltr'>sta·</span> 
     </span>
     <span class='ocr_line' id='line_1_78' title="bbox 1419 1838 2458 1895; baseline -0.002 -11"><span class='ocrx_word' id='word_1_465' title='bbox 1419 1841 1557 1885; x_wconf 90' lang='lat' dir='ltr'>bilium</span> <span class='ocrx_word' id='word_1_466' title='bbox 1573 1869 1587 1892; x_wconf 82' lang='lat'>,</span> <span class='ocrx_word' id='word_1_467' title='bbox 1618 1853 1670 1882; x_wconf 89' lang='lat' dir='ltr'>ex</span> <span class='ocrx_word' id='word_1_468' title='bbox 1695 1839 1840 1895; x_wconf 91' lang='lat' dir='ltr'>quibus</span> <span class='ocrx_word' id='word_1_469' title='bbox 1855 1838 2003 1882; x_wconf 88' lang='lat' dir='ltr'>decem</span> <span class='ocrx_word' id='word_1_470' title='bbox 2025 1840 2172 1881; x_wconf 85' lang='lat' dir='ltr'>Ducati</span> <span class='ocrx_word' id='word_1_471' title='bbox 2189 1840 2276 1883; x_wconf 86' lang='lat' dir='ltr'>auri</span> <span class='ocrx_word' id='word_1_472' title='bbox 2299 1839 2354 1881; x_wconf 89' lang='lat' dir='ltr'>de</span> <span class='ocrx_word' id='word_1_473' title='bbox 2374 1842 2458 1882; x_wconf 85' lang='lat' dir='ltr'>Ca-</span> 
     </span>
     <span class='ocr_line' id='line_1_79' title="bbox 1417 1898 2459 1955; baseline -0.002 -13"><span class='ocrx_word' id='word_1_474' title='bbox 1417 1914 1529 1942; x_wconf 89' lang='lat' dir='ltr'>mera</span> <span class='ocrx_word' id='word_1_475' title='bbox 1555 1899 1592 1941; x_wconf 89' lang='lat' dir='ltr'>in</span> <span class='ocrx_word' id='word_1_476' title='bbox 1610 1913 1742 1941; x_wconf 90' lang='lat' dir='ltr'>annuo</span> <span class='ocrx_word' id='word_1_477' title='bbox 1771 1898 1938 1941; x_wconf 88' lang='lat' dir='ltr'>redditu</span> <span class='ocrx_word' id='word_1_478' title='bbox 1955 1899 2108 1955; x_wconf 86' lang='lat' dir='ltr'>percipi</span> <span class='ocrx_word' id='word_1_479' title='bbox 2128 1909 2338 1953; x_wconf 82' lang='lat' dir='ltr'>poterunt,</span> <span class='ocrx_word' id='word_1_480' title='bbox 2354 1912 2459 1940; x_wconf 84' lang='lat' dir='ltr'>con·</span> 
     </span>
     <span class='ocr_line' id='line_1_80' title="bbox 1418 1955 2457 2016; baseline -0.003 -15"><span class='ocrx_word' id='word_1_481' title='bbox 1418 1970 1583 2001; x_wconf 76' lang='lat' dir='ltr'>vertere</span> <span class='ocrx_word' id='word_1_482' title='bbox 1610 1955 1716 2015; x_wconf 80' lang='lat' dir='ltr'>posse</span> <span class='ocrx_word' id='word_1_483' title='bbox 1745 1957 2000 2001; x_wconf 82' lang='lat' dir='ltr'>deiiderant.</span> <span class='ocrx_word' id='word_1_484' title='bbox 2029 1960 2169 2016; x_wconf 85' lang='lat' dir='ltr'>Qare</span> <span class='ocrx_word' id='word_1_485' title='bbox 2190 1973 2266 2014; x_wconf 88' lang='lat' dir='ltr'>pro</span> <span class='ocrx_word' id='word_1_486' title='bbox 2301 1969 2457 2013; x_wconf 59' lang='lat' dir='ltr'>parte,</span> 
     </span>
     <span class='ocr_line' id='line_1_81' title="bbox 1416 2014 2457 2069; baseline -0.002 -9"><span class='ocrx_word' id='word_1_487' title='bbox 1416 2017 1654 2062; x_wconf 85' lang='lat' dir='ltr'>earumdem</span> <span class='ocrx_word' id='word_1_488' title='bbox 1674 2016 1888 2069; x_wconf 72' lang='lat' dir='ltr'>Prioriflae,</span> <span class='ocrx_word' id='word_1_489' title='bbox 1919 2020 1958 2061; x_wconf 69' lang='grc' dir='ltr'>ὅ(</span> <span class='ocrx_word' id='word_1_490' title='bbox 1987 2017 2258 2068; x_wconf 86' lang='lat' dir='ltr'>Monialium,</span> <span class='ocrx_word' id='word_1_491' title='bbox 2283 2014 2457 2059; x_wconf 82' lang='lat' dir='ltr'>afferen-</span> 
     </span>
     <span class='ocr_line' id='line_1_82' title="bbox 1416 2075 2457 2133; baseline -0.002 -13"><span class='ocrx_word' id='word_1_492' title='bbox 1416 2079 1519 2120; x_wconf 85' lang='lat' dir='ltr'>tium</span> <span class='ocrx_word' id='word_1_493' title='bbox 1548 2077 1923 2133; x_wconf 84' lang='lat' dir='ltr'>permutationem,</span> <span class='ocrx_word' id='word_1_494' title='bbox 1956 2078 2022 2120; x_wconf 88' lang='lat' dir='ltr'>seu</span> <span class='ocrx_word' id='word_1_495' title='bbox 2051 2075 2335 2119; x_wconf 75' lang='lat' dir='ltr'>venditionem</span> <span class='ocrx_word' id='word_1_496' title='bbox 2361 2105 2376 2127; x_wconf 89' lang='lat'>,</span> <span class='ocrx_word' id='word_1_497' title='bbox 2416 2077 2457 2118; x_wconf 71' lang='lat' dir='ltr'>dc</span> 
     </span>
     <span class='ocr_line' id='line_1_83' title="bbox 1413 2133 2457 2191; baseline -0.003 -11"><span class='ocrx_word' id='word_1_498' title='bbox 1413 2137 1700 2181; x_wconf 87' lang='lat' dir='ltr'>alienationem</span> <span class='ocrx_word' id='word_1_499' title='bbox 1729 2135 2024 2191; x_wconf 83' lang='lat' dir='ltr'>hujusmodi,li</span> <span class='ocrx_word' id='word_1_500' title='bbox 2055 2133 2182 2186; x_wconf 79' lang='lat' dir='ltr'>fiant,</span> <span class='ocrx_word' id='word_1_501' title='bbox 2215 2134 2256 2176; x_wconf 88' lang='lat' dir='ltr'>in</span> <span class='ocrx_word' id='word_1_502' title='bbox 2283 2135 2457 2177; x_wconf 88' lang='lat' dir='ltr'>eviden-</span> 
     </span>
     <span class='ocr_line' id='line_1_84' title="bbox 1412 2192 2457 2243; baseline -0.002 -5"><span class='ocrx_word' id='word_1_503' title='bbox 1412 2195 1602 2238; x_wconf 71' lang='lat' dir='ltr'>temdicti</span> <span class='ocrx_word' id='word_1_504' title='bbox 1620 2196 1848 2237; x_wconf 82' lang='lat' dir='ltr'>Monasteii&#39;i</span> <span class='ocrx_word' id='word_1_505' title='bbox 1879 2194 2051 2236; x_wconf 69' lang='lat' dir='ltr'>cessuras</span> <span class='ocrx_word' id='word_1_506' title='bbox 2075 2192 2155 2236; x_wconf 82' lang='lat' dir='ltr'>effe</span> <span class='ocrx_word' id='word_1_507' title='bbox 2186 2194 2457 2243; x_wconf 63' lang='lat' dir='ltr'>utilitatem„</span> 
     </span>
     <span class='ocr_line' id='line_1_85' title="bbox 1415 2251 2452 2309; baseline -0.002 -12"><span class='ocrx_word' id='word_1_508' title='bbox 1415 2255 1546 2298; x_wconf 87' lang='lat' dir='ltr'>Nobis</span> <span class='ocrx_word' id='word_1_509' title='bbox 1573 2251 1646 2294; x_wconf 87' lang='lat' dir='ltr'>fuit</span> <span class='ocrx_word' id='word_1_510' title='bbox 1675 2254 1883 2295; x_wconf 87' lang='lat' dir='ltr'>humiliter</span> <span class='ocrx_word' id='word_1_511' title='bbox 1911 2252 2181 2309; x_wconf 87' lang='lat' dir='ltr'>supplicatum</span> <span class='ocrx_word' id='word_1_512' title='bbox 2207 2282 2220 2304; x_wconf 90' lang='lat'>,</span> <span class='ocrx_word' id='word_1_513' title='bbox 2246 2265 2452 2309; x_wconf 84' lang='lat' dir='ltr'>quatenus</span> 
     </span>
     <span class='ocr_line' id='line_1_86' title="bbox 1416 2310 2454 2371; baseline -0.001 -15"><span class='ocrx_word' id='word_1_514' title='bbox 1416 2314 1456 2357; x_wconf 89' lang='lat' dir='ltr'>in</span> <span class='ocrx_word' id='word_1_515' title='bbox 1481 2310 1680 2371; x_wconf 84' lang='lat' dir='ltr'>praemiffis</span> <span class='ocrx_word' id='word_1_516' title='bbox 1713 2311 1766 2354; x_wconf 87' lang='lat' dir='ltr'>de</span> <span class='ocrx_word' id='word_1_517' title='bbox 1791 2323 2022 2368; x_wconf 83' lang='lat' dir='ltr'>opportuna</span> <span class='ocrx_word' id='word_1_518' title='bbox 2055 2310 2221 2354; x_wconf 79' lang='lat' dir='ltr'>licentia</span> <span class='ocrx_word' id='word_1_519' title='bbox 2250 2312 2454 2366; x_wconf 86' lang='lat' dir='ltr'>provide-</span> 
     </span>
     <span class='ocr_line' id='line_1_87' title="bbox 1416 2369 2452 2428; baseline -0.002 -13"><span class='ocrx_word' id='word_1_520' title='bbox 1416 2385 1463 2415; x_wconf 90' lang='lat' dir='ltr'>re</span> <span class='ocrx_word' id='word_1_521' title='bbox 1479 2401 1494 2424; x_wconf 84' lang='lat'>,</span> <span class='ocrx_word' id='word_1_522' title='bbox 1514 2371 1569 2414; x_wconf 91' lang='lat' dir='ltr'>de</span> <span class='ocrx_word' id='word_1_523' title='bbox 1603 2371 1864 2428; x_wconf 84' lang='lat' dir='ltr'>Benignitate</span> <span class='ocrx_word' id='word_1_524' title='bbox 1882 2369 2114 2427; x_wconf 80' lang='lat' dir='ltr'>Apostolica</span> <span class='ocrx_word' id='word_1_525' title='bbox 2146 2370 2410 2425; x_wconf 86' lang='lat' dir='ltr'>dignaremur</span> <span class='ocrx_word' id='word_1_526' title='bbox 2439 2399 2452 2413; x_wconf 86' lang='lat'><strong>.</strong></span> 
     </span>
     <span class='ocr_line' id='line_1_88' title="bbox 1416 2428 2451 2486; baseline -0.001 -13"><span class='ocrx_word' id='word_1_527' title='bbox 1416 2436 1503 2474; x_wconf 87' lang='lat' dir='ltr'>Nos</span> <span class='ocrx_word' id='word_1_528' title='bbox 1534 2431 1659 2484; x_wconf 82' lang='lat' dir='ltr'>igitur</span> <span class='ocrx_word' id='word_1_529' title='bbox 1682 2441 1836 2473; x_wconf 84' lang='lat' dir='ltr'>certam</span> <span class='ocrx_word' id='word_1_530' title='bbox 1866 2430 1918 2472; x_wconf 92' lang='lat' dir='ltr'>de</span> <span class='ocrx_word' id='word_1_531' title='bbox 1944 2428 2139 2486; x_wconf 75' lang='lat' dir='ltr'>proemiffis</span> <span class='ocrx_word' id='word_1_532' title='bbox 2163 2430 2352 2472; x_wconf 86' lang='lat' dir='ltr'>notitiam</span> <span class='ocrx_word' id='word_1_533' title='bbox 2372 2444 2451 2472; x_wconf 88' lang='lat' dir='ltr'>non</span> 
     </span>
     <span class='ocr_line' id='line_1_89' title="bbox 1416 2487 2455 2543; baseline -0.001 -12"><span class='ocrx_word' id='word_1_534' title='bbox 1416 2491 1641 2538; x_wconf 80' lang='lat' dir='ltr'>habentes,</span> <span class='ocrx_word' id='word_1_535' title='bbox 1668 2502 1715 2529; x_wconf 90' lang='lat' dir='ltr'>ac</span> <span class='ocrx_word' id='word_1_536' title='bbox 1740 2488 1957 2543; x_wconf 86' lang='lat' dir='ltr'>fingulares</span> <span class='ocrx_word' id='word_1_537' title='bbox 1984 2487 2206 2540; x_wconf 81' lang='lat' dir='ltr'>Prioritsae,</span> <span class='ocrx_word' id='word_1_538' title='bbox 2239 2489 2455 2531; x_wconf 67' lang='lat' dir='ltr'>&amp;Monta-</span> 
     </span>
     <span class='ocr_line' id='line_1_90' title="bbox 1415 2545 2448 2602; baseline -0.001 -13"><span class='ocrx_word' id='word_1_539' title='bbox 1415 2549 1513 2593; x_wconf 91' lang='lat' dir='ltr'>lium</span> <span class='ocrx_word' id='word_1_540' title='bbox 1550 2547 1826 2602; x_wconf 70' lang='lat' dir='ltr'>praedictarum</span> <span class='ocrx_word' id='word_1_541' title='bbox 1864 2545 2050 2602; x_wconf 85' lang='lat' dir='ltr'>personas</span> <span class='ocrx_word' id='word_1_542' title='bbox 2078 2550 2101 2590; x_wconf 71' lang='lat' dir='ltr'>a</span> <span class='ocrx_word' id='word_1_543' title='bbox 2130 2546 2334 2602; x_wconf 86' lang='lat' dir='ltr'>quibusvis</span> <span class='ocrx_word' id='word_1_544' title='bbox 2363 2549 2448 2588; x_wconf 77' lang='lat' dir='ltr'>&amp;c-</span> 
     </span>
     <span class='ocr_line' id='line_1_91' title="bbox 1413 2605 2452 2661; baseline -0.004 -11"><span class='ocrx_word' id='word_1_545' title='bbox 1413 2612 1655 2657; x_wconf 83' lang='lat' dir='ltr'>censentes,</span> <span class='ocrx_word' id='word_1_546' title='bbox 1688 2605 1912 2660; x_wconf 79' lang='lat' dir='ltr'>hujusmodi</span> <span class='ocrx_word' id='word_1_547' title='bbox 1943 2605 2295 2661; x_wconf 88' lang='lat' dir='ltr'>supplicationibus</span> <span class='ocrx_word' id='word_1_548' title='bbox 2333 2606 2452 2648; x_wconf 89' lang='lat' dir='ltr'>incli-</span> 
     </span>
     <span class='ocr_line' id='line_1_92' title="bbox 1409 2662 2452 2720; baseline -0.004 -11"><span class='ocrx_word' id='word_1_549' title='bbox 1409 2664 1772 2717; x_wconf 75' lang='lat' dir='ltr'>nati‚12raternitati</span> <span class='ocrx_word' id='word_1_550' title='bbox 1789 2668 1904 2715; x_wconf 84' lang='lat' dir='ltr'>Tuae,</span> <span class='ocrx_word' id='word_1_551' title='bbox 1916 2667 2056 2707; x_wconf 81' lang='lat' dir='ltr'>Frater</span> <span class='ocrx_word' id='word_1_552' title='bbox 2068 2662 2263 2720; x_wconf 80' lang='lat' dir='ltr'>Episcope</span> <span class='ocrx_word' id='word_1_553' title='bbox 2279 2692 2293 2715; x_wconf 90' lang='lat'>,</span> <span class='ocrx_word' id='word_1_554' title='bbox 2309 2679 2356 2707; x_wconf 87' lang='lat' dir='ltr'>ac</span> <span class='ocrx_word' id='word_1_555' title='bbox 2378 2665 2452 2706; x_wconf 86' lang='lat' dir='ltr'>Di-</span> 
     </span>
     <span class='ocr_line' id='line_1_93' title="bbox 1410 2722 2447 2779; baseline -0.005 -10"><span class='ocrx_word' id='word_1_556' title='bbox 1410 2725 1600 2769; x_wconf 85' lang='lat' dir='ltr'>scretiorii</span> <span class='ocrx_word' id='word_1_557' title='bbox 1617 2726 1739 2777; x_wconf 86' lang='lat' dir='ltr'>Tuae,</span> <span class='ocrx_word' id='word_1_558' title='bbox 1764 2724 1839 2767; x_wconf 86' lang='lat' dir='ltr'>Fili</span> <span class='ocrx_word' id='word_1_559' title='bbox 1859 2722 2069 2779; x_wconf 84' lang='lat' dir='ltr'>Praeposite</span> <span class='ocrx_word' id='word_1_560' title='bbox 2085 2750 2100 2774; x_wconf 79' lang='lat'>,</span> <span class='ocrx_word' id='word_1_561' title='bbox 2129 2736 2203 2777; x_wconf 89' lang='lat' dir='ltr'>per</span> <span class='ocrx_word' id='word_1_562' title='bbox 2235 2724 2447 2779; x_wconf 67' lang='lat' dir='ltr'>praesentes</span> 
     </span>
     <span class='ocr_line' id='line_1_94' title="bbox 1409 2781 2447 2837; baseline -0.006 -9"><span class='ocrx_word' id='word_1_563' title='bbox 1409 2785 1700 2828; x_wconf 86' lang='lat' dir='ltr'>committimus</span> <span class='ocrx_word' id='word_1_564' title='bbox 1715 2813 1729 2836; x_wconf 86' lang='lat'>,</span> <span class='ocrx_word' id='word_1_565' title='bbox 1757 2786 1797 2826; x_wconf 76' lang='grc' dir='ltr'>δι</span> <span class='ocrx_word' id='word_1_566' title='bbox 1812 2784 2047 2825; x_wconf 78' lang='lat' dir='ltr'>mandamus</span> <span class='ocrx_word' id='word_1_567' title='bbox 2066 2811 2078 2834; x_wconf 87' lang='lat'>,</span> <span class='ocrx_word' id='word_1_568' title='bbox 2093 2793 2292 2837; x_wconf 88' lang='lat' dir='ltr'>quatenus</span> <span class='ocrx_word' id='word_1_569' title='bbox 2320 2781 2344 2823; x_wconf 88' lang='lat' dir='ltr'>fi</span> <span class='ocrx_word' id='word_1_570' title='bbox 2360 2811 2375 2833; x_wconf 89' lang='lat'>,</span> <span class='ocrx_word' id='word_1_571' title='bbox 2406 2783 2447 2822; x_wconf 77' lang='grc' dir='ltr'>δε</span> 
     </span>
     <span class='ocr_line' id='line_1_95' title="bbox 1407 2840 2448 2902; baseline -0.004 -16"><span class='ocrx_word' id='word_1_572' title='bbox 1407 2843 1615 2902; x_wconf 85' lang='lat' dir='ltr'>postquam</span> <span class='ocrx_word' id='word_1_573' title='bbox 1644 2844 1826 2894; x_wconf 86' lang='lat' dir='ltr'>vocatis,</span> <span class='ocrx_word' id='word_1_574' title='bbox 1856 2843 1921 2899; x_wconf 92' lang='lat' dir='ltr'>qui</span> <span class='ocrx_word' id='word_1_575' title='bbox 1952 2842 2103 2884; x_wconf 81' lang='lat' dir='ltr'>suerint</span> <span class='ocrx_word' id='word_1_576' title='bbox 2136 2840 2373 2892; x_wconf 87' lang='lat' dir='ltr'>evocandi,</span> <span class='ocrx_word' id='word_1_577' title='bbox 2402 2855 2448 2882; x_wconf 83' lang='lat' dir='ltr'>ac</span> 
     </span>
     <span class='ocr_line' id='line_1_96' title="bbox 1407 2899 2445 2961; baseline -0.003 -18"><span class='ocrx_word' id='word_1_578' title='bbox 1407 2899 1640 2961; x_wconf 70' lang='lat' dir='ltr'>possessione</span> <span class='ocrx_word' id='word_1_579' title='bbox 1665 2903 1850 2958; x_wconf 66' lang='lat' dir='ltr'>praedieta</span> <span class='ocrx_word' id='word_1_580' title='bbox 1870 2930 1885 2953; x_wconf 91' lang='lat'>,</span> <span class='ocrx_word' id='word_1_581' title='bbox 1923 2900 2112 2957; x_wconf 85' lang='lat' dir='ltr'>illiusque</span> <span class='ocrx_word' id='word_1_582' title='bbox 2139 2899 2445 2943; x_wconf 81' lang='lat' dir='ltr'>circumstantiis</span> 
     </span>
     <span class='ocr_line' id='line_1_97' title="bbox 1406 2957 2447 3018; baseline -0.003 -12"><span class='ocrx_word' id='word_1_583' title='bbox 1406 2959 1596 3006; x_wconf 82' lang='lat' dir='ltr'>univerfis</span> <span class='ocrx_word' id='word_1_584' title='bbox 1611 2963 1718 3018; x_wconf 89' lang='lat' dir='ltr'>prius</span> <span class='ocrx_word' id='word_1_585' title='bbox 1744 2975 1880 3006; x_wconf 88' lang='lat' dir='ltr'>coram</span> <span class='ocrx_word' id='word_1_586' title='bbox 1899 2961 2027 3003; x_wconf 88' lang='lat' dir='ltr'>Vobis</span> <span class='ocrx_word' id='word_1_587' title='bbox 2047 2957 2284 3016; x_wconf 87' lang='lat' dir='ltr'>specificatis</span> <span class='ocrx_word' id='word_1_588' title='bbox 2298 2987 2312 3011; x_wconf 84' lang='lat'>,</span> <span class='ocrx_word' id='word_1_589' title='bbox 2340 2957 2447 3003; x_wconf 46' lang='lat' dir='ltr'>de)</span> 
     </span>
     <span class='ocr_line' id='line_1_98' title="bbox 1406 3017 2449 3079; baseline -0.007 -16"><span class='ocrx_word' id='word_1_590' title='bbox 1406 3021 1711 3079; x_wconf 86' lang='lat' dir='ltr'>permutatione</span> <span class='ocrx_word' id='word_1_591' title='bbox 1734 3020 1797 3065; x_wconf 88' lang='lat' dir='ltr'>seu</span> <span class='ocrx_word' id='word_1_592' title='bbox 1826 3019 2063 3063; x_wconf 85' lang='lat' dir='ltr'>venditione</span> <span class='ocrx_word' id='word_1_593' title='bbox 2085 3046 2100 3070; x_wconf 89' lang='lat'>,</span> <span class='ocrx_word' id='word_1_594' title='bbox 2132 3019 2170 3060; x_wconf 91' lang='lat'>&amp;</span> <span class='ocrx_word' id='word_1_595' title='bbox 2196 3017 2449 3063; x_wconf 74' lang='lat' dir='ltr'>alienatione</span> 
     </span>
     <span class='ocr_line' id='line_1_99' title="bbox 1404 3073 2451 3139; baseline -0.006 -17"><span class='ocrx_word' id='word_1_596' title='bbox 1404 3079 1600 3139; x_wconf 70' lang='lat' dir='ltr'>praedictis</span> <span class='ocrx_word' id='word_1_597' title='bbox 1616 3110 1631 3133; x_wconf 83' lang='lat'>‚</span> <span class='ocrx_word' id='word_1_598' title='bbox 1662 3080 1963 3137; x_wconf 81' lang='lat' dir='ltr'>ac,quodillae‚</span> <span class='ocrx_word' id='word_1_599' title='bbox 1986 3078 2008 3120; x_wconf 94' lang='lat' dir='ltr'>si</span> <span class='ocrx_word' id='word_1_600' title='bbox 2027 3076 2123 3120; x_wconf 88' lang='lat' dir='ltr'>fiant</span> <span class='ocrx_word' id='word_1_601' title='bbox 2147 3103 2161 3128; x_wconf 85' lang='lat'>,</span> <span class='ocrx_word' id='word_1_602' title='bbox 2205 3076 2244 3121; x_wconf 88' lang='lat' dir='ltr'>in</span> <span class='ocrx_word' id='word_1_603' title='bbox 2271 3073 2451 3118; x_wconf 88' lang='lat' dir='ltr'>eviden-</span> 
     </span>
     <span class='ocr_line' id='line_1_100' title="bbox 1405 3135 2451 3186; baseline -0.005 -4"><span class='ocrx_word' id='word_1_604' title='bbox 1405 3150 1488 3183; x_wconf 88' lang='lat' dir='ltr'>tem</span> <span class='ocrx_word' id='word_1_605' title='bbox 1514 3138 1610 3182; x_wconf 69' lang='lat' dir='ltr'>dicti</span> <span class='ocrx_word' id='word_1_606' title='bbox 1634 3137 2042 3183; x_wconf 77' lang='lat' dir='ltr'>Monasteriicefl&#39;urae</span> <span class='ocrx_word' id='word_1_607' title='bbox 2066 3137 2139 3179; x_wconf 86' lang='lat' dir='ltr'>fint</span> <span class='ocrx_word' id='word_1_608' title='bbox 2167 3135 2451 3186; x_wconf 72' lang='lat' dir='ltr'>utilitatem-0,</span> 
     </span>
     <span class='ocr_line' id='line_1_101' title="bbox 1405 3192 2449 3256; baseline -0.008 -14"><span class='ocrx_word' id='word_1_609' title='bbox 1405 3200 1536 3242; x_wconf 89' lang='lat' dir='ltr'>Vobis</span> <span class='ocrx_word' id='word_1_610' title='bbox 1552 3198 1800 3255; x_wconf 72' lang='lat' dir='ltr'>conjunctim</span> <span class='ocrx_word' id='word_1_611' title='bbox 1814 3195 2129 3256; x_wconf 81' lang='lat' dir='ltr'>procedentibus</span> <span class='ocrx_word' id='word_1_612' title='bbox 2146 3192 2331 3251; x_wconf 77' lang='lat' dir='ltr'>legitime</span> <span class='ocrx_word' id='word_1_613' title='bbox 2348 3206 2449 3237; x_wconf 88' lang='lat' dir='ltr'>con-</span> 
     </span>
     <span class='ocr_line' id='line_1_102' title="bbox 1404 3252 2448 3316; baseline -0.008 -15"><span class='ocrx_word' id='word_1_614' title='bbox 1404 3258 1554 3302; x_wconf 86' lang='lat' dir='ltr'>stiterit</span> <span class='ocrx_word' id='word_1_615' title='bbox 1573 3288 1587 3312; x_wconf 90' lang='lat'>,</span> <span class='ocrx_word' id='word_1_616' title='bbox 1618 3257 1737 3316; x_wconf 90' lang='lat' dir='ltr'>super</span> <span class='ocrx_word' id='word_1_617' title='bbox 1758 3271 1840 3315; x_wconf 89' lang='lat' dir='ltr'>quo</span> <span class='ocrx_word' id='word_1_618' title='bbox 1854 3255 2143 3300; x_wconf 87' lang='lat' dir='ltr'>conscientiam</span> <span class='ocrx_word' id='word_1_619' title='bbox 2165 3252 2334 3296; x_wconf 81' lang='lat' dir='ltr'>vestram</span> <span class='ocrx_word' id='word_1_620' title='bbox 2352 3262 2448 3293; x_wconf 86' lang='lat' dir='ltr'>one-</span> 
     </span>
     <span class='ocr_line' id='line_1_103' title="bbox 1407 3310 2447 3370; baseline -0.011 -9"><span class='ocrx_word' id='word_1_621' title='bbox 1407 3331 1538 3361; x_wconf 86' lang='lat' dir='ltr'>ramus</span> <span class='ocrx_word' id='word_1_622' title='bbox 1552 3344 1566 3366; x_wconf 73' lang='lat'>,</span> <span class='ocrx_word' id='word_1_623' title='bbox 1593 3317 1789 3362; x_wconf 82' lang='lat' dir='ltr'>Prioriffae</span> <span class='ocrx_word' id='word_1_624' title='bbox 1803 3345 1818 3370; x_wconf 91' lang='lat'>,</span> <span class='ocrx_word' id='word_1_625' title='bbox 1840 3317 1881 3358; x_wconf 78' lang='grc' dir='ltr'>δι</span> <span class='ocrx_word' id='word_1_626' title='bbox 1897 3313 2142 3359; x_wconf 81' lang='lat' dir='ltr'>Monialibus</span> <span class='ocrx_word' id='word_1_627' title='bbox 2155 3310 2351 3370; x_wconf 60' lang='lat' dir='ltr'>praedietis</span> <span class='ocrx_word' id='word_1_628' title='bbox 2377 3323 2447 3365; x_wconf 90' lang='lat' dir='ltr'>po-</span> 
     </span>
     <span class='ocr_line' id='line_1_104' title="bbox 1408 3368 2443 3436; baseline -0.007 -18"><span class='ocrx_word' id='word_1_629' title='bbox 1408 3375 1615 3420; x_wconf 83' lang='lat' dir='ltr'>seilionem</span> <span class='ocrx_word' id='word_1_630' title='bbox 1641 3375 1868 3431; x_wconf 79' lang='lat' dir='ltr'>hujusmodi</span> <span class='ocrx_word' id='word_1_631' title='bbox 1886 3389 1977 3417; x_wconf 91' lang='lat' dir='ltr'>cum</span> <span class='ocrx_word' id='word_1_632' title='bbox 1999 3371 2085 3419; x_wconf 81' lang='lat' dir='ltr'>aliis</span> <span class='ocrx_word' id='word_1_633' title='bbox 2106 3369 2217 3414; x_wconf 82' lang='lat' dir='ltr'>bonis</span> <span class='ocrx_word' id='word_1_634' title='bbox 2233 3368 2443 3436; x_wconf 69' lang='lat' dir='ltr'>stabilibus</span> 
     </span>
     <span class='ocr_line' id='line_1_105' title="bbox 1405 3427 2510 3487; baseline -0.009 -8"><span class='ocrx_word' id='word_1_635' title='bbox 1405 3435 1751 3482; x_wconf 80' lang='lat' dir='ltr'>commodioribus</span> <span class='ocrx_word' id='word_1_636' title='bbox 1777 3465 1791 3487; x_wconf 82' lang='lat'>,</span> <span class='ocrx_word' id='word_1_637' title='bbox 1830 3436 1870 3479; x_wconf 74' lang='grc' dir='ltr'>δι</span> <span class='ocrx_word' id='word_1_638' title='bbox 1902 3431 2134 3479; x_wconf 86' lang='lat' dir='ltr'>utilioribus</span> <span class='ocrx_word' id='word_1_639' title='bbox 2161 3427 2442 3486; x_wconf 80' lang='lat' dir='ltr'>permutandi,</span> <span class='ocrx_word' id='word_1_640' title='bbox 2508 3448 2510 3451; x_wconf 93' lang='lat'>·</span> 
     </span>
     <span class='ocr_line' id='line_1_106' title="bbox 1405 3487 2447 3553; baseline -0.009 -16"><span class='ocrx_word' id='word_1_641' title='bbox 1405 3493 1473 3537; x_wconf 89' lang='lat' dir='ltr'>seu</span> <span class='ocrx_word' id='word_1_642' title='bbox 1490 3496 1586 3544; x_wconf 74' lang='lat' dir='ltr'>uui,</span> <span class='ocrx_word' id='word_1_643' title='bbox 1619 3495 1680 3546; x_wconf 88' lang='lat' dir='ltr'>vel</span> <span class='ocrx_word' id='word_1_644' title='bbox 1710 3495 1888 3549; x_wconf 91' lang='lat' dir='ltr'>pluribus</span> <span class='ocrx_word' id='word_1_645' title='bbox 1902 3487 2102 3549; x_wconf 84' lang='lat' dir='ltr'>personis,</span> <span class='ocrx_word' id='word_1_646' title='bbox 2114 3488 2332 3531; x_wconf 88' lang='lat' dir='ltr'>meliorem</span> <span class='ocrx_word' id='word_1_647' title='bbox 2346 3500 2447 3553; x_wconf 79' lang='lat' dir='ltr'>con·</span> 
     </span>
     <span class='ocr_line' id='line_1_107' title="bbox 1403 3545 2442 3600; baseline -0.009 -4"><span class='ocrx_word' id='word_1_648' title='bbox 1403 3553 1603 3599; x_wconf 88' lang='lat' dir='ltr'>ditionem</span> <span class='ocrx_word' id='word_1_649' title='bbox 1621 3554 1884 3600; x_wconf 85' lang='lat' dir='ltr'>offerentibus</span> <span class='ocrx_word' id='word_1_650' title='bbox 1899 3547 2129 3600; x_wconf 88' lang='lat' dir='ltr'>vendendi,</span> <span class='ocrx_word' id='word_1_651' title='bbox 2146 3549 2185 3589; x_wconf 80' lang='grc' dir='ltr'>δι</span> <span class='ocrx_word' id='word_1_652' title='bbox 2200 3545 2408 3590; x_wconf 83' lang='lat' dir='ltr'>alienandi</span> <span class='ocrx_word' id='word_1_653' title='bbox 2427 3573 2442 3599; x_wconf 91' lang='lat'>,</span> 
     </span>
     <span class='ocr_line' id='line_1_108' title="bbox 1400 3607 2437 3670; baseline -0.009 -14"><span class='ocrx_word' id='word_1_654' title='bbox 1400 3615 1662 3670; x_wconf 87' lang='lat' dir='ltr'>pretiumque</span> <span class='ocrx_word' id='word_1_655' title='bbox 1677 3611 1821 3658; x_wconf 82' lang='lat' dir='ltr'>exinde</span> <span class='ocrx_word' id='word_1_656' title='bbox 1838 3609 2080 3665; x_wconf 86' lang='lat' dir='ltr'>proveniens</span> <span class='ocrx_word' id='word_1_657' title='bbox 2097 3636 2111 3656; x_wconf 90' lang='lat'>,</span> <span class='ocrx_word' id='word_1_658' title='bbox 2129 3607 2167 3649; x_wconf 89' lang='lat' dir='ltr'>in</span> <span class='ocrx_word' id='word_1_659' title='bbox 2185 3607 2437 3663; x_wconf 87' lang='lat' dir='ltr'>emptionem</span> 
     </span>
     <span class='ocr_line' id='line_1_109' title="bbox 1399 3664 2444 3721; baseline -0.01 -4"><span class='ocrx_word' id='word_1_660' title='bbox 1399 3671 1576 3717; x_wconf 81' lang='lat' dir='ltr'>aliorum</span> <span class='ocrx_word' id='word_1_661' title='bbox 1603 3674 1799 3717; x_wconf 84' lang='lat' dir='ltr'>bonorum</span> <span class='ocrx_word' id='word_1_662' title='bbox 1813 3667 2034 3718; x_wconf 87' lang='lat' dir='ltr'>stabilium,</span> <span class='ocrx_word' id='word_1_663' title='bbox 2049 3677 2091 3708; x_wconf 92' lang='lat' dir='ltr'>ut</span> <span class='ocrx_word' id='word_1_664' title='bbox 2108 3664 2222 3721; x_wconf 86' lang='lat' dir='ltr'>supra</span> <span class='ocrx_word' id='word_1_665' title='bbox 2239 3694 2253 3717; x_wconf 89' lang='lat'>,</span> <span class='ocrx_word' id='word_1_666' title='bbox 2267 3677 2444 3707; x_wconf 85' lang='lat' dir='ltr'>conver·</span> 
     </span>
     <span class='ocr_line' id='line_1_110' title="bbox 1400 3722 2443 3781; baseline -0.012 -7"><span class='ocrx_word' id='word_1_667' title='bbox 1400 3732 1736 3781; x_wconf 59' lang='lat' dir='ltr'>tendidicentiam</span> <span class='ocrx_word' id='word_1_668' title='bbox 1761 3742 1810 3770; x_wconf 89' lang='lat' dir='ltr'>au</span> <span class='ocrx_word' id='word_1_669' title='bbox 1820 3725 2007 3768; x_wconf 68' lang='lat' dir='ltr'>ctoritate</span> <span class='ocrx_word' id='word_1_670' title='bbox 2030 3725 2160 3767; x_wconf 83' lang='lat' dir='ltr'>nostra</span> <span class='ocrx_word' id='word_1_671' title='bbox 2176 3722 2415 3768; x_wconf 88' lang='lat' dir='ltr'>concedatis</span> <span class='ocrx_word' id='word_1_672' title='bbox 2431 3750 2443 3762; x_wconf 92' lang='lat'>.</span> 
     </span>
    </p>
   </div>
   <div class='ocr_carea' id='block_1_13' title="bbox 1398 3781 2444 3886">
    <p class='ocr_par' dir='ltr' id='par_1_13' title="bbox 1398 3781 2444 3886">
     <span class='ocr_line' id='line_1_111' title="bbox 1398 3781 2444 3843; baseline -0.012 -6"><span class='ocrx_word' id='word_1_673' title='bbox 1398 3794 1495 3837; x_wconf 84' lang='lat' dir='ltr'>Non</span> <span class='ocrx_word' id='word_1_674' title='bbox 1515 3787 1761 3835; x_wconf 84' lang='lat' dir='ltr'>obstantibus</span> <span class='ocrx_word' id='word_1_675' title='bbox 1794 3785 1873 3829; x_wconf 85' lang='lat' dir='ltr'>fel.</span> <span class='ocrx_word' id='word_1_676' title='bbox 1904 3799 1989 3829; x_wconf 86' lang='lat' dir='ltr'>rec.</span> <span class='ocrx_word' id='word_1_677' title='bbox 2022 3785 2138 3843; x_wconf 83' lang='lat' dir='ltr'>Pauli</span> <span class='ocrx_word' id='word_1_678' title='bbox 2153 3787 2240 3838; x_wconf 88' lang='lat'>11.,</span> <span class='ocrx_word' id='word_1_679' title='bbox 2272 3785 2312 3826; x_wconf 78' lang='grc' dir='ltr'>δι</span> <span class='ocrx_word' id='word_1_680' title='bbox 2341 3781 2444 3824; x_wconf 89' lang='lat' dir='ltr'>alio-</span> 
     </span>
     <span class='ocr_line' id='line_1_112' title="bbox 2294 3853 2386 3886; baseline -0.054 0"><span class='ocrx_word' id='word_1_681' title='bbox 2294 3853 2386 3886; x_wconf 83' lang='lat' dir='ltr'>rum</span> 
     </span>
    </p>
   </div>
  </div>
 </body>
</html>
