2774 4068
394 201 558 286 118

326 319 434 363 timae
469 316 543 357 sua:
586 310 810 358 voluntatis
849 307 1077 368 hujusmodi
1120 316 1365 351 executores

326 374 534 422 constituit
555 398 570 419 a
600 373 641 413 δε
667 371 878 428 deputavit
905 400 920 422 ,
954 370 1055 414 insta
1078 367 1143 413 sex
1170 364 1366 418 annona

327 439 395 480 die
423 430 557 476 obitus
582 431 639 474 sui
661 430 1064 478 inchoandos2unum
1081 427 1366 471 Monasterium

327 492 890 547 Monialium,Capucinarum
904 486 1282 542 nuncupandarum2
1297 484 1367 529 sub

328 553 468 610 regula
495 552 645 594 Sanetae
659 550 791 594 Clarae
812 563 910 592 cum
934 561 1010 591 una
1043 545 1221 589 Ecclesia
1257 547 1363 588 intus

329 614 477 658 dictam
501 611 676 654 Terram
713 608 891 653 construi
921 637 934 658 a
964 610 1002 648 δε
1033 604 1220 649 aedifica-ri
1253 604 1364 648 face-

330 682 450 722 rent,
480 668 642 725 adjectis
665 667 968 712 conditionibus
990 694 1003 716 a
1034 665 1142 722 quod
1170 663 1369 708 Moniales

331 729 567 775 Monasterii
599 725 826 783 hujusmodi
856 727 994 783 plures
1025 752 1039 775 ‚
1070 726 1189 780 quam
1226 724 1368 780 viginti

332 790 542 846 quinque,
575 797 643 829 aut
675 787 723 827 ad
745 785 935 828 summum
960 783 1127 839 triginta
1151 780 1228 824 esse
1258 797 1368 827 non..

335 845 519 904 possent,
551 844 740 900 quodque
763 842 827 886 sex
850 843 998 886 Puellae
1026 843 1078 884 de
1095 846 1162 884 suo
1191 855 1368 898 genere,

334 909 376 949 δι
404 903 649 961 parentela,
679 917 763 958 quae
789 904 885 944 inibi
908 900 1090 958 profiteri
1120 900 1303 958 vellent,
1335 900 1373 941 in

333 964 537 1012 Moniales
566 963 680 1017 ipsius
708 962 941 1004 Monasterii
967 960 1093 1016 gratis
1117 987 1130 1006 a
1163 960 1201 999 &
1229 960 1375 1013 absque

337 1024 447 1066 dotis
478 1022 728 1078 praes‘tatione
759 1020 798 1061 in
826 1031 1068 1076 perpetuum
1096 1018 1218 1073 recipi
1243 1018 1372 1059 debe·

336 1092 431 1128 rent
447 1109 461 1129 2
497 1080 580 1123 aliae
595 1081 696 1123 vero
712 1079 863 1123 Puellae
878 1078 1143 1134 approbandae
1162 1078 1270 1132 prius
1284 1075 1372 1132 jux·

337 1153 379 1186 ta
406 1140 575 1182 formam
602 1139 828 1183 testamenti
846 1167 859 1188 ,
890 1154 972 1194 quae
997 1138 1148 1179 dictum
1175 1135 1374 1179 Monaste-

339 1202 445 1246 rium
464 1198 654 1254 ingredi,
686 1198 821 1251 ibique
837 1196 1022 1252 profiteri
1041 1204 1270 1250 cuperent,
1303 1200 1376 1250 pro

341 1272 480 1304 earum
507 1258 608 1301 dote
638 1269 716 1297 non
744 1257 906 1302 minus,
937 1257 1055 1311 quam
1071 1266 1237 1296 centum
1263 1251 1375 1296 scuta

341 1327 513 1363 monetae
538 1314 696 1356 solvere
725 1313 952 1362 deberent,
970 1329 1045 1368 pro
1067 1326 1245 1367 congrua
1277 1312 1373 1354 dieti

340 1374 579 1421 Monasterii
602 1372 701 1414 dote
716 1400 729 1422 a
762 1374 801 1415 &
818 1372 1054 1416 Monialium
1068 1375 1109 1418 in
1123 1386 1175 1414 eo
1191 1386 1264 1427 pro
1279 1379 1382 1413 tem-

338 1447 443 1492 pore
467 1432 709 1487 degentium
735 1430 1022 1478 sustentatione
1045 1460 1059 1482 ‚
1085 1431 1223 1474 onmia
1244 1430 1380 1473 bona-2

338 1493 408 1536 sua
437 1491 797 1534 taminterritorio
814 1490 925 1532 did'tae
942 1493 1107 1542 Terrae,
1137 1490 1255 1546 quam
1283 1488 1381 1531 alias

343 1552 579 1604 ubic-unque
616 1549 798 1593 locorum
830 1549 1042 1592 existentia
1066 1579 1080 1602 ‚
1110 1548 1380 1605 cujuscunque

342 1608 555 1666 qualitatis
583 1634 597 1655 ,
629 1609 669 1648 &
701 1608 937 1661 quantitatis
964 1608 1212 1655 existerent,
1245 1606 1384 1661 praedi-

340 1673 405 1711 eto
420 1665 686 1716 Monasterio,
702 1667 750 1708 sic
765 1666 979 1723 erigendo,
992 1666 1081 1723 jure
1097 1666 1353 1710 institutionis
1368 1692 1385 1714 2

339 1730 378 1771 ὃς
405 1739 547 1768 amore
565 1726 642 1770 Dei
673 1726 896 1780 reliquerat
914 1754 928 1776 ,
955 1735 1075 1782 prout
1102 1726 1141 1768 in
1165 1726 1274 1768 dieto
1297 1726 1379 1766 Te-

339 1786 544 1832 stamento
569 1784 726 1839 plenius
741 1785 953 1827 dicebatur
965 1784 1191 1828 contineri.
1226 1785 1377 1826 Etim-³

339 1844 488 1887 eadem
513 1842 763 1897 expositione
779 1842 1012 1898 subjuncto,
1043 1844 1176 1899 quod,
1192 1841 1217 1885 fi
1238 1847 1382 1886 Mona-

339 1902 509 1945 sterium
534 1900 647 1957 juxta
675 1902 1382 1956 praedisti'Testatoris‘voluntatem

344 1972 444 2003 tunc
475 1957 604 2005 forsan
632 1961 897 2002 constructum
924 1990 938 2012 ‚
980 1961 1046 2004 seu
1068 1959 1379 2005 construendum

339 2020 606 2075 erigeretur,
636 2020 675 2060 &
712 2019 1017 2071 institueretur,
1050 2019 1192 2075 illique
1219 2020 1269 2061 sic
1285 2031 1378 2060 ere-

338 2081 405 2123 ξὶο
422 2107 437 2127 ,
469 2079 509 2118 &
528 2077 708 2119 instituto
724 2078 828 2121 bona
854 2091 928 2134 per
942 2077 1070 2133 ipsum
1095 2077 1280 2120 Tullium
1295 2105 1308 2128 ,
1322 2076 1381 2118 uti

338 2133 558 2192 praefertur
575 2165 589 2185 ,
622 2134 760 2178 relicta
780 2149 854 2191 pro
873 2135 991 2193 ipsius
1005 2136 1129 2187 dote,
1161 2151 1205 2179 ac
1223 2135 1379 2178 Monia-

338 2197 439 2241 lium
468 2196 505 2235 in
521 2208 573 2235 eo
606 2208 678 2249 pro
694 2204 881 2251 tempore
902 2196 1157 2238 existentium
1184 2194 1374 2239 sustenta-

339 2255 454 2298 tione
495 2252 797 2308 applicarentur
834 2282 848 2305 ,
895 2256 935 2296 &
975 2254 1334 2310 appropriarentur
1359 2281 1374 2306 ³.

339 2312 504 2366 aliaque
521 2311 773 2364 infrascripta
789 2311 952 2364 fierent,
968 2312 1249 2369 proculdubio
1263 2327 1313 2354 ex
1329 2326 1376 2354 ea

340 2371 505 2413 ratione
524 2369 732 2423 Spirituali
748 2372 968 2414 commodo
988 2372 1101 2413 ‘dictae
1119 2374 1255 2414 Terrae
1268 2401 1283 2421 ,
1315 2369 1375 2411 di·

339 2430 512 2483 vinique
527 2426 659 2469 cultfis
675 2456 689 2479 ,
722 2430 759 2470 &
774 2430 932 2483 piorum
958 2445 1127 2485 operum
1144 2439 1380 2484 augmento,
1398 2457 1406 2465 .

343 2502 389 2532 ac
420 2486 516 2529 dicti
531 2486 695 2528 Ordinis
709 2489 986 2545 propagationi
1011 2503 1088 2530 non
1114 2489 1380 2532 mediocriter

342 2546 656 2590 consuleretur.

401 2607 491 2647 Nos
508 2601 875 2659 supplicationibus
899 2605 1182 2648 Univerfitatis
1197 2633 1211 2655 ,
1241 2607 1281 2650 &
1299 2608 1383 2648 Ho—

341 2662 496 2704 minum
538 2661 822 2717 praedfflomm
848 2692 861 2713 ‚
894 2664 1025 2704 Nobis
1051 2675 1148 2707 tunc
1175 2665 1381 2707 humiliter

340 2721 534 2780 porrectis
555 2721 767 2772 inclinati,
790 2722 957 2776 negotio
973 2722 1198 2778 hujusinodi
1215 2722 1253 2764 in
1268 2726 1381 2765 Con-

343 2781 586 2836 gregatione
604 2781 710 2821 Ven.
740 2783 927 2825 Fratrum
953 2783 1181 2825 nostrorum
1200 2783 1239 2823 S.
1263 2783 1316 2823 R.
1332 2783 1379 2823 E.

340 2839 626 2883 Cardinalium
651 2839 828 2895 negotiis
853 2840 1123 2895 Regularium
1148 2842 1380 2895 praeposito-

342 2910 434 2942 rum
460 2898 723 2948 examinato,
766 2900 806 2943 ὃς
832 2899 1256 2954 approbato‚Dilec“to
1275 2899 1380 2941 Filio

340 2956 514 2999 vicario
543 2958 647 2998 Ven.
672 2957 824 3001 Fratris
852 2957 972 3000 nostri
993 2958 1180 3014 Episcopi
1212 2957 1379 3002 Reatini

339 3014 382 3056 in
400 3014 671 3070 spiritualibus
687 3016 980 3071 Generali‚per
995 3015 1235 3066 nostras,sub
1252 3017 1381 3071 plum-

339 3073 393 3117 bo
419 3073 596 3130 desuper
617 3074 830 3128 expeditas
848 3075 988 3117 literas
1013 3075 1254 3118 dedimusin
1271 3088 1381 3119 man-

337 3131 448 3175 datis
478 3162 492 3184 ‚
525 3141 727 3186 quatenus
756 3135 1046 3177 Monasterium
1075 3135 1382 3178 constructum-2.

337 3190 405 3234 seu
425 3190 736 3234 construendum
754 3192 1005 3248 hujusmodi,
1037 3195 1063 3236 si
1077 3223 1091 3246 ,
1122 3196 1159 3236 8(
1175 3192 1378 3248 postquam

336 3249 476 3292 debita
490 3249 671 3293 clausura
691 3251 886 3292 munitum
910 3250 1078 3303 soret,in
1093 3251 1379 3297 Monasterium

336 3308 576 3353 Monialium
596 3309 899 3362 Capucinarum
913 3310 1274 3367 nuncupandarum
1298 3313 1380 3353 Or-

337 3366 448 3409 dinis
468 3370 510 3410 S.
533 3367 666 3413 Clarae
683 3382 756 3422 pro
784 3372 992 3424 perpetuis
1022 3370 1090 3412 usu
1108 3400 1122 3422 ‚
1151 3370 1193 3412 &
1220 3369 1378 3412 habita·

339 3426 451 3469 tione
478 3428 597 3468 unius
623 3425 862 3477 Abbatiffae,
895 3427 957 3469 seu
977 3429 1197 3476 Priorisiaea
1228 3442 1273 3470 ac
1291 3439 1373 3471 tre-

339 3482 473 3524 decim
506 3486 742 3527 Monialium
767 3514 781 3535 ,
821 3500 908 3543 quae
941 3486 1096 3544 semper
1133 3488 1372 3533 numerariae.

339 3542 587 3592 existerent,
618 3549 839 3600 &quarum
866 3546 1054 3600 quaelibet
1081 3561 1154 3602 pro
1169 3546 1370 3602 elemosy-

337 3612 389 3643 na
416 3599 549 3642 dotali
583 3602 724 3645 saltem
747 3603 924 3647 ducenta
954 3607 1064 3648 scuta
1084 3609 1258 3647 Monetae
1280 3609 1367 3649 Ro-

339 3670 462 3700 manae
494 3658 628 3701 eidem
656 3663 904 3705 Monasterio
945 3663 1044 3707 dare
1071 3663 1247 3707 deberet
1271 3694 1285 3716 ‚
1328 3667 1368 3708 δε

337 3724 550 3779 teneretur
576 3745 591 3766 ‚
630 3719 736 3761 inter
773 3736 868 3776 quas
904 3723 1105 3767 tredecim
1140 3725 1367 3776 Moniales,

338 3774 403 3822 sex
420 3785 471 3817 ex
489 3771 594 3817 linea
610 3802 624 3828 ³
652 3779 692 3822 δι
706 3781 921 3833 parentela
936 3781 1032 3827 dieti
1050 3779 1174 3827 Tullii
1192 3782 1367 3845 semper,

1126 189 1651 279 Pron-..incia

1423 309 1464 351 δε
1493 302 1693 364 perpetuo
1717 299 1840 359 gratis
1869 299 1997 357 'recipi
2023 328 2037 351 ,
2067 300 2108 341 &
2135 296 2297 341 admitti
2323 295 2455 340 debe·

1424 378 1522 411 rent
1540 396 1554 418 ,
1583 367 1665 412 ita,
1697 374 1847 404 utuna
1876 361 2077 404 moriente
2105 387 2118 410 ‚
2149 358 2227 401 alia
2256 356 2453 399 duntaxat

1427 428 1468 471 in
1494 426 1581 483 ejus
1607 423 1742 466 locum
1771 418 2018 463 sufficeretur
2043 446 2057 469 ,
2088 419 2172 462 aliae
2205 421 2335 472 vero,
2367 435 2452 476 quae

1427 488 1541 543 supra
1565 485 1718 528 dictum
1743 493 1958 522 numerum
1975 479 2027 522 de
2042 489 2200 522 coetero
2222 482 2454 536 reciperen-

1423 556 1516 594 tur,
1547 538 1900 599 supernumerariae
1928 537 2194 582 censerentur
2225 570 2238 593 ,
2269 541 2456 597 duplica-

1425 616 1589 660 tamque
1607 602 1749 646 dotem
1777 597 2043 653 persolvere,
2073 611 2119 640 ac
2144 599 2299 643 solitam
2326 603 2459 646 licen·

1429 665 1527 707 tiam
1554 663 1694 706 adiffl
1707 657 2036 712 Congregatione
2051 658 2238 702 obtinere
2264 670 2458 704 teneren-

1429 733 1526 773 tur,
1559 719 1797 764 auctoritate
1825 716 1953 757 nostra
1972 713 2052 757 sine
2068 717 2235 776 alicujus
2263 721 2456 777 praejudi-

1432 784 1498 825 cio
1510 781 1695 835 erigeret
1708 806 1723 829 ‚
1755 774 2037 817 &institueret
2053 802 2068 824 ,
2097 775 2258 833 aliaque
2275 779 2426 824 faceret
2442 808 2457 830 ,

1430 851 1549 897 prout
1577 841 1616 882 in
1645 836 1757 880 dictis
1784 833 1940 883 literis,
1972 846 2140 888 quarum
2165 846 2330 881 tenores
2356 856 2456 896 prae-

1435 900 1612 942 sentibus
1628 911 1700 954 pro
1715 893 1961 937 sufficienter
1975 893 2163 949 expressis
2182 896 2323 940 haberi
2341 900 2460 943 volu-

1436 973 1523 1002 mus
1537 987 1551 1009 ,
1583 955 1736 1010 plenius
1752 952 1986 996 continetur
2000 980 2011 992 .

1488 1021 1595 1060 Cum
1621 1025 1759 1058 autem
1779 1041 1793 1064 ‚
1822 1010 1918 1053 ficut
1937 1010 2188 1055 Universitas
2206 1015 2243 1055 &
2259 1017 2460 1062 Homines

1431 1075 1604 1134 praedic'ti
1629 1073 1757 1117 Nobis
1791 1085 1919 1126 nuper
1945 1073 2093 1126 exponi
2123 1070 2342 1128 fecerunt,
2374 1091 2462 1123 ne,

1437 1147 1634 1193 pauperes
1659 1131 1806 1190 pueliae
1833 1130 1945 1174 dit‘tae
1962 1131 2125 1182 Terrae,
2156 1147 2242 1189 quae
2270 1133 2463 1179 summam

1435 1194 1704 1237 ducentorum
1741 1189 1945 1232 scutorum
1986 1188 2207 1245 hujusmodi
2248 1208 2324 1249 pro
2359 1196 2462 1240 dote

1434 1249 1752 1309 persolvendam
1780 1261 1858 1291 non
1881 1249 2029 1290 habent
2051 1278 2067 1301 ,
2101 1250 2148 1291 ab
2177 1251 2356 1310 ejusdem
2372 1258 2465 1298 Μο-

1434 1311 1590 1355 nasterii
1607 1306 1779 1365 ingressu
1797 1308 2112 1362 prohiberentur
2131 1338 2144 1359 ,
2162 1309 2306 1355 dotem
2319 1315 2465 1369 praedi-

1438 1373 1540 1414 &am
1556 1369 1606 1412 ad
1621 1378 1784 1412 centum
1799 1365 1906 1409 scuta
1924 1366 2062 1409 similia
2075 1395 2090 1417 ,
2120 1367 2233 1425 juxta
2248 1372 2354 1428 piam
2369 1374 2465 1417 dieti

1439 1428 1663 1473 Testatoris
1689 1427 1986 1483 dispositionem
2004 1453 2017 1476 ,
2048 1427 2190 1470 reduci
2212 1427 2464 1488 summopere

1442 1487 1673 1532 desiderent
1689 1515 1703 1538 ‚
1732 1490 1817 1529 Nos
1834 1486 1924 1527 illos
1940 1484 2200 1541 amplioribus
2227 1487 2432 1532 favoribus
2449 1517 2464 1540 2

1440 1547 1628 1603 &gratiis
1655 1544 1841 1601 prosequi
1859 1544 2050 1587 volentes
2073 1573 2087 1595 ‚
2118 1547 2155 1587 &
2176 1561 2312 1590 earum
2340 1548 2468 1607 singu*

1445 1607 1548 1649 lares
1565 1606 1751 1661 personas
1782 1606 1805 1647 a
1819 1602 2022 1660 quibusvis
2034 1607 2468 1651 excommunicationis

1444 1663 1725 1720 suspensionis,
1755 1664 1794 1705 δε
1820 1662 2051 1714 interdicti,
2083 1662 2248 1720 aliisque
2267 1667 2468 1711 Ecclesia-

1440 1724 1539 1767 sticis
1562 1721 1771 1765 sententiis
1797 1750 1811 1773 ,
1843 1721 2017 1764 censuris
2042 1723 2083 1763 &
2112 1724 2242 1777 poenis
2258 1753 2272 1776 ‚
2303 1727 2326 1769 a
2349 1725 2467 1782 jure,

1440 1783 1502 1826 vel
1530 1781 1581 1825 ab
1602 1781 1792 1832 homine,
1824 1781 1963 1836 quavis
1990 1784 2226 1833 occasione,
2261 1784 2326 1826 vel
2351 1785 2468 1828 causa

1443 1842 1562 1894 latis,
1591 1839 1617 1881 si
1646 1839 1789 1895 quibus
1813 1839 2125 1896 quomodolibet
2156 1841 2355 1886 innodata:
2380 1845 2469 1886 exi-

1444 1902 1547 1946 stunt
1563 1929 1579 1950 ‚
1609 1899 1657 1942 ad
1678 1899 1862 1942 effectum
1889 1899 2142 1952 praesentium
2164 1900 2360 1946 duntaxat
2375 1918 2469 1945 con·-

1437 1957 1687 2017 sequendum
1701 1988 1716 2010 ,
1731 1962 1870 2001 harum
1886 1957 1991 2000 serie
2019 1957 2306 2010 absolventes,
2335 1963 2376 2004 δε
2397 1963 2468 2004 ab—

1442 2020 1587 2065 solutas
1617 2015 1705 2060 fore
1733 2019 1944 2060 censentes
1966 2046 1980 2069 ‚
2012 2018 2369 2074 supplicationibus
2397 2035 2472 2064 eo-

1441 2093 1526 2123 rum
1546 2078 1706 2120 nomine
1719 2077 1845 2119 Nobis
1867 2076 1984 2132 super
2005 2078 2083 2120 hoc
2101 2078 2313 2122 humiliter
2329 2093 2471 2136 porre-

1439 2139 1512 2181 &is
1525 2134 1704 2179 inclinati
1718 2164 1731 2186 ,
1763 2135 1815 2178 de
1831 2136 2056 2179 eorundem
2074 2136 2359 2179 Cardinalium
2377 2153 2472 2181 con·-

1436 2197 1551 2247 filio,
1580 2193 1688 2249 quod
1703 2194 1905 2236 tredecim
1936 2195 2214 2247 Moniales‚in
2240 2198 2470 2253 praedistum

1435 2251 1718 2299 Monasterium
1738 2266 1813 2307 pro
1827 2262 2012 2307 tempore
2030 2255 2334 2298 introducendae
2348 2287 2363 2308 ,
2376 2270 2472 2299 cum

1436 2314 1535 2357 dote
1551 2321 1716 2356 centum
1742 2310 1941 2353 scutorum
1958 2323 2146 2364 monetae,
2162 2314 2203 2355 in
2219 2314 2323 2356 dicta
2342 2317 2474 2358 Terra

1439 2374 1595 2415 cursum
1623 2371 2001 2426 habentis,recipi,
2031 2373 2069 2413 δε
2100 2372 2262 2414 admitti
2294 2373 2436 2429 poffint
2455 2403 2472 2426 ‚

1439 2435 1475 2478 δι
1492 2431 1697 2479 debeant,
1729 2443 1803 2473 nec
1822 2430 1912 2471 illas
1936 2430 1987 2471 ad
2003 2430 2120 2472 aliam
2146 2429 2386 2476 solutionem
2405 2445 2472 2476 te-

1419 2487 1773 2542 ,neri,Aposlolica
1786 2488 1819 2527 A
1828 2489 2212 2539 ustoritate2tenore
2221 2493 2474 2544 praesentium

1441 2548 1646 2592 statuimus
1675 2575 1689 2598 ,
1719 2547 1759 2587 ὃ(
1782 2546 2014 2589 ordinamus
2041 2576 2055 2599 ,
2095 2560 2177 2590 non
2218 2550 2375 2592 obstant
2387 2551 2473 2592 ibus

1443 2609 1570 2652 literis
1598 2605 1740 2650 nostris
1764 2604 1985 2660 praedietis,
2017 2619 2094 2648 nec
2111 2620 2189 2648 non
2216 2609 2399 2651 omnibus
2418 2610 2471 2651 il-

1442 2668 1489 2713 lis
1508 2696 1521 2717 ,
1551 2678 1635 2722 quae
1654 2665 1694 2706 in
1710 2662 1849 2704 iisdem
1865 2664 2064 2708 voluimus
2081 2678 2159 2707 non
2174 2666 2333 2711 obstare
2350 2697 2364 2720 ,
2395 2682 2472 2711 cae·

1442 2726 1618 2780 terisque
1633 2723 1847 2767 contrariis
1864 2723 2162 2781 quibuscunque
2176 2753 2187 2766 .

1439 2782 1443 2786 ”
1498 2787 1650 2828 Datum
1668 2784 1806 2825 Romae
1829 2782 1934 2837 apud
1951 2786 2133 2826 Sanctam
2153 2784 2323 2828 Mariam
2341 2785 2473 2844 Majo-

1439 2858 1526 2887 rem
1550 2841 1617 2883 sub
1645 2841 1811 2883 Annulo
1841 2842 2052 2883 Piscatoris
2084 2842 2252 2884 diextv.
2282 2849 2471 2899 Septem-

1441 2904 1522 2945 bris
1540 2914 1718 2944 mncxvi
1734 2914 1793 2943 ιι.
1811 2900 2077 2944 Pontificatus
2100 2901 2234 2945 Nostri
2250 2905 2370 2948 Anno
2396 2906 2474 2949 de-

1440 2964 1547 3007 cimo
1563 2969 1714 3017 quarto
1728 2988 1739 3003 .

1833 3080 1892 3121 Μ.
1907 3076 2092 3122 Vestrius
2109 3079 2328 3122 Barbianus
2339 3110 2355 3121 .

1500 3216 1622 3254 Breve
1627 3210 1855 3270 formatum
1873 3212 1915 3253 in
1933 3212 2050 3257 Areh.
2069 3214 2307 3258 Monialium
2322 3244 2334 3255 .

1437 3372 1906 3387 μψ-ῇῇ-

1430 3484 1762 3539 Monasterium
1798 3486 2072 3535 Monialium
2103 3485 2149 3532 in
2170 3483 2376 3533 Civitate
2398 3484 2474 3532 Bi·

1499 3555 1751 3625 turgienfi,
1791 3555 1865 3605 seu
1899 3556 2042 3624 Burgi
2063 3559 2110 3604 S.
2132 3554 2370 3620 Sepulchri
2403 3555 2473 3602 in-

1472 3684 1474 3686 ·
1500 3626 1687 3686 stitui‚in
1705 3645 1758 3676 eo
1781 3644 1856 3684 υ,
1878 3628 2103 3674 Monialcs
2125 3627 2341 3674 collocari
2361 3661 2376 3682 ,
2414 3643 2471 3673 ex

1499 3697 1753 3749 redditibus
1794 3691 2195 3747 Confraternitatis
2227 3700 2275 3745 S.
2306 3699 2471 3746 Crucis

1503 3771 1556 3821 iis
1589 3766 1849 3827 subveniri,
1893 3784 1944 3817 ac
1969 3766 2221 3818 clausuram
2255 3766 2308 3816 ab
2342 3770 2428 3877 isllgs
2452 3801 2467 3822 ‚

2361 3851 2384 3879 U
