2774 4068
321 358 398 403 pec
416 255 511 387 εαξη
539 342 739 397 condito,
770 345 811 387 ἃ
839 345 909 388 sub
926 343 1039 403 cujus
1055 341 1320 402 dispositione
1335 348 1386 389 ab

323 406 511 447 humanis
535 403 735 457 decessit,
767 404 1046 457 testamento,
1074 407 1271 464 scipione
1295 405 1384 460 ejus

322 468 495 519 Nepote
530 464 689 508 haerede
713 464 929 517 instituto,
960 465 1090 509 voluit
1113 492 1128 515 a
1159 464 1272 523 quod
1302 466 1387 522 ipso

320 524 475 579 absque
493 522 637 566 liberis
655 520 892 568 decedente
909 555 924 577 ‚
951 525 1075 569 tertia
1093 541 1182 582 pars
1199 527 1383 570 omnium

318 583 484 626 suorum
505 583 711 628 bonorum
729 614 741 637 ,
770 599 823 628 ex
851 585 996 643 quibus
1030 586 1173 629 haberi
1203 585 1348 642 poffint
1371 615 1385 638 ,

317 646 357 685 &
381 645 614 704 habeantur
640 657 770 689 annua
794 644 906 690 scuta
929 644 1120 702 sexcenta
1137 656 1325 697 monetae,
1342 646 1382 688 in

318 699 576 756 redditibus,
589 718 666 760 pro
682 705 894 748 eret'tione
909 704 1152 764 infrascripti
1175 705 1381 749 Monaste-

323 764 407 814 rii,
423 778 475 806 ex
495 764 611 806 dictis
628 764 877 816 redditibus,
893 768 945 809 eo
967 766 1135 809 interim
1149 792 1163 814 s
1194 767 1236 807 δι
1257 780 1384 822 quan·

319 826 370 880 to¹
393 824 510 881 citius
538 824 577 865 in
603 824 791 867 Civitate
807 825 1006 878 castelli,
1022 825 1110 883 ejus
1136 826 1273 869 Patria
1289 855 1304 877 ,
1330 839 1377 868 ac

324 882 426 927 loco
454 884 583 939 magis
610 893 743 939 apto,
776 886 815 926 δι
845 886 949 929 bene
981 883 1065 928 viso
1090 899 1165 942 pro
1186 897 1376 940 tempore

320 942 511 986 existenti
544 944 772 999 Episcopo,
803 945 1378 1000 &GeneraliSocietatisJe-

321 1001 397 1053 su,
433 1001 500 1045 seu
527 1004 772 1046 Guardiano
799 1004 1044 1049 Conventus
1063 1005 1375 1060 Capucinorum

317 1061 439 1104 dictae
456 1062 673 1114 Civitatis,
692 1063 761 1105 sub
779 1062 1048 1121 infrascriptis
1068 1063 1374 1106 conditionibus

317 1120 585 1166 construendi
598 1152 610 1172 ‚
625 1124 664 1168 &
679 1122 883 1179 erigendi,
900 1124 972 1175 ita,
988 1135 1031 1167 ut
1047 1124 1146 1166 infra
1162 1124 1374 1168 biennium

317 1181 348 1231 ’ξΐ
376 1177 450 1222 die.
473 1179 608 1224 obitfis
642 1182 738 1224 disti
766 1182 965 1238 Scipionis
987 1213 1001 1234 ,
1044 1183 1070 1226 si
1098 1182 1186 1225 fieri
1215 1182 1332 1240 poffit
1360 1213 1375 1236 ,

321 1240 508 1295 construi
522 1269 536 1291 ,
551 1243 590 1283 δι
606 1241 710 1296 erigi
725 1241 900 1284 deberet
914 1274 929 1294 ,
947 1242 1208 1300 assignaretur
1220 1269 1234 1290 ‚
1247 1245 1287 1285 δι
1302 1257 1375 1298 ap·

314 1299 575 1357 plicaretur‚
603 1314 650 1342 ac
668 1299 766 1343 ali-ds
794 1301 1016 1358 disposuit,
1042 1315 1164 1359 prout
1195 1303 1235 1344 in
1264 1303 1374 1345 dina

316 1357 570 1402 testamento
589 1387 603 1410 ,
628 1372 688 1402 -ac
718 1357 928 1417 scripturis
965 1361 1142 1419 desuper
1174 1363 1372 1407 confectis

311 1418 476 1474 plenius
504 1417 748 1461 continetur
765 1449 777 1461 .
811 1422 919 1463 Cum
937 1424 1207 1474 autem,sicut
1222 1423 1370 1466 eadem

311 1477 468 1532 petitio
484 1476 756 1534 subjungebat
774 1505 788 1529 ,
818 1478 904 1535 ipso
921 1481 1112 1537 Scipione
1127 1481 1277 1540 absque
1295 1485 1368 1526 Li-

313 1536 425 1579 beris
457 1536 513 1579 de
530 1540 654 1581 Auno
677 1538 845 1582 Domini
862 1540 981 1582 1628.
1014 1539 1081 1585 seu
1108 1543 1190 1585 alio
1214 1543 1373 1585 veriori

315 1606 511 1651 tempore
539 1593 627 1639 vita
652 1594 819 1649 functo,
851 1612 898 1641 ac
928 1599 1372 1646 voluntatiTessatoris

311 1653 548 1710 hujusmodi
577 1655 671 1698 loco
687 1653 890 1707 facto,ad
919 1658 960 1701 id
977 1661 1176 1718 Deputati
1202 1663 1242 1704 in
1271 1676 1370 1718 prae-

313 1713 426 1758 dieta
449 1715 641 1758 Civitate
657 1743 672 1765 ,
700 1717 741 1757 &
768 1715 866 1759 loco
893 1718 945 1760 ad
971 1719 1021 1761 id
1040 1721 1223 1776 apprime
1238 1731 1364 1777 apto,

308 1775 349 1816 &
380 1772 683 1824 accomodate,
714 1789 763 1817 ac
789 1774 1022 1834 Episcopo,
1053 1780 1094 1820 &
1119 1781 1367 1825 Guardiano

309 1833 514 1889 praedietis
530 1834 636 1876 bene
654 1833 761 1885 viso,
777 1849 827 1878 ex
844 1837 1071 1881 redditibus
1093 1839 1209 1883 dietae
1232 1841 1367 1884 tertiae

311 1892 451 1949 partis
477 1892 697 1949 quemdam
723 1893 840 1938 situm
867 1910 943 1952 pro
969 1899 1186 1943 commoda
1216 1900 1372 1943 habita-

309 1953 435 1995 tione
468 1950 810 2009 infrascriptarum
841 1956 1088 2002 Monialium
1114 1961 1165 2004 ad
1188 1959 1372 2003 debitam

308 2010 551 2054 Monasterii
589 2010 760 2056 formam
796 2015 1070 2069 redegerint,
1109 2034 1155 2061 ac
1186 2021 1370 2063 omnibus

307 2070 389 2113 suis
415 2072 601 2113 numeris
617 2100 632 2123 ,
656 2074 695 2113 &
723 2074 904 2127 partibus
925 2076 1209 2129 absolverint,
1238 2080 1279 2120 δε
1295 2078 1370 2122 de·

308 2130 394 2173 bita
422 2130 607 2172 clausura
634 2133 885 2175 muniverint
902 2162 917 2184 ‚
942 2148 990 2178 ac
1014 2135 1146 2179 adsint
1161 2137 1275 2180 dic‘tae
1290 2138 1367 2195 piae

307 2188 503 2245 Virgines
520 2217 534 2239 ,
547 2189 650 2232 illud
677 2191 727 2233 ad
743 2191 928 2235 debitam
947 2196 1202 2239 Monasteriis
1229 2198 1366 2254 perfe-

306 2249 488 2291 ctionem
504 2263 553 2291 ex
569 2251 704 2292 animo
717 2255 982 2306 expeftantes
994 2285 1005 2295 .
1020 2257 1163 2315 Qare
1178 2271 1254 2313 pro
1268 2273 1365 2315 par-

306 2319 352 2351 te
368 2307 571 2350 dictarum
587 2310 805 2366 virginum
821 2313 953 2356 Nobis
976 2316 1193 2359 humiliter
1211 2317 1361 2373 suppli-

304 2377 446 2411 catum
473 2364 553 2411 fuit
578 2395 591 2418 ,
624 2379 825 2425 quatenus
854 2373 929 2426 piis
962 2377 1069 2418 votis
1100 2375 1362 2431 hujusmodi,

302 2441 351 2469 ac
381 2425 482 2470 alias
508 2428 552 2469 in
569 2427 770 2483 praemiffis
786 2435 1018 2486 opportune
1045 2435 1286 2491 providere,
1303 2436 1358 2479 de

301 2486 813 2542 BenignitateApostolica
828 2489 1201 2546 dignaremur.Nos
1212 2497 1357 2552 igitur,

301 2545 379 2601 qui
410 2559 484 2600 pto
514 2546 784 2589 incumbente
815 2551 942 2593 nostri
975 2553 1191 2597 Pastoralis
1218 2555 1358 2598 officii

299 2602 575 2659 adimplenda
592 2619 689 2647 cura
701 2635 716 2657 ,
731 2608 771 2647 &
783 2607 1086 2665 sollicitudine,
1101 2614 1182 2669 pia,
1200 2616 1237 2657 &
1256 2613 1357 2658 salu·
1378 2655 1381 2658 ,

299 2663 409 2714 bria,
420 2677 466 2705 ac
483 2663 535 2706 ad
545 2664 1128 2720 DivinumCultum,Ecc1efiae
1142 2674 1359 2717 exaltatio.

297 2724 698 2790 nem,proximiq;,&
713 2725 1173 2788 PuellarumVirginum
1186 2732 1361 2778 subven-

297 2793 454 2826 tionem
478 2811 492 2833 ,
537 2786 863 2841 Animarumque
897 2788 1075 2834 salutem
1107 2792 1358 2837 tendentia.)

296 2855 426 2909 opera
446 2856 686 2897 procurare
698 2873 712 2895 ,
727 2846 767 2886 &
782 2860 1030 2900 promovere
1049 2854 1362 2910 tenemur,ipsits

297 2903 496 2957 Virgines
515 2928 529 2950 a
564 2905 600 2944 δε
621 2917 765 2945 earum
784 2907 1008 2962 singulares
1023 2913 1214 2967 personas
1230 2916 1253 2959 a
1268 2915 1362 2971 qui-

302 2960 437 3003 busvis
454 2965 900 3009 excommunicationis
913 2996 927 3018 ·,
943 2969 1203 3027 suspensionis
1215 3003 1228 3026 ,
1243 2975 1284 3015 &
1301 2976 1361 3017 in-

298 3020 486 3071 terdiffli,
500 3021 671 3077 aliistiue
690 3025 980 3071 Ecclefiasticis
997 3031 1236 3086 sententiis,
1262 3048 1359 3076 cen-

295 3078 399 3122 suris
416 3109 429 3131 ,
452 3082 642 3135 &poenis
670 3081 829 3139 ajure,
862 3088 928 3131 vel
954 3090 1004 3132 ab
1021 3091 1357 3150 homine,quavis

296 3139 538 3191 occasione,
574 3140 642 3182 vel
670 3142 786 3186 causa
811 3144 934 3199 latis,
968 3149 992 3191 fi
1019 3152 1164 3206 quibus
1182 3167 1355 3207 quomo—

294 3198 465 3241 dolibet
481 3200 684 3242 innodatae
701 3202 935 3249 exstiterint
951 3236 965 3259 ,
980 3209 1030 3252 ad
1047 3210 1236 3254 effectum
1252 3227 1330 3269 ptae
1344 3235 1354 3245 ·

294 3257 479 3302 sentium
517 3259 675 3301 tantum
697 3262 1029 3319 consequendum
1046 3299 1059 3322 ‚
1079 3272 1222 3314 harum
1249 3271 1353 3316 serie

291 3317 559 3383 absolventes
575 3346 588 3367 ‚
617 3322 656 3360 ὅ(
673 3319 875 3366 absolutas
896 3325 986 3370 sore
1010 3329 1222 3374 censentes
1237 3359 1251 3381 ,
1280 3334 1351 3374 hu-

291 3377 472 3442 jusmodi
505 3377 864 3435 supplicationibus
890 3387 1351 3442 inclinati‚Discretio-

294 3448 337 3475 m
353 3445 447 3485 tuae,
461 3450 510 3480 ex
528 3450 629 3481 voto
642 3439 941 3486 VenzFratrum
959 3449 1185 3492 nostrorum
1198 3452 1352 3494 s.R.E.

292 3495 580 3540 Cardinalium
608 3499 788 3554 negotiis
820 3504 1091 3559 Regularium
1122 3510 1352 3566 praepofito-

292 3565 408 3604 rum,
432 3570 506 3611 per
520 3559 758 3614 Apostolica
781 3562 945 3615 Scripta
957 3570 1196 3611 mandamus
1211 3598 1224 3620 ,
1252 3584 1352 3626 qua-

290 3621 415 3654 tenus
447 3618 744 3660 monasterium
770 3622 1006 3676 pradictum
1023 3659 1038 3678 ‚
1066 3628 1172 3685 jam,
1187 3639 1232 3670 ut
1250 3645 1352 3685 prae-

291 3669 427 3712 fertur
445 3677 657 3723 ,omnibus
675 3678 748 3722 suis
761 3684 944 3726 numeris
961 3713 975 3736 ‚
1005 3702 1051 3729 ac
1078 3688 1263 3745 partibus
1281 3689 1350 3731 ab·

290 3728 474 3797 solutum
489 3762 503 3785 ‚
518 3747 566 3775 ac
587 3734 839 3784 sufficienter
852 3741 1042 3787 dotatum
1059 3776 1072 3798 ‚
1099 3761 1146 3789 ac
1162 3749 1349 3791 omnibus

289 3790 386 3857 alus
400 3792 627 3835 necessariis
643 3811 935 3854 competenter
952 3805 1156 3856 provisum
1172 3806 1228 3852 ‚in
1247 3811 1351 3851 Coe-

288 3850 457 3894 nobium
486 3853 732 3899 Monialium
751 3860 919 3906 Ordinis
953 3867 996 3908 S·
1013 3866 1147 3910 Clarae
1165 3867 1349 3924 Capuci·

1005 224 1677 315 Provincia?

1449 359 1600 390 narum
1629 358 1730 388 cum
1757 343 1979 399 interiori,
2022 347 2063 389 δε
2087 344 2289 389 exteriori
2321 344 2507 391 Ecclesia

1448 406 1518 450 sub
1543 406 1838 458 invocatione,
1865 406 2065 464 Episcopo
2092 408 2199 450 bene
2228 403 2312 448 visa
2332 433 2347 457 ,
2374 404 2506 460 sacra,

1447 468 1488 508 δι
1503 462 1676 522 profana
1697 465 1981 523 sitppellefitile
1993 469 2199 510 decenter
2217 475 2360 510 ornata
2379 493 2396 516 ,
2410 479 2504 511 cum

1445 524 1662 583 campanili
1694 525 1869 577 humili,
1887 528 2093 583 campanis
2109 557 2125 578 ,
2153 525 2359 576 claustro,
2386 524 2503 569 refe-

1445 585 1605 637 ctorio,
1637 585 1916 636 dormitori0,
1947 586 2229 629 collocutorio
2250 613 2264 637 ,
2299 594 2504 629 coemete-

1445 646 1508 687 rio
1523 674 1538 698 ,
1552 645 1670 688 cellis
1686 674 1698 696 ,
1718 644 1847 687 hortis
1864 672 1878 695 ,
1905 646 2128 688 hortalitiis
2147 674 2160 697 ,
2185 645 2354 701 aliisque
2371 657 2503 686 mem·

1446 705 1529 747 bris
1545 733 1558 756 ,
1578 706 1618 746 &
1631 704 1804 758 officinis
1818 701 2149 760 necessariis,pro
2163 705 2377 762 perpetuis
2397 702 2464 746 usu
2478 732 2494 756 ,

1443 767 1484 809 Sc
1511 764 1769 808 habitatione
1796 764 1919 805 unius
1934 761 2155 806 Abbatiffae
2172 790 2189 815 ‚
2217 762 2285 807 seu
2313 762 2505 820 superio—

1437 823 1537 869 riffae
1550 824 1603 867 de
1619 823 1801 867 triennio
1819 822 1857 864 in
1874 822 2101 866 triennium
2114 852 2129 875 ,
2145 836 2220 879 per
2234 825 2502 866 Conventum

1436 883 1533 930 disti
1550 882 1784 926 Monasterii
1803 894 1879 939 per
1895 892 1991 925 vota
2007 880 2167 926 secreta
2183 910 2197 935 ,
2211 892 2282 925 aut
2299 881 2413 935 alias,
2436 882 2503 938 ju-

1437 954 1506 987 xta
1548 954 1686 985 tamen
1720 940 1906 985 Concilii
1940 941 2175 985 Tridentini
2205 943 2386 986 Decreta
2405 971 2420 994 ,
2452 956 2500 987 ac

1436 1001 1790 1046 Con-stitutionem
1818 998 1992 1047 fel-rec.
2010 1001 2207 1058 Gregorii
2235 1001 2351 1057 Papae
2374 1003 2499 1044 XIII.

1437 1059 1746 1106 Praedecessoris
1765 1059 1904 1103 Nostri
1927 1060 2128 1117 ,desuper
2159 1060 2317 1103 editam
2340 1090 2355 1114 ,
2386 1060 2502 1104 alias-

1437 1121 1758 1178 queCanonicas
1772 1119 1998 1163 sanctiones
2015 1121 2314 1178 eligendae,pro
2327 1119 2500 1163 aliarum

1437 1180 1679 1238 quindecim
1693 1179 1943 1223 Monialium
1959 1194 2136 1224 numero
2150 1180 2242 1233 ,ita,
2260 1190 2305 1224 ut
2320 1192 2372 1223 ex
2388 1193 2498 1222 nunc

1436 1238 1673 1298 computata
1690 1237 1904 1284 Abbatissa
1918 1270 1932 1292 ,
1947 1241 1987 1282 δι
2015 1238 2240 1284 Conversis
2254 1268 2270 1292 ,
2295 1238 2498 1283 Moniales

1434 1303 1508 1344 sint
1535 1300 1697 1342 tantum
1715 1313 1889 1342 numero
1919 1298 2156 1351 sexdecim,
2186 1298 2211 1342 fi
2234 1314 2288 1344 ex
2317 1297 2497 1343 redditi-

1435 1363 1509 1404 bus
1541 1359 1743 1417 predictis
1774 1359 2034 1416 experientia
2060 1359 2222 1403 constet
2250 1363 2494 1418 majorem..-

1430 1433 1650 1466 numerum
1667 1419 1913 1462 Monialium
1929 1418 2174 1471 sustentari,
2200 1420 2240 1462 δι
2254 1428 2499 1462 manutene-

1434 1482 1468 1525 ri
1496 1477 1630 1538 poffe,
1653 1488 1852 1534 augeatur
1877 1478 1988 1521 ultra
2021 1478 2229 1522 sexdecim
2255 1478 2307 1520 ad
2331 1477 2497 1533 quanti·

1435 1551 1568 1584 tatem
1586 1567 1601 1591 ,
1631 1553 1718 1596 quae
1741 1552 1793 1580 ex
1821 1537 1938 1580 dictis
1969 1537 2202 1582 redditibus
2227 1536 2312 1589 ali,
2343 1541 2382 1580 &
2411 1551 2499 1580 ma-

1436 1597 1631 1643 nuteneri
1661 1598 1848 1654 poterit,
1879 1598 1920 1638 &
1936 1598 1962 1638 fi
1978 1597 2122 1653 aliqua:
2147 1595 2294 1650 puellae
2307 1609 2361 1639 ex
2374 1598 2494 1640 Con-

1431 1657 1665 1716 sanguineis
1683 1685 1697 1709 ,
1730 1656 1798 1701 vel
1816 1655 2002 1700 affinibus
2019 1655 2115 1699 dieti
2134 1654 2360 1698 Testatoris
2375 1684 2390 1708 ‚
2422 1655 2493 1699 vel

1429 1719 1520 1776 ejus
1551 1716 1760 1760 haeredum
1789 1715 1947 1769 adsint,
1976 1730 2066 1774 quae
2097 1713 2327 1770 inspirante
2345 1715 2493 1759 Domi-

1430 1793 1484 1821 no
1512 1777 1642 1822 velint
1671 1777 1766 1819 Deo
1778 1775 1998 1828 famulari,
2029 1777 2070 1817 &c
2099 1773 2204 1818 effici
2222 1773 2428 1818 Moniales
2447 1774 2488 1816 in

1430 1838 1540 1881 dicto
1554 1835 2028 1886 Monasterio,habentes
2043 1834 2183 1878 debita
2200 1832 2390 1891 requisita
2404 1863 2420 1887 ,
2436 1833 2488 1878 ad

1432 1896 1632 1941 Habitum
1646 1893 1871 1949 huiusmodi
1901 1894 1940 1937 in
1961 1895 2073 1939 dicto
2097 1893 2348 1938 Monalierio
2368 1891 2490 1937 susci-

1433 1955 1657 2014 piendum,
1686 1956 1727 1997 &
1750 1955 1791 1997 in
1821 1969 1873 1998 eo
1901 1952 2390 2011 profitendum,omnino
2412 1953 2489 1996 de·

1433 2018 1559 2059 beant
1591 2015 1633 2058 in
1671 2027 1724 2058 eo
1767 2015 1895 2070 recipi
1919 2043 1934 2067 ,
1980 2027 2226 2071 quacunque
2260 2012 2487 2069 oppositio-

1430 2089 1483 2118 ne
1498 2075 1657 2131 penitus
1669 2103 1682 2127 ‚
1705 2075 1924 2117 &omnino
1942 2072 2147 2116 cessante:
2178 2074 2220 2115 δε
2234 2086 2286 2115 ex
2299 2072 2379 2115 istis
2397 2085 2486 2113 om·

1430 2136 1546 2179 nibus
1561 2133 1811 2178 Monialibus
1830 2137 1904 2177 hac
1920 2135 2050 2190 prima
2077 2133 2168 2175 vice
2181 2132 2271 2175 duae
2283 2146 2358 2188 per
2370 2133 2486 2174 Ven:

1429 2197 1497 2237 Fr.
1515 2194 1692 2237 nostrum
1709 2192 1956 2249 Episcopum
1971 2223 1987 2244 ,
2014 2192 2104 2236 duae
2122 2205 2197 2248 per
2212 2190 2483 2248 Capitulum,

1424 2253 1746 2302 &CanonicOS,
1775 2267 1822 2296 ac
1849 2256 2033 2309 quinque
2062 2265 2138 2307 per
2165 2249 2482 2296 Guardianunt,

1425 2312 1736 2370 Capucinorum
1751 2339 1766 2363 ,
1798 2324 1845 2353 ac
1874 2309 1965 2354 duae
1995 2323 2071 2367 per
2088 2311 2315 2353 Restm-em
2332 2310 2485 2354 Colle·

1421 2373 1478 2429 gii
1494 2372 1715 2417 Societatis
1727 2368 1841 2428 Jesu‚
1860 2369 2036 2413 dilectos
2054 2369 2180 2413 Filios
2196 2397 2211 2421 ,
2240 2370 2282 2411 &
2298 2367 2384 2412 duae
2402 2383 2479 2426 per

1425 2430 1657 2476 Consilium
1679 2430 1912 2485 Regiminis
1928 2429 2042 2472 dicta
2058 2427 2256 2472 Civitatis
2272 2458 2286 2480 ,
2314 2430 2357 2470 δι
2378 2428 2479 2471 reli-

1419 2504 1506 2548 quae
1522 2505 1595 2544 per
1614 2489 1837 2541 Moniales,
1855 2489 1893 2533 in
1909 2489 2019 2531 dieto
2037 2488 2289 2531 Monasterio
2303 2487 2382 2543 jam
2396 2487 2482 2533 ‚ad-

1419 2547 1546 2593 miffas
1563 2578 1576 2602 ,
1607 2551 1649 2591 δι
1666 2558 1904 2604 acceptatas
1921 2547 2152 2603 eligantur,
2169 2546 2383 2591 succeffive
2403 2561 2478 2590 ve·

1419 2612 1467 2653 ro
1491 2608 1705 2665 completo
1730 2621 1903 2649 numero
1922 2605 2165 2650 Monialium
2188 2606 2228 2647 in
2251 2604 2364 2647 dieto
2382 2609 2480 2648 Mo-

1417 2668 1595 2712 nasterio
1619 2665 1932 2710 retinendarum
1948 2694 1963 2717 ,
1995 2665 2080 2708 aliae
2101 2663 2250 2707 Puellae
2277 2663 2364 2721 post
2388 2664 2478 2721 pri-

1419 2742 1530 2771 mam
1545 2729 1710 2778 viccm,
1741 2724 1911 2784 utsupra
1934 2755 1950 2777 ,
1984 2725 2147 2775 eiectat,
2161 2722 2259 2779 eligi
2294 2723 2476 2767 debeant

1421 2803 1498 2845 per
1515 2787 1716 2830 Moniales
1732 2782 1833 2841 ipsas
1866 2786 1905 2828 in
1922 2800 1974 2828 eo
1990 2783 2213 2827 existentes
2227 2813 2244 2834 ,
2260 2783 2374 2840 quod
2395 2781 2475 2825 fie-

1422 2847 1620 2891 ridebeat
1637 2847 1690 2889 ab
1704 2847 1762 2889 eis
1778 2860 1853 2901 per
1872 2855 1969 2887 vota
1987 2844 2166 2888 secreta:
2196 2843 2236 2886 δι
2253 2845 2474 2887 Elet‘tores

1424 2905 1655 2965 hujusmodi
1684 2918 1887 2948 memores
1904 2901 1983 2947 effe
2003 2904 2213 2955 debeant,
2244 2902 2285 2946 se
2312 2917 2388 2959 per
2404 2903 2475 2945 di-

1420 2969 1531 3010 e'tum
1560 2964 1822 3008 Testatorem
1850 2974 2042 3019 rogatos,
2072 2973 2117 3006 ut
2146 2962 2279 3005 velint
2311 2963 2352 3006 in
2382 2962 2472 3005 ele·-

1420 3027 1553 3069 &ione
1579 3023 1812 3079 huiusmodi
1847 3028 1984 3068 Deum
2011 3036 2086 3079 pro
2119 3022 2250 3065 oculis
2283 3023 2471 3073 habere,

1417 3089 1540 3139 ita,ut
1567 3083 1784 3142 postposita
1803 3084 1914 3127 omni
1937 3080 2115 3127 humana
2142 3080 2470 3124 consideratione

1414 3146 1570 3202 eligant
1586 3174 1601 3197 ,
1632 3146 1673 3187 δι
1694 3142 1907 3202 proferant
1925 3143 2018 3186 illas
2034 3140 2270 3192 Puellas,de
2291 3153 2462 3198 quarum

1412 3205 1680 3263 qualitatibus
1698 3234 1712 3257 ‚
1737 3205 1952 3253 bonitate,
1985 3204 2024 3244 &
2043 3200 2146 3244 fama
2177 3200 2354 3243 habeant
2374 3212 2462 3241 ma-

1413 3270 1475 3324 jus
1503 3265 1780 3308 testimonium
1805 3267 1856 3307 ab
1884 3276 2029 3305 earum
2044 3260 2231 3304 Parocho
2250 3287 2263 3310 ,
2293 3261 2333 3301 δι
2358 3258 2462 3302 dua-

1413 3328 1487 3368 bus
1525 3324 1615 3367 aliis
1641 3322 1826 3381 personis
1842 3324 2007 3374 ,Deum
2030 3319 2270 3363 timentibus
2287 3346 2300 3369 ,
2335 3319 2466 3361 scien-

1415 3396 1481 3428 tes
1505 3384 1746 3428 reddituros
1773 3381 1853 3426 esse
1871 3383 2074 3425 rationem
2107 3379 2145 3420 in
2171 3388 2364 3420 extremo
2384 3379 2460 3420 Dei

1407 3443 1572 3503 Judicio
1590 3445 1644 3487 de
1667 3444 1874 3488 electione
1889 3442 1939 3484 ab
1965 3441 2022 3484 eis
2037 3437 2166 3481 facta:
2198 3438 2239 3479 &
2261 3451 2348 3491 quae
2372 3440 2464 3479 Mo·

1417 3504 1546 3548 niales
1576 3503 1726 3561 absque
1756 3503 1887 3551 dote,
1918 3502 1958 3544 δι
1982 3498 2092 3543 dotis
2120 3493 2292 3539 subfidio
2314 3496 2464 3540 admit—

1415 3575 1560 3607 tantur
1582 3592 1596 3615 ,
1630 3563 1799 3619 ipsaeque
1826 3559 2005 3603 officium
2038 3555 2292 3601 Sanstiffimae
2322 3557 2463 3611 Virgi-

1414 3625 1473 3666 nis
1496 3624 1639 3667 Mariae
1654 3624 1838 3681 qualibet
1852 3619 1922 3662 die
1937 3631 2014 3675 pro
2032 3616 2257 3659 Testatoris
2273 3645 2285 3668 ,
2316 3617 2357 3657 δι
2370 3616 2460 3672 ejus

1411 3685 1635 3727 Parentum
1662 3714 1677 3735 ,
1719 3685 1759 3725 δι
1783 3677 2193 3734 Consanguineorum
2215 3677 2459 3719 Animarum

1411 3742 1651 3801 refrigerio,
1664 3744 1844 3785 recitare
1859 3747 2102 3787 teneantur,
2120 3736 2242 3779 enixe
2259 3740 2312 3779 D.
2325 3737 2459 3793 N.Je-

1411 3804 1496 3846 sum
1513 3802 1721 3847 Christum
1737 3799 2012 3856 supplicantes
2027 3828 2042 3848 ,
2071 3807 2115 3839 ut
2132 3797 2270 3840 eidem
2285 3811 2358 3854 per
2375 3809 2460 3838 me-

1410 3864 1489 3908 rita
1507 3861 1580 3906 suae
1596 3859 1787 3906 Passionis
1803 3860 1986 3903 omnium
2011 3868 2278 3915 peccatorum
2300 3857 2459 3899 veniam

1598 3923 1608 3937 ⁶
2302 3930 2403 3959 con-
