2762 4030
432 279 550 374 34

369 437 452 481 una
464 445 556 475 cum
571 433 647 476 situ
664 457 679 487 2
708 443 755 473 ac
774 426 931 487 juribus
947 458 961 481 ‚
986 430 1024 471 &
1043 427 1303 483 pertinemus
1334 425 1410 471 suis

366 493 419 540 ad
446 491 635 540 effefiium
658 486 943 551 praemifforum
971 488 1082 530 dieto
1108 486 1264 530 Carolo
1293 489 1400 534 Duci

367 551 505 610 pretio
520 549 753 609 quindecim
770 548 940 594 millium
959 546 1166 593 scutorum
1193 544 1400 602 hujusmo-

367 611 410 653 di
435 638 450 665 ‚
491 606 605 666 quod
634 606 803 665 quidem
832 614 921 667 'pro
965 620 1047 649 una
1089 607 1181 648 octo
1221 605 1398 653 millium

373 670 505 713 statim
520 696 535 721 ,
561 671 601 715 &
629 667 902 714 incontinenti
936 663 1035 709 solvi
1054 693 1067 716 ‚
1087 677 1132 707 ac
1149 678 1277 720 penes
1297 668 1399 709 Ban-

369 728 616 777 cumdilecii
632 727 730 775 Filii
752 725 940 772 Marcelli
959 724 1169 771 Sacchetti
1193 723 1408 782 Deposita-

367 789 421 834 rii
434 787 561 831 nostri
576 785 794 834 Generalis
809 785 1019 842 deponi‚&
1035 797 1111 839 pro
1124 783 1284 840 reliqua
1301 785 1409 827 sum-

382 847 458 891 mis
480 846 636 905 septem
651 845 831 887 millium
859 843 1064 890 scutorum
1083 842 1312 901 hujusmodi
1347 845 1408 887 in-

374 906 436 951 fra
453 919 618 954 annum,
633 903 656 948 ἃ
673 908 779 953 Data
795 902 1050 959 praesentium
1066 902 1406 960 computandum,

371 965 480 1011 solvi
509 963 698 1015 debeat,
724 963 936 1014 vendere,
965 964 1003 1004 &
1031 961 1211 1010 alienare
1230 989 1243 1012 ,
1269 960 1403 1004 usum-

367 1039 450 1083 que
466 1022 658 1072 Ecclesiae
674 1019 905 1081 hujusmodi
921 1020 1154 1067 concedere
1172 1020 1304 1063 libere
1322 1049 1336 1071 ,
1364 1022 1405 1063 δε

366 1084 482 1135 licite
505 1081 651 1141 postis-2
681 1084 722 1127 &
739 1080 875 1126 valeas
893 1109 906 1133 ‚
933 1080 1119 1136 exceptis
1145 1089 1282 1121 tamen
1305 1094 1407 1125 one-

369 1145 483 1188 ribus
509 1143 746 1189 livellorum
764 1170 779 1193 ‚
803 1144 1050 1189 Canonum,
1080 1140 1373 1187 terraticorum
1391 1166 1406 1193 ‚

365 1202 439 1250 seu
468 1199 644 1259 cujusvis
673 1199 937 1257 responsionis
969 1211 1135 1248 annuae,
1166 1198 1231 1240 vel
1262 1197 1404 1245 laude·

365 1263 466 1315 mii,
490 1261 541 1305 ad
569 1274 655 1316 quae
683 1257 879 1307 solvenda
905 1257 1058 1303 dietum
1084 1257 1282 1300 Carolum
1316 1260 1403 1299 Du,

365 1334 459 1369 cem
474 1320 610 1368 teneri
639 1318 829 1364 volumus
845 1346 859 1368 ‚
883 1318 920 1357 &
936 1329 1010 1371 pro
1036 1314 1265 1372 hujusmodi
1292 1315 1402 1359 solu*

367 1381 502 1431 tione,
516 1377 572 1425 ita
587 1376 791 1427 facienda,
806 1377 887 1432 ipse
901 1373 1075 1421 Carolus
1094 1377 1188 1418 Dux
1200 1377 1240 1419 se
1253 1376 1293 1416 in
1318 1375 1398 1418 for-

366 1451 434 1481 ma
450 1437 711 1494 garantigiae‚
742 1435 925 1483 Dilectus
943 1435 1046 1477 vero
1071 1431 1175 1477 filius
1202 1435 1397 1483 octavius

361 1497 486 1543 Costa
503 1494 960 1547 mercator‚Romanam
975 1493 1142 1541 Curiam
1158 1491 1341 1552 sequens,
1354 1496 1396 1538 in

362 1553 556 1613 ampliori
574 1551 704 1601 forma
719 1557 905 1602 Camerae
917 1551 1158 1608 Apostolicae
1169 1578 1184 1600 s
1211 1555 1269 1596 uti
1284 1553 1393 1610 prin—

360 1613 505 1672 cipalis
522 1610 809 1670 principaliter
824 1639 837 1663 ‚
864 1613 901 1657 ὃ(
919 1611 955 1653 in
975 1610 1148 1657 solidum
1162 1612 1244 1661 sese
1259 1613 1395 1669 respe-

361 1675 469 1720 {rive
482 1672 670 1728 obligare
680 1671 860 1715 debeant
873 1699 888 1723 ,
910 1670 950 1712 &
963 1684 1055 1713 cum
1072 1672 1151 1714 hoc
1175 1671 1301 1714 etiam
1319 1701 1331 1724 ,
1348 1682 1395 1715 ut

357 1735 511 1782 dictum
539 1732 723 1789 pretium
740 1744 813 1784 pro
829 1744 903 1772 una
930 1730 1104 1774 duorum
1123 1731 1296 1773 millium
1311 1759 1325 1783 ,
1354 1733 1394 1780 ὃς

363 1801 651 1843 ‚trecentorum
676 1790 787 1834 dietae
803 1789 951 1835 Domui
966 1793 1206 1834 Sanctorum
1231 1790 1391 1833 duode-

358 1855 440 1901 cim
472 1851 764 1911 Apostolorum
780 1878 794 1902 ,
825 1863 899 1906 pro
921 1848 1078 1905 reliqua
1096 1852 1196 1895 vero
1225 1849 1389 1897 summis

358 1915 478 1971 ipsius
503 1911 654 1968 pretii,
681 1925 768 1966 quae
793 1910 846 1956 ad
876 1908 1174 1959 infrascriptum
1202 1909 1389 1957 effwstum

354 1985 482 2030 penes
497 1970 648 2013 dietum
661 1972 839 2019 Bancum
858 1967 1009 2026 deponi
1024 1969 1205 2012 debeant
1224 1998 1236 2020 ,
1266 1969 1390 2011 fabri-

352 2046 409 2079 cae
435 2034 589 2074 Domus
607 2029 912 2086 Capucinorum
940 2026 1166 2087 hujusmodi
1186 2057 1199 2079 ,
1216 2028 1266 2075 ad
1298 2028 1394 2070 effe·

355 2093 463 2138 etum
480 2118 494 2140 ‚
510 2089 620 2132 illam
634 2089 672 2131 in
689 2087 983 2133 extinctionem
1000 2101 1228 2133 annuorum
1254 2090 1394 2130 Cano..

353 2163 477 2201 num,
507 2147 575 2196 seu
598 2145 897 2203 responsionum
916 2173 930 2196 ,
961 2146 1028 2186 vel
1046 2146 1256 2194 Censuum
1271 2159 1393 2196 occa·-

351 2208 461 2259 fione
480 2206 622 2249 situum
638 2236 652 2257 ,
678 2219 752 2261 pro
781 2205 928 2246 eadem
951 2202 1106 2247 fabrica
1133 2215 1390 2262 emptorum,

353 2269 421 2317 seu
440 2269 476 2308 in
492 2265 679 2313 eamdem
696 2263 891 2307 fabricam
902 2265 1179 2311 convertendi
1193 2292 1207 2315 ³
1221 2267 1391 2308 omnino

353 2326 586 2383 applicetur
603 2352 618 2377 ‚
644 2326 682 2366 &
710 2323 1000 2379 approprietur
1015 2351 1029 2377 ,
1052 2335 1175 2379 prout
1191 2338 1267 2380 per
1291 2339 1391 2379 prae-

350 2385 487 2434 sentes
501 2383 752 2440 applicamus
767 2410 781 2430 ³
794 2383 1155 2437 &incorporamus
1169 2413 1184 2434 ,
1212 2382 1392 2437 Aposto-

351 2444 432 2495 lica
442 2442 860 2491 authoritate,tenore
878 2441 1390 2495 praesentiuni‚facultatem

352 2502 618 2553 concedimus
634 2527 649 2551 2
672 2500 713 2548 δε
730 2499 984 2555 impartimur
998 2526 1009 2538 .
1027 2501 1313 2547 Decernentes
1328 2503 1390 2542 Te

354 2561 530 2616 desuper
547 2560 568 2611 εἳ
583 2571 786 2618 quoquam
802 2556 1022 2614 impediri,
1053 2558 1257 2599 molestari
1276 2586 1289 2608 ,
1322 2557 1390 2600 vel

352 2618 849 2679 perturbari'nullatenus
876 2614 985 2672 poffe
1003 2642 1018 2666 2
1043 2617 1317 2673 irritumque,
1352 2618 1393 2664 ὃς

351 2683 472 2732 inane
492 2710 507 2731 ‚
549 2679 576 2720 si
598 2677 711 2727 secus
741 2675 859 2732 super
883 2675 979 2725 hisii
1002 2689 1204 2732 quoquam
1223 2705 1235 2728 ,
1251 2676 1392 2732 quavis

351 2741 621 2791 auctoritate,
650 2736 859 2787 scienter,
887 2734 953 2777 vel
994 2734 1229 2789 ignoranter
1260 2735 1395 2777 conti-

355 2800 465 2855 gerit
478 2798 674 2847 attentari
690 2825 701 2838 .
730 2798 826 2838 Non
837 2793 1087 2840 obstantibus
1102 2792 1172 2842 ¹felf
1191 2808 1277 2837 rec.
1293 2797 1389 2836 Pau.

352 2861 383 2908 li
427 2861 542 2913 Papae
581 2858 636 2905 Π,
674 2852 977 2901 Praedecefforis
1020 2853 1143 2896 nostri
1187 2855 1241 2897 de
1269 2855 1390 2896 rebus

350 2917 539 2962 Ecclefiae
555 2929 631 2957 non
642 2913 865 2963 alienandis
883 2940 897 2964 2
911 2927 1070 2963 necnon
1088 2914 1274 2963 omnibus
1293 2913 1392 2965 illis,

353 2991 443 3033 quae
471 2978 515 3018 in
543 2975 660 3022 dic'tis
691 2973 822 3023 literis
857 2972 1060 3015 voluimus
1091 2986 1173 3021 non
1203 2974 1390 3016 obstare.

349 3035 603 3092 Caeterisque
635 3031 851 3081 contrariis
877 3030 1207 3088 quibuscunque.
1237 3036 1392 3077 Datum

350 3098 494 3145 Romae
508 3092 613 3150 apud
628 3096 808 3143 Sanc'tam
822 3091 993 3135 Mariam
1009 3090 1209 3148 Maiorem
1224 3091 1293 3135 sub
1309 3097 1393 3134 An-

350 3155 452 3199 nulo
479 3153 697 3196 Piscatoris
726 3153 795 3195 die
810 3166 926 3194 xxrx.
943 3152 1149 3194 Novemb.
1169 3167 1390 3203 MDcxxvt,‚

353 3211 621 3267 Pontificatfis
638 3213 778 3258 Nostri
793 3213 917 3256 Anno
930 3214 1095 3268 Quarto
1111 3239 1124 3252 .

1011 3331 1066 3379 V.
1084 3329 1276 3377 Theatin,

445 3453 592 3509 Autog.
617 3455 662 3501 tn
688 3449 811 3497 Arch„
842 3452 988 3493 Secrct.
1019 3450 1134 3498 Breaq
1167 3448 1395 3506 Apost.reg,

471 3511 661 3555 Novemb.
694 3509 814 3554 1626.
828 3507 1015 3567 fol.205.
1042 3509 1108 3557 vel
1134 3520 1231 3564 393.
1257 3509 1301 3551 dc
1317 3511 1391 3565 quo

468 3581 614 3628 exemp.
628 3572 672 3615 in
687 3568 810 3618 Arch.
831 3566 1049 3619 Conventus
1067 3596 1081 3610 .

359 3694 568 3717 *nun-⁴

1152 244 1690 345 Provincia

366 387 479 421 mum
508 360 766 427 Regularem
792 364 946 415 Montis
975 365 1158 411 Calvarii
1182 368 1411 436 hujusmodi

1543 374 1680 428 Urbe
1693 410 1709 434 ,
1729 372 1962 445 suppressae
1979 382 2369 453 congregationis
2400 395 2506 442 Fra·

1537 457 1664 495 trum
1690 450 2089 503 Conventualium
2122 453 2501 513 Reformatorum

1531 516 1744 570 relkstum
1761 554 1776 577 ‚
1792 520 1839 573 in
1876 523 2120 574 utilitatem
2164 543 2294 578 novae
2328 527 2506 582 fabricae

1531 590 1805 640 Conventus
1843 591 1901 641 de
1919 593 2050 647 Urbe
2078 600 2256 668 erogari
2294 605 2510 654 commit-

1528 659 1613 719 tit,
1632 678 1738 711 cum
1756 679 1894 713 onere
1909 677 2062 714 tamen
2077 703 2093 726 ,
2109 684 2161 719 ut
2179 689 2367 721 20000.
2387 672 2507 723 Mis-

1539 728 1594 780 sae
1636 749 1722 798 pro
1759 736 1911 783 anima
1946 735 2199 790 Testatoris
2244 740 2336 794 δίε.
2368 742 2505 795 semel

1540 800 1781 854 dumtaxat
1799 807 2089 874 applicentur
2105 847 2116 862 .

1468 942 2014 1006 URBANUS
2066 954 2495 1013 PP.V111.

1586 1073 1741 1122 Dite&
1756 1079 1839 1122 Fili
1837 1077 2015 1135 sblutem
2028 1110 2043 1132 ,
2059 1082 2108 1131 θ’
2125 1083 2387 1140 Apostolicam

1821 1139 2130 1186 Benedifflonem
2141 1173 2153 1185 .

1462 1251 1564 1362 C
1578 1254 1687 1303 Um,
1708 1252 1808 1322 ficut
1831 1261 2061 1315 accepimus
2085 1290 2098 1313 ,
2115 1263 2278 1318 quidam
2302 1262 2500 1321 Josephus

1596 1312 1830 1380 pendemus
1845 1316 1884 1363 in
1900 1320 2053 1366 ultimo
2075 1320 2144 1365 suo
2162 1322 2406 1366 testamento
2421 1323 2503 1366 dis-

1461 1367 1667 1437 posuerit,
1697 1382 1740 1419 ut
1767 1372 1878 1421 scuta
1904 1377 1987 1422 duo
2012 1381 2144 1426 millia
2172 1392 2346 1426 monetae
2374 1383 2416 1424 in
2434 1384 2495 1424 vi-

1461 1430 1677 1496 gl⁰t¹,¹⁰Ci⁸
1693 1434 1913 1489 Montium,
1932 1451 2009 1481 non
2027 1440 2494 1493 vacabiliun1‚Com111u-

1460 1496 1598 1531 nitatis
1625 1489 1808 1541 secundae
1824 1497 2041 1544 erectionis
2063 1529 2077 1551 ‚
2103 1515 2188 1556 quae
2222 1503 2302 1555 ipse
2318 1501 2491 1544 testator

1458 1545 1614 1612 habere
1633 1548 1672 1593 se
1686 1548 1866 1604 asseruit,
1881 1557 1921 1596 &
1934 1555 1959 1598 fi
1977 1572 2058 1600 non
2073 1570 2263 1605 extarent
2279 1587 2292 1610 ,
2306 1559 2432 1615 usque
2446 1561 2497 1603 ad

1457 1605 1605 1649 dustam
1635 1607 1833 1652 summam
1859 1623 2108 1664 teneretur,
2126 1620 2332 1672 perpetuo
2362 1632 2496 1662 renta-

1458 1679 1556 1731 nere
1587 1667 1765 1709 debeant
1794 1669 1978 1716 investita
1995 1703 2008 1726 ,
2031 1676 2265 1732 &obligata
2281 1707 2296 1727 ,
2325 1678 2364 1718 &
2387 1676 2501 1720 ulte-

1456 1738 1538 1766 rlus
1570 1726 1826 1771 ordinaverit
1857 1758 1870 1780 ‚
1904 1735 1947 1772 ut
1982 1733 2059 1776 alia
2085 1733 2197 1777 scuta
2220 1745 2386 1778 centum
2417 1737 2496 1779 una

1454 1797 1547 1830 cum
1581 1782 1788 1852 ‘fructibus
1845 1788 2046 1834 dictorum
2088 1795 2232 1849 viginti
2278 1794 2498 1840 locorum„

1454 1847 1662 1886 Montium
1707 1849 1830 1902 usque
1869 1849 1919 1892 ad
1961 1851 2152 1897 summam
2195 1853 2372 1896 aliorum
2401 1855 2493 1897 scu-

1453 1911 1590 1949 torum
1631 1905 2028 1962 quadringentorum
2062 1920 2288 1968 erogentur
2323 1913 2366 1953 in
2395 1926 2497 1955 con-

1455 1961 1716 2005 structionem
1736 1991 1750 2016 ,
1773 1966 2118 2013 &ornamentum
2142 1973 2259 2018 unius
2283 1970 2496 2027 Capellae,

1458 2021 1499 2062 in
1530 2021 1711 2070 Ecclesia
1743 2025 1931 2071 Fratrum
1967 2031 2011 2072 Β.
2029 2030 2168 2073 Mariae
2196 2031 2250 2074 de
2279 2031 2494 2075 Miraculis

1456 2080 1656 2148 Regionis
1676 2083 1815 2126 Trevii
1829 2086 1882 2134 de
1899 2088 2015 2134 Urbe
2029 2118 2045 2140 ,
2068 2089 2278 2146 suppresse
2304 2094 2500 2146 Congre-

1456 2150 1631 2193 gattonts
1672 2143 1864 2193 Fratrum
1899 2147 2108 2190 Minorum
2140 2150 2496 2192 Conventualium

1456 2196 1799 2268 ’Reformatorum
1815 2233 1826 2250 ‚
1845 2208 1907 2248 Ac
1921 2206 2082 2263 insuper
2096 2205 2292 2260 voluerit,
2306 2221 2350 2253 ut
2368 2210 2496 2253 haeres

1454 2267 1640 2325 integros
1652 2259 1803 2305 fruetus
1820 2262 2021 2310 dit‘torum
2036 2268 2177 2323 viginti
2193 2267 2497 2316 locorumMon.

1453 2328 1556 2385 turm
1575 2347 1588 2369 ,
1616 2331 1791 2381 excepta
1823 2334 1907 2366 rata
1932 2325 2134 2371 dictorum
2159 2325 2368 2371 scutorum
2386 2342 2490 2384 qua-

1454 2375 1793 2438 drmgentorum2
1822 2391 2012 2429 teneatur
2035 2385 2203 2431 tradere
2218 2387 2333 2429 dieta:
2351 2387 2500 2428 Eccle-

1457 2434 1514 2501 siae
1530 2450 1605 2491 pro
1618 2435 1894 2494 eleemosyna,
1909 2443 1960 2487 ad
1975 2443 2160 2487 effectum
2176 2475 2189 2498 2
2204 2455 2248 2487 ut
2264 2449 2430 2494 Fratres
2444 2444 2516 2487 il-'

1457 2494 1533 2560 ltus
1554 2496 1739 2561 Eccl-efiae
1758 2499 1973 2545 celebrare
1985 2503 2165 2546 debeant
2182 2506 2370 2560 quolibet
2385 2517 2493 2546 anno

1455 2562 1533 2593 tria
1550 2554 1840 2618 Anntversaria
1857 2586 1870 2609 2
1897 2574 1988 2602 cum
2009 2562 2156 2604 Officio
2174 2563 2492 2614 Defunctorum,

1454 2612 1491 2654 δι
1512 2609 1623 2653 Missa
1639 2611 1807 2658 solemni
1825 2616 1862 2658 in
1880 2617 1948 2661 die
1966 2620 2101 2666 obitus
2118 2621 2234 2678 ipsius
2251 2621 2492 2673 Testaroris,

1454 2672 1756 2737 &p‘arentum3
1791 2676 1832 2716 &
1854 2678 2034 2733 qualibet
2059 2677 2156 2732 die,
2190 2694 2272 2722 non
2291 2680 2491 2735 impedita

1458 2728 1615 2772 Missam
1643 2730 1962 2788 Defunctorum,
1990 2740 2029 2780 &
2055 2739 2092 2780 in
2123 2738 2193 2783 illa
2221 2738 2289 2783 die
2308 2768 2321 2791 ,
2343 2739 2381 2780 in
2410 2754 2489 2795 qua

1457 2803 1534 2832 non
1566 2789 1681 2844 poffit
1707 2793 1945 2846 celebrari,
1970 2796 2149 2842 debeant
2172 2797 2377 2854 applicare
2394 2798 2492 2848 Mis-¹

1454 2848 1535 2896 sam
1551 2860 1786 2893 currentem
1803 2855 1864 2895 :&
1876 2867 2075 2911 quatenus
2090 2855 2184 2899 dicti
2199 2860 2362 2900 Fratres
2376 2858 2493 2900 elee-

1454 2907 1662 2970 mosynam
1679 2909 1908 2965 praedictam
1930 2916 2110 2958 retinere
2125 2944 2139 2967 ,
2172 2930 2217 2958 ac
2236 2930 2365 2959 onera
2391 2931 2490 2973 prae-

1456 2965 1537 3015 fata
1568 2966 1771 3024 suscipere
1795 2987 1876 3018 non
1908 2973 2096 3026 valeant,
2132 2975 2351 3031 reliquerit
2377 2977 2488 3018 arbi-

1456 3028 1537 3074 trio
1554 3028 1786 3082 haeredum,
1815 3032 2137 3077 &executurum
2161 3034 2273 3077 illius
2305 3036 2486 3091 applica·
2542 3066 2544 3068 »

1456 3087 1612 3134 tionem
1628 3089 1696 3130 uni
1711 3118 1726 3141 ,
1742 3091 1809 3132 vel
1827 3085 2006 3145 pluribus
2023 3093 2232 3149 Ecclefiis,
2244 3093 2396 3137 eisdem
2413 3095 2487 3136 be-

1455 3147 1602 3194 nevisis
1621 3175 1635 3199 ,
1647 3161 1740 3192 cum
1759 3149 1912 3193 eisdem
1926 3181 1942 3202 ‚
1955 3152 2024 3196 seu
2041 3151 2258 3208 majoribus
2273 3154 2485 3206 oneribus,

1455 3217 1580 3264 prout
1597 3206 1634 3250 in
1654 3207 1761 3252 dicto
1777 3209 2023 3258 testamento
2037 3210 2198 3268 plenius
2216 3211 2369 3258 dicitur
2385 3227 2488 3255 con-

1458 3266 1607 3309 tineri.
1651 3271 1736 3310 Nos
1767 3266 1926 3314 fiabricae
1955 3269 2110 3318 Domtis
2138 3271 2355 3326 Regularis
2386 3275 2489 3315 Fra-

1458 3337 1567 3374 trum
1596 3328 1805 3375 Minorum
1823 3329 1986 3377 Ordinis
2014 3330 2148 3375 Sancti
2177 3330 2376 3378 Francisci
2406 3335 2488 3374 Ca-

1458 3386 1700 3442 pucinorum
1718 3399 2042 3445 nuncupatorum
2060 3420 2072 3443 ,
2085 3404 2169 3449 quar
2182 3391 2224 3432 in
2239 3389 2383 3432 eadem
2401 3391 2489 3434 Re-

1457 3446 1577 3502 gione
1592 3446 1642 3488 ad
1659 3447 1827 3502 praesens
1858 3449 2132 3501 construitur,
2161 3448 2214 3492 de
2233 3448 2370 3505 aliquo
2397 3450 2486 3491 sub-

1458 3506 1664 3549 ventionis
1697 3507 1847 3551 auxilio
1880 3509 2094 3552 subvenire
2124 3508 2342 3558 volentes,
2370 3518 2484 3551 motu

1450 3567 1618 3622 proprio
1631 3594 1645 3616 ‚
1674 3567 1714 3607 &
1731 3581 1780 3610 ex
1797 3577 1910 3611 certa
1923 3566 2088 3610 scientia
2106 3594 2119 3617 2
2146 3581 2191 3608 ac
2207 3564 2261 3608 de
2277 3567 2485 3623 Apostoli-

1450 3640 1506 3668 cae
1535 3625 1743 3681 potestatis
1780 3626 2036 3684 plenitudine
2057 3657 2072 3678 ,
2115 3626 2480 3682 Circumspectioni

1381 3714 1385 3719 -
1451 3695 1528 3728 tuae
1546 3699 1620 3741 per
1635 3683 1845 3741 praesentes
1863 3684 2104 3741 injungimus
2118 3714 2132 3737 ‚
2156 3695 2201 3729 ut
2218 3700 2292 3741 per
2309 3688 2370 3728 Te
2386 3717 2399 3739 ,
2414 3685 2482 3730 scu

1451 3759 1525 3801 per
1553 3743 1741 3802 personas
1763 3748 1787 3790 a
1802 3748 1863 3788 Te
1878 3743 2154 3800 deputandaS‚
2177 3742 2398 3802 supradiffra
2418 3747 2479 3788 vi-

359 3786 586 3855 Legatum
602 3787 996 3856 Piumcapellaein
1011 3784 1209 3843 Ecclesia
1226 3790 1386 3837 Β·Μὸ·
1447 3805 1550 3861 ginti
1584 3809 1673 3851 loca
1702 3807 1903 3850 Montium
1925 3805 2137 3849 existentia
2164 3806 2203 3847 in
2232 3805 2476 3848 haereditate

430 3859 508 3915 riae
534 3857 590 3906 de
606 3860 1113 3929 MitaculisaRegionis
1140 3860 1300 3911 Trevii
1326 3859 1385 3916 de
1448 3868 1515 3918 vel
1541 3878 1678 3924 empta
1702 3896 1717 3918 ,
1744 3864 1837 3925 ⁴sive
1866 3865 2039 3909 emenda
2066 3894 2080 3918 ,
2122 3879 2278 3910 necnon
2309 3866 2476 3908 illorum

2330 3922 2419 3967 fru-
