2774 4068
399 253 562 312 220
869 222 1385 308 Provincm
1449 217 1949 306 Marabina

398 347 496 388 Haec
520 338 653 399 quoad
668 337 841 396 primum
864 338 1058 381 dubium:
1091 336 1223 394 quoad
1241 337 1379 381 secun·
1429 338 1570 398 santii
1584 338 1638 379 ad
1657 342 1919 391 exponendam
1937 336 2127 392 funerata
2143 330 2269 397 juxta
2294 344 2480 396 quauta*

340 404 438 447 dum
479 401 609 454 vero,
638 398 833 443 Canonici
853 427 868 450 ,
894 400 934 440 δε
965 398 1139 440 Paroehi
1178 395 1377 440 Civitatis
1429 408 1547 449 tem,
1576 398 1811 455 &gradum
1845 397 2128 455 Pnsbnarum,
2158 397 2212 449 (ῤ’
2239 398 2480 458 respemve3

345 461 505 506 Pisauri
519 461 662 504 instant
677 471 754 516 pro
769 457 856 516 ejus
877 456 1122 500 resolutione
1137 487 1154 509 ‚
1180 455 1293 512 juxta
1311 453 1381 498 fir·
1441 470 1494 500 an
1494 457 1558 514 sit
1570 456 1769 514 standum
1783 485 1798 510 ‚
1823 458 1887 499 vti
1922 457 2170 500 recedendum
2197 457 2226 500 d
2269 458 2413 517 Deasss
2435 460 2481 504 in

346 532 454 566 mata
477 534 552 578 per
578 522 721 564 Rotam
742 517 820 559 dec.
839 529 903 558 22.
921 515 1007 573 post
1025 516 1218 559 Monaccl.
1233 526 1326 558 tam.
1338 526 1380 569 4.
1440 517 1531 576 casta
1545 517 1566 560 ἒ

341 580 454 624 unde
486 594 538 623 ex
557 578 713 637 juribus
741 574 1078 620 circumferendis
1107 575 1384 634 dignabuntur

342 637 831 684 EE.VV.decernere.
1644 634 2283 680 RESCRIPTUM.

402 702 438 742 1.
469 701 536 743 An
537 693 597 756 sit
610 695 830 757 standum,
849 697 912 738 vel
928 694 1182 738 recedendum
1203 693 1232 738 d
1256 692 1386 750 decisis

347 760 391 803 in
407 757 528 814 casia?
1564 752 1630 795 Ad
1661 752 1841 794 Primum
1870 748 1911 790 in
1942 749 2094 793 Decifis
2112 779 2125 790 .

400 819 457 862 11.
490 820 556 862 An
573 810 736 858 Parocbi
752 811 903 871 pasiint
924 825 1055 869 cogere
1088 812 1257 869 ngedes
1293 813 1379 859 Dee
1558 809 1624 854 Ad
1653 808 1888 855 Secundum
1915 806 1955 849 in
1986 809 2166 851 Decifls.

1150 937 1685 1006 NOTA

344 1088 481 1125 Fratres
503 1098 549 1124 ex
563 1086 714 1124 secunda
726 1084 856 1136 partis,
881 1084 940 1121 seu
965 1082 1083 1132 punffl
1106 1080 1302 1123 decisione,
1319 1078 1375 1118 ,ob
1396 1077 1656 1116 fundamentum
1670 1103 1684 1124 ‚
1705 1078 1741 1115 in
1765 1091 1838 1128 quo
1862 1078 1931 1117 haec
1947 1079 2184 1124 fundabatur,
2215 1081 2273 1130 ius
2301 1079 2398 1118 suum
2424 1093 2485 1131 pe.

392 1137 486 1174 nitus
508 1147 577 1172 non
602 1147 803 1172 enervatum
827 1143 1063 1176 autumantes,
1085 1142 1151 1180 pro
1180 1140 1274 1166 nova
1298 1126 1536 1176 supplicarunt
1569 1127 1744 1166 audientia
1761 1150 1774 1175 ,
1796 1128 1833 1165 in
1860 1139 1931 1176 qua
1953 1128 2103 1168 conceffa
2122 1127 2215 1175 ,fuit
2238 1130 2337 1167 causa
2362 1143 2482 1180 repro.

393 1184 503 1234 pofitn
517 1209 529 1228 ‚
552 1184 587 1221 &
614 1183 722 1222 decisa
734 1202 759 1230 ,=
773 1193 814 1219 ut
840 1181 1012 1229 sequitur.

1045 1300 1260 1370 Pfituren.
1294 1300 1480 1376 Qarta
1520 1298 1743 1349 Funeralis
1763 1334 1775 1348 .

347 1419 518 1511 ORta
539 1421 767 1472 controversia
790 1420 885 1460 inter
907 1419 1036 1459 Patres
1057 1420 1254 1469 Capacinos
1279 1418 1455 1457 Civitatis
1475 1416 1632 1467 Pisauri
1644 1441 1658 1463 ‚
1683 1418 1727 1461 (θ’
1747 1417 1954 1465 Capitulum
1991 1417 2237 1466 Cathedralis,
2257 1430 2297 1456 ac
2312 1417 2486 1458 Parachot

465 1469 613 1520 ejusdem
638 1471 811 1509 Civitatis
827 1471 934 1520 super
948 1469 1124 1518 solutione
1148 1469 1299 1521 Qrtae
1312 1464 1494 1515 funeralis
1508 1491 1517 1506 ‚
1543 1465 1681 1515 quando
1712 1467 1901 1504 Cadavera
1918 1466 2137 1516 sepeliantur
2162 1470 2203 1505 in
2253 1467 2405 1517 Ecclesiis
2427 1467 2488 1504 di.

350 1520 479 1558 erorum
499 1519 659 1558 Patrum
673 1543 686 1565 ,
713 1531 842 1557 necnon
860 1520 967 1569 super
987 1517 1112 1568 punflo
1135 1517 1284 1568 cogendi
1309 1516 1472 1553 Haeredes
1493 1515 1742 1564 Defunfiioram
1765 1516 1811 1552 ad
1838 1517 2020 1564 paranda,
2052 1517 2095 1558 ἐς·
2117 1517 2321 1565 exponenda
2334 1516 2490 1601 bfunera-

348 1569 399 1606 lia
419 1569 523 1618 juxta
548 1568 753 1617 qualitatem
766 1592 780 1613 ‚
800 1569 843 1610 (β’
862 1567 1010 1616 gradum
1029 1566 1271 1616 Personarum
1284 1589 1298 1610 ‚
1318 1565 1386 1602 duo
1408 1565 1516 1603 dubia
1538 1564 1714 1613 disputata
1731 1565 1884 1613 fuerunt
1908 1565 1947 1600 in
1969 1565 2271 1613 Congregatione,
2287 1565 2331 1601 ha
2355 1565 2407 1602 ita
2429 1564 2487 1602 die

347 1628 404 1654 πο.»
421 1618 751 1666 Septembris-1723.
777 1616 946 1654 ‘Primum
960 1624 1075 1666 nempe
1088 1639 1101 1661 ,
1125 1628 1167 1653 an
1183 1617 1301 1654 Patres
1312 1614 1484 1660 capucini
1510 1623 1687 1650 teneantur
1703 1614 1839 1650 tradere
1858 1615 2024 1651 parochis
2037 1615 2208 1662 Quam
2231 1625 2314 1652 cerae
2346 1613 2491 1651 accensa

342 1666 380 1702 in
397 1665 631 1710 Affociatione,
648 1667 896 1710 Cadaver-um,
918 1677 995 1714 quae
1021 1665 1065 1702 ad
1086 1676 1208 1702 eorum
1238 1662 1421 1701 Ecclesiam
1448 1662 1652 1699 tumulanda
1674 1662 1896 1704 deferuntur,
1925 1663 1960 1699 8<
1994 1664 2211 1701 medietatem
2240 1674 2349 1707 ceree,
2372 1663 2406 1699 8t
2432 1663 2490 1698 in·

344 1714 568 1752 torticiorum
581 1737 595 1759 ,
617 1727 692 1763 quae
702 1716 936 1754 accenduntur
954 1715 1044 1751 circa
1065 1714 1230 1750 Cadaver
1247 1735 1259 1754 ‚
1274 1713 1308 1749 in
1333 1723 1454 1749 eorum
1482 1711 1629 1749 Ecclefia
1644 1711 1863 1759 expofitum?
1886 1711 2126 1760 &secundum
2142 1737 2155 1756 ,
2173 1724 2216 1749 an
2246 1712 2391 1750 Parochi
2407 1709 2490 1759 pof-

343 1763 410 1799 fint
433 1775 564 1809 cogere
591 1765 761 1802 Haeredes
790 1763 959 1801 Defunffl
985 1764 1032 1799 ad
1055 1762 1302 1810 exponendum
1325 1759 1477 1799 funerale
1492 1760 1595 1808 juxt·
1618 1761 1817 1807 qualitatem
1833 1783 1846 1804 ‚
1876 1760 1912 1797 8<
1927 1761 2071 1805 gradum
2090 1760 2343 1798 Personarum?
2369 1761 2485 1799 Sacra

346 1812 659 1861 Congregatiosub
685 1812 776 1850 ditia
798 1812 855 1850 die
879 1812 927 1849 ad
944 1812 1097 1860 primum
1120 1810 1295 1896 affundit
1308 1833 1323 1854 ,
1349 1809 1466 1847 Patres
1478 1809 1681 1855 Capucinos
1694 1809 1799 1846 teneri
1825 1809 1867 1845 ad
1894 1808 2100 1846 solvendum
2125 1809 2286 1847 Parochis
2312 1810 2486 1858 Qartnm

342 1871 477 1908 partem
500 1872 584 1898 cerae
608 1863 750 1900 accense
774 1862 809 1898 in
837 1859 1071 1899 Affociatione
1100 1860 1153 1896 Ca
1181 1870 1326 1896 averum
1340 1881 1354 1902 ‚
1375 1869 1452 1905 quae
1479 1858 1521 1894 ad
1542 1869 1662 1894 eorum
1685 1858 1866 1895 Ecclefiam
1891 1859 2090 1895 tumulanda
2113 1860 2329 1903 deferuntur,
2356 1859 2396 1895 δι’
2419 1868 2490 1894 me·

343 1910 511 1947 dietatem
523 1921 632 1955 εει-ε,
656 1911 693 1947 8(
715 1910 991 1949 intorticiorum,
1019 1920 1095 1955 quae
1119 1907 1354 1945 accenduntur
1380 1911 1469 1944 circa
1496 1906 1788 1954 Cadavera‚quae
1812 1907 1846 1942 in
1863 1919 1983 1944 eorum
2002 1908 2150 1945 Ecclefia
2166 1917 2396 1957 exponuntur
2410 1914 2488 1944 ante

339 1958 574 1997 humationem
589 1984 599 1994 .
626 1959 805 1997 Motivum
828 1958 941 2007 quoad
956 1956 1165 2007 solutionem
1178 1956 1371 1994 medietatis
1384 1957 1423 1991 in
1432 1968 1467 1992 eo
1476 1953 1588 2004 stetit.
1605 1956 1689 2006 quia
1701 1957 1741 1992 in
1758 1956 1917 1994 Civitate
1930 1956 2076 2005 Pisauri
2086 1956 2177 2007 adest
2188 1956 2408 2005 consuetudo,
2420 1963 2487 2003 ap-

340 2007 491 2058 probata
512 2007 618 2045 etiam
636 2008 678 2043 in
697 2007 832 2057 judicio
845 2031 856 2047 ,
874 2015 937 2055 per
964 2018 1066 2054 quam
1080 2016 1190 2041 omnes
1217 2003 1366 2052 Ecclesiae
1379 2004 1589 2042 tumulantes
1603 2028 1615 2048 ,
1643 2014 1715 2041 tam
1738 2003 1922 2043 Seculare:
1936 2030 1950 2051 ‚
1974 2018 2076 2054 quam
2102 2005 2296 2053 Regulares
2316 2003 2490 2054 filvere.»

344 2065 513 2094 tenentur
520 2055 717 2104 praedifiam
727 2056 945 2093 medietatem
958 2065 1042 2090 cerae
1054 2051 1200 2100 accensae
1211 2052 1250 2087 in
1258 2052 1454 2101 expositione
1465 2054 1560 2089 circa
1575 2053 1759 2090 Cadavera
1774 2053 2020 2137 Dfiefunffiorum
2035 2077 2047 2095 ‚
2061 2054 2211 2102 quasque
2224 2053 2488 2103 consuetudines

344 2106 482 2142 omnino
486 2103 682 2153 servandas
691 2101 751 2154 effe
757 2103 886 2151 favore
900 2101 1135 2140 Parachorum
1146 2099 1342 2147 disponitur
1355 2101 1395 2135 in
1409 2100 1656 2150 Constitutione
1669 2104 1701 2138 6.
1719 2103 1793 2138 San
1825 2102 1920 2150 iffimi
1946 2103 1991 2140 D.
2009 2100 2064 2141 N.
2092 2100 2245 2161 impreffa
2266 2101 2335 2153 post
2361 2100 2490 2139 Conci-

342 2153 429 2191 lium
441 2152 658 2190 Romanum:
685 2152 732 2189 ad
740 2150 938 2189 Secundum
951 2148 1033 2186 verb
1045 2147 1242 2196 respondit:
1268 2149 1311 2183 ad
1325 2148 1545 2196 Episcopum,
1564 2149 1624 2194 qui
1641 2149 1844 2185 austeritate
1861 2153 1968 2188 Sacra
1982 2151 2280 2196 Congreganonis
2300 2151 2461 2197 procedat
2472 2173 2487 2194 ,

340 2212 449 2291 {flora
473 2202 516 2239 de
543 2201 639 2238 ‘ure.
665 2201 712 2239 Et
738 2198 931 2250 hujusmodi
953 2196 1114 2248 resolutio
1136 2195 1249 2245 quoad
1273 2205 1460 2245 utrumque
1485 2196 1630 2233 dubium
1654 2196 1855 2245 confirmata
1870 2199 1950 2247 fuit
1971 2200 2010 2237 in
2040 2200 2316 2248 Congregatione
2339 2198 2397 2236 die
2433 2204 2487 2238 16.

388 2263 407 2287 a
423 2264 438 2286 ι
467 2264 479 2288 1
513 2263 529 2286 2
561 2275 570 2286 .

404 2264 421 2302 1
445 2260 606 2350 Co⁷neeffa
617 2299 747 2337 iterum
763 2309 854 2335 nova
885 2298 1068 2336 audientia
1083 2295 1254 2334 Patribus
1284 2294 1473 2344 Capacim's
1486 2319 1498 2339 ‚
1522 2293 1579 2330 illi
1602 2293 1828 2332 recedendum
1853 2293 1914 2347 effe
1940 2294 1961 2332 ὰ
1984 2296 2097 2347 decifis
2122 2296 2221 2334 hodie
2239 2297 2489 2346 praetendunn

349 2348 464 2399 quoad
473 2347 666 2396 secundam,
672 2357 808 2396 partem
818 2348 927 2396 primi
938 2347 1038 2384 dubii
1051 2368 1065 2388 ‚
1082 2345 1190 2394 super
1208 2343 1382 2393 solutione
1394 2343 1531 2392 scilicet
1553 2343 1751 2381 medietatis
1787 2356 1872 2383 cerae
1898 2345 2042 2394 accensae
2065 2346 2105 2381 in
2129 2346 2323 2395 expositione
2336 2371 2349 2390 ,
2360 2346 2428 2394 sub
2451 2357 2488 2383 eo

341 2395 515 2449 praecipu&
536 2392 764 2445 =fundamento
781 2419 793 2439 ‚
818 2397 909 2442 quod
925 2394 1129 2444 supradifia
1160 2392 1365 2441 consuetudo
1383 2391 1544 2441 solvendi
1570 2393 1786 2430 medietatem
1816 2405 1900 2431 cerae
1923 2394 2067 2444 accensae
2091 2395 2130 2429 in
2155 2394 2350 2443 expositione
2375 2394 2492 2432 Cada-

347 2457 471 2485 verum
484 2468 498 2490 ,
516 2454 629 2482 ortum
654 2444 818 2480 habuerit
842 2455 884 2481 ex
929 2444 1092 2480 rivativa
1106 2465 1116 2481 ‚
1138 2454 1240 2490 quam
1259 2442 1324 2490 fibi
1346 2451 1528 2490 competere
1553 2439 1742 2490 afferebant
1761 2441 1913 2479 Parachi
1926 2467 1939 2487 ‚
1954 2442 2141 2493 exponendi
2161 2444 2273 2480 omnia
2304 2442 2491 2480 Cadavera

346 2497 389 2534 ἄη
410 2505 527 2532 eorum
549 2491 700 2541 Ecclefiis
722 2491 896 2529 parochia
912 2492 990 2528 ibus
1004 2518 1014 2534 ‚
1037 2488 1199 2539 exclusive
1225 2491 1270 2525 ad
1285 2489 1442 2539 Ecclefias
1453 2486 1664 2526 tumulantes
1678 2512 1691 2531 ‚
1717 2490 1807 2536 quod
1831 2503 1873 2527 ue
1886 2491 2038 2538 subinde
2052 2504 2076 2528 u
2091 2503 2133 2528 us
2157 2493 2356 2529 invaluerit
2386 2501 2488 2542 expo-

347 2555 432 2582 nere
468 2541 654 2581 cadavera
694 2541 734 2575 in
770 2539 921 2590 Ecclefiis
960 2537 1216 2577 tumulantibur
1243 2562 1252 2576 ‚
1280 2540 1393 2588 petita
1423 2538 1526 2586 prius
1567 2535 1711 2574 licentid
1748 2536 1768 2573 ὰ
1833 2538 1967 2575 arachis
2001 2540 2056 2577 De
2071 2539 2247 2578 untiorum
2269 2564 2283 2584 ‚
2322 2541 2365 2582 Θ
2399 2539 2492 2589 quod

343 2602 409 2644 pro
438 2590 629 2640 hujusmodi
670 2588 813 2626 licentia
849 2589 1058 2626 tradebatur
1095 2586 1265 2626 Parochis
1305 2586 1397 2623 libra
1431 2597 1503 2622 una
1538 2597 1623 2621 cerae
1646 2610 1661 2631 ,
1697 2586 1740 2629 (ρ’
1770 2587 1935 2625 medietas
1969 2590 2078 2626 totius
2113 2601 2196 2626 cera
2219 2613 2234 2634 ,
2289 2599 2339 2625 κα
2373 2601 2493 2626 accen-

346 2642 494 2680 debatur
528 2640 569 2674 in
603 2638 798 2686 expositione
838 2637 1060 2674 Cadaverum
1084 2661 1094 2672 .
1132 2636 1287 2683 Cumque
1319 2637 1359 2671 in
1392 2636 1504 2671 Sacra
1542 2634 1817 2683 Congregatione
1857 2636 2094 2687 episcoporum
2116 2662 2131 2682 ,
2167 2638 2211 2680 ὼ·
2296 2636 2490 2683 egularium

348 2689 534 2739 ‚resolutum
552 2686 743 2736 fueritsub
756 2684 813 2721 die
827 2696 840 2722 1
853 2698 882 2722 r.
899 2685 1012 2735 Junii
1030 2683 1130 2730 1728.
1156 2685 1340 2721 Cadaver-a
1356 2682 1608 2721 Defunaorum
1622 2708 1631 2724 ,
1647 2687 1709 2731 qui
1722 2686 1898 2730 elegerunt
1923 2686 2126 2733 sepulturam
2140 2687 2175 2722 In
2192 2685 2337 2723 Ecc1efia
2353 2687 2490 2723 Parrum

346 2738 610 2786 Capucinorum
622 2759 635 2778 ‚
656 2746 725 2770 non
740 2732 803 2770 effe
816 2735 913 2781 prius
926 2734 1134 2782 exponenda
1149 2733 1184 2769 in
1202 2732 1349 2770 Ecclesra
1364 2731 1578 2776 parochiali,
1588 2744 1657 2769 non
1670 2732 1818 2782 obstante
1828 2746 2039 2784 quacumque
2053 2735 2231 2773 contraria
2244 2734 2492 2783 consuetudine

344 2786 488 2838 petendi
511 2784 632 2820 dietam
645 2783 820 2821 licentiam
832 2796 846 2825 ς
872 2783 954 2819 hinc
977 2783 1161 2832 desumunt
1175 2781 1302 2820 Patres
1327 2781 1501 2831 Capacini
1512 2804 1526 2825 ‚
1549 2781 1676 2832 quodsi
1683 2781 1782 2819 hodie
1795 2796 1863 2820 non
1873 2783 2017 2832 amplius
2028 2785 2147 2832 vigeat
2162 2782 2331 2868 necelffitar
2346 2783 2488 2833 petendi

346 2835 526 2887 praefatam
539 2832 714 2870 licentiam
730 2859 739 2874 ,
766 2829 787 2867 ἃ
802 2843 871 2880 qua
895 2833 1073 2870 oriebatur
1090 2831 1151 2881 jus
1156 2829 1320 2880 solvendi
1341 2830 1554 2869 medietatem
1565 2843 1672 2873 cerae,
1697 2843 1757 2869 nec
1780 2834 1885 2870 ctiam
1914 2832 2062 2883 absistere
2085 2832 2230 2870 debeati
2244 2831 2314 2870 lius
2334 2830 2465 2884 eff'effus
2475 2854 2491 2878 ‚

349 2882 554 2934 consuetudo
570 2881 707 2930 scilicet
725 2878 888 2931 solvendi
899 2882 1115 2919 medietatem
1135 2891 1241 2921 cera,
1265 2891 1339 2929 quae
1363 2879 1567 2917 accenditur
1589 2882 1628 2916 in
1649 2879 1847 2929 expositione
1904 2881 2095 2918 adaverum
2115 2907 2127 2918 .

447 2933 560 2980 Super
584 2930 644 2967 hoc
669 2942 756 2967 novo
777 2929 870 2978 faiio
885 2931 1059 2975 dicenda,
1086 2930 1130 2972 ὡ·
1152 2928 1381 2978 ponderanda
1403 2935 1510 2967 erunt
1530 2954 1541 2969 ‚
1576 2928 1700 2967 relatio
1722 2929 1902 2979 Episcopi,
1929 2941 2003 2979 quae
2022 2930 2129 2968 datur
2147 2927 2302 2982 impreffa
2338 2931 2377 2967 in
2403 2941 2489 2966 novo

354 2981 552 3022 Summario
576 2979 767 3018 eorumdem
801 2980 950 3018 Parrum
976 2979 1234 3030 Capacinorum
1255 2990 1352 3017 num.
1366 2977 1495 3023 unico,
1524 2975 1663 3029 aliaque
1696 2976 1798 3029 ‘'Jura
1829 2979 2126 3030 circumferenda,
2151 2982 2277 3030 quibus
2296 2978 2460 3030 perpenfis
2476 3001 2490 3022 ‚

355 3030 595 3080 dignabuntur
617 3029 691 3067 ΕΞ.
705 3027 787 3067 W.
799 3029 1004 3067 decernere:
1120 3051 1123 3054 -

451 3079 511 3116 An
531 3079 572 3116 (it
595 3079 748 3117 standum
761 3103 776 3126 ‚
799 3081 856 3119 vel
877 3078 1108 3119 recedendum
1135 3076 1156 3113 'a
1183 3076 1305 3116 decifis
1327 3077 1391 3116 sub
1410 3076 1532 3116 diebus
1549 3089 1609 3116 20.
1622 3078 1835 3129 Septembris
1855 3080 2005 3130 1727.&
2023 3078 2179 3130 16.Maji
2197 3079 2298 3127 ¹7²8·

1021 3175 1364 3236 Rtfiriptumstab
1384 3178 1446 3220 die
1479 3190 1544 3232 ¹4·
1566 3177 1676 3236 Maji
1706 3191 1826 3236 1729.

954 3287 1003 3332 In
1032 3285 1217 3338 Decifis,
1240 3285 1282 3329 δι
1303 3286 1475 3343 amplius
1499 3300 1582 3331 non
1607 3298 1892 3346 proponatur.
1957 3323 1962 3330 .

1167 3443 1218 3496 C.
1234 3442 1361 3497 Card.
1379 3447 1540 3517 &rigas
1561 3445 1693 3515 Praefi

1801 3564 1868 3606 «A.
1881 3565 1923 3603 de
1942 3562 2142 3604 Abbatibus
2162 3564 2294 3607 Secret.

410 3659 499 3713 Reg.
511 3664 550 3701 in
570 3664 705 3705 Secret.
716 3664 758 3705 S.
771 3665 939 3715 Congreg.
950 3661 1011 3702 lib.
1024 3664 1082 3713 78.
1088 3663 1154 3714 fol.
1165 3666 1245 3713 236.
1259 3664 1352 3716 &in
1367 3661 1464 3715 Thes:
1471 3663 1625 3717 Resolut.
1641 3665 1703 3704 lib.
1713 3666 1789 3716 4·f.
1807 3663 1883 3705 182.
1895 3664 1938 3709 ἀ·
1951 3675 2032 3715 300.

2268 3846 2436 3891 PRO·
