2710 4108
1217 194 1714 312 Tuscia.

336 358 876 416 ALEXANDER
939 359 1161 409 PAPA
1213 365 1364 414 VII.

529 546 599 589 Aa
607 541 803 604 futuram
824 544 886 588 rei
910 545 1134 586 memoriam
1151 572 1164 582 .

431 722 558 775 ΗΜ,
586 719 685 764 sicut
713 716 968 779 accepimus,
993 720 1235 763 Conventus
1267 722 1360 765 Fra.

460 793 569 825 trum
585 783 788 824 Minotum
810 778 975 822 Ordinis
996 779 1129 823 saneti
1157 780 1355 824 Francisti

323 843 639 900 capucinorum
649 849 972 895 nuncupatorum
981 864 995 887 ‚
1010 851 1137 894 prope
1147 868 1160 890 ,
1183 838 1224 882 δι
1237 851 1352 883 extra

321 904 471 947 Muros
484 900 675 944 Civitatis
692 902 887 941 Senatum
899 922 916 948 ‚
940 911 1021 942 non
1050 897 1104 940 ita
1121 898 1278 953 pridem
1304 912 1352 942 ea

320 961 553 1005 intentione
580 957 820 1001 constructus
849 953 1000 1008 luerit,
1023 965 1067 998 ut
1095 956 1192 1000 illue
1220 967 1350 999 trans-

322 1018 505 1064 ferretur
516 1018 703 1076 antiquus
718 1017 958 1059 Conventus
986 1013 1168 1071 ejusdem
1183 1017 1348 1059 Ordinis

319 1076 418 1122 inde
443 1075 632 1121 milliario
645 1089 737 1118 cum
766 1073 936 1118 dimidio
971 1074 1136 1116 circiter
1174 1072 1348 1129 distans,

316 1151 490 1193 eamque
504 1134 808 1180 translationem
822 1136 908 1175 Nos
918 1132 1123 1178 noviffime
1136 1131 1222 1176 fieri
1233 1148 1343 1176 man·

316 1195 580 1242 (laverimus,
606 1191 857 1249 proindeque
883 1191 990 1236 idem
1004 1196 1246 1235 Conventus
1273 1203 1343 1235 an-

315 1255 450 1311 tiquus
463 1255 487 1299 a
507 1252 668 1295 Dilecto
684 1249 973 1294 FilioMinistro
984 1251 1230 1295 Provinciali
1245 1253 1342 1294 Pro·

314 1313 458 1355 vinciae
475 1310 678 1355 Hetruriae
690 1308 1144 1352 dietiOrdinisdimiffus
1156 1336 1170 1357 ‚
1184 1311 1224 1352 δε
1242 1311 1338 1353 Fra-

314 1380 401 1415 tres
417 1370 472 1414 ibi
484 1370 681 1426 degentes
694 1368 735 1410 in
748 1366 837 1411 aliis
854 1369 1138 1413 Conventibus
1153 1368 1337 1424 ejusdem

314 1429 536 1474 Provinciae
550 1426 744 1471 collocati
756 1426 967 1470 extiterint
979 1457 992 1469 .

372 1489 480 1532 Hinc
494 1488 585 1539 est,
611 1484 720 1542 quod
750 1487 837 1528 Nos
863 1498 972 1528 motu
992 1487 1186 1543 proprio,
1215 1489 1256 1531 δι
1283 1502 1336 1533 ex

311 1558 428 1589 certa
457 1543 652 1594 scientia,
681 1557 728 1586 ac
756 1555 909 1587 matura
938 1545 1234 1590 deliberatione
1263 1561 1332 1588 no·

310 1606 430 1656 stris,
458 1604 592 1660 deque
613 1600 850 1658 Apostolicae
875 1603 1080 1660 potestatis
1113 1603 1335 1659 plenitudi-

309 1676 392 1714 ne,
417 1663 469 1706 ad
485 1662 613 1706 divini
627 1661 764 1705 cultus
774 1672 1060 1718 augmentum,
1087 1664 1130 1706 δι
1145 1662 1334 1719 Religio-

306 1723 369 1768 nis
399 1722 668 1765 Eremitarum
696 1719 1067 1764 camaldulenfium
1094 1723 1219 1764 saneti
1247 1725 1331 1765 Ro-

307 1780 459 1825 mualdi
475 1778 801 1837 propagationem
812 1807 828 1832 ,
850 1780 1088 1823 Venerabili
1104 1781 1235 1824 Fratri
1253 1787 1330 1823 Ar·

307 1840 569 1896 ehiepiscopo
592 1843 817 1889 senarum,
839 1836 908 1881 seu
937 1837 1088 1883 dilecto
1117 1837 1220 1882 Filio
1248 1839 1337 1896 ejus

305 1897 477 1941 vicario
500 1899 540 1940 in
573 1895 843 1953 spiritualibus
885 1898 1082 1941 Generali
1116 1911 1188 1954 per
1237 1913 1334 1954 prae-

303 1958 440 2001 sentes
451 1956 720 2014 injungimus,
737 1955 778 1996 ἀ
791 1956 1025 1999 mandamus
1037 1984 1052 2007 ‚
1067 1967 1112 2000 ut
1129 1960 1324 2000 conven-

300 2025 389 2060 tum
404 2045 418 2068 ,
446 2024 491 2059 nt
505 2015 716 2072 prefertur
729 2042 745 2066 ‚
768 2013 966 2059 dimiisum
978 2040 994 2064 ‚
1012 2029 1103 2060 cum
1117 2017 1236 2059 horto
1249 2043 1264 2067 ,
1282 2018 1321 2061 ἃς

295 2075 408 2130 sylva
425 2103 439 2127 ‚
469 2074 693 2132 ceterisque
723 2074 981 2128 pertinentiis
995 2074 1187 2118 univerfis
1209 2075 1327 2120 Reli.

295 2135 403 2191 gioni
420 2133 611 2188 predictae
625 2133 899 2175 Eremitarum
921 2132 1292 2177 Camaldulensium
1305 2164 1322 2186 ,

295 2193 347 2236 ad
365 2192 550 2237 effectum
563 2191 661 2235 inibi
676 2204 820 2234 novam
835 2193 1024 2235 Eremum
1047 2193 1233 2248 erigendi
1248 2207 1323 2248 pro

295 2252 517 2296 duodecim
529 2249 723 2294 Eremitia
734 2279 752 2300 ,
781 2250 848 2304 qni
866 2248 934 2293 sub
948 2260 1143 2306 perpetua
1161 2252 1319 2296 clausu·

299 2324 342 2352 ra
357 2311 511 2366 degant
524 2337 538 2360 ,
553 2311 594 2351 &
608 2308 742 2351 divina
756 2307 885 2351 officia
902 2308 970 2350 diu
986 2337 999 2359 ‚
1016 2312 1244 2366 noctuque,
1259 2309 1323 2367 ju·

294 2380 363 2411 xta
380 2369 435 2411 sui
453 2367 621 2413 Ordinis
638 2366 820 2409 Instituta
834 2366 1043 2410 celebrent
1059 2396 1073 2419 ,
1102 2370 1223 2425 eique
1248 2382 1321 2410 no·

292 2441 353 2471 νε
369 2429 520 2470 Eremo
538 2437 613 2484 pro
624 2424 726 2467 dote
743 2449 762 2476 ,
787 2425 829 2469 δι
854 2427 1169 2470 manutentione
1193 2427 1320 2470 dieto·

291 2501 379 2530 rum
395 2483 614 2528 duodecim
623 2484 891 2528 Eremitarum
906 2484 1092 2528 sexcenta
1107 2485 1214 2529 scuta
1232 2500 1319 2527 mo-

296 2552 403 2587 netae
433 2542 674 2587 Florentinae
698 2542 719 2584 a
737 2542 904 2585 micitia
931 2542 1041 2586 Filiis
1071 2542 1248 2596 Priore,
1280 2545 1318 2587 &

289 2603 500 2646 fratribus
516 2600 654 2645 Bromi
669 2600 909 2646 florentine
929 2629 946 2652 ,
971 2603 1318 2658 congregationis

289 2660 576 2705 camaldulen.
594 2668 675 2701 tam
698 2658 751 2700 de
777 2661 947 2715 propriis
975 2673 1118 2702 eorum
1145 2659 1313 2703 redditi·-

286 2720 362 2762 bus
377 2749 391 2770 ‚
413 2721 532 2775 quam
547 2714 721 2771 Hospitii
736 2716 916 2772 ejusdem
936 2719 1073 2761 Eremi
1098 2718 1136 2760 in
1149 2719 1311 2761 Civita-

285 2789 330 2820 te
348 2779 559 2821 Florentiae
572 2775 738 2819 existen.
755 2787 877 2832 atque
894 2776 1031 2820 Eremi
1046 2777 1177 2820 saneti
1193 2778 1310 2832 Joan.

283 2837 347 2878 nis
375 2835 555 2891 Baptiliae
579 2837 768 2877 Cortonae
804 2834 916 2877 dietae
941 2834 1313 2890 Congregationis,

282 2895 445 2950 singulis
473 2893 586 2936 annis
614 2891 910 2959 persolvenda,
941 2891 1053 2949 juxta
1090 2891 1311 2948 affignatio-

280 2967 404 3002 nem,
435 2950 750 3008 &partitionem
773 2946 949 2995 sastama
977 2950 1171 3007 Capitulo
1197 2954 1309 2994 Con·

278 3010 481 3064 ventuali,
491 3009 541 3053 ad
558 3010 662 3052 bunc
676 3007 859 3052 effestum
875 3009 915 3051 in
926 3005 1028 3051 dieta
1045 3011 1196 3052 Eremo
1214 3009 1311 3054 1²10·

279 3073 441 3114 rentina
467 3077 744 3125 congregato·,
773 3069 814 3109 δι
838 3068 878 3110 in
905 3066 1033 3110 Diaeta
1056 3066 1110 3111 de
1136 3066 1310 3115 mense...

278 3130 388 3188 Junii
422 3125 605 3185 proxime
641 3126 851 3182 praeterito
876 3125 1084 3171 celebrata
1112 3128 1307 3183 approba·

278 3197 365 3232 tam
378 3216 394 3240 ‚
418 3196 543 3244 atque
559 3183 628 3228 sub
642 3182 943 3229 conditionibus
966 3185 1169 3228 contentis
1185 3185 1223 3228 in
1239 3187 1306 3230 In-

277 3245 503 3290 strumento
515 3242 687 3299 desuper
701 3240 916 3296 conseclo,
943 3243 984 3284 δι
1008 3257 1081 3300 per
1104 3245 1187 3287 acia
1203 3240 1309 3287 dile·

274 3307 326 3348 ἂί
341 3305 472 3349 etiam
487 3303 575 3348 Filii
592 3301 761 3345 Adriani
775 3301 971 3352 Minucci,
986 3302 1146 3345 Notarii
1158 3302 1311 3358 publici
1352 3327 1357 3330 -

277 3372 450 3420 rogato,
478 3361 717 3408 anaoritate
740 3359 867 3403 nostra
884 3359 1117 3416 Apostolica
1141 3361 1297 3413 donet,

274 3422 477 3466 concedat
491 3450 507 3473 ,
536 3419 753 3476 &affignet
767 3447 781 3469 ,
808 3428 933 3474 prout
948 3419 1034 3461 Nos
1055 3432 1128 3475 per
1140 3418 1301 3464 easdem

274 3478 492 3537 praeseutes
519 3481 722 3540 perpetuo
752 3477 950 3521 donamus
969 3505 983 3530 ,
1013 3475 1301 3534 concedimus,

2224 232 2385 314 421

1424 318 1460 358 δι
1476 313 1734 368 affignamus,
1748 310 1977 368 dictamque
1992 326 2036 366 pa
2045 315 2251 359 rtitioncm
2268 332 2307 358 in
2321 320 2451 361 omni-

1424 375 1524 423 bus,
1551 374 1677 429 &per
1689 386 1823 415 omma
1848 370 2163 426 confirmamus,
2191 377 2232 417 δι
2257 378 2454 430 approba·

1421 444 1536 482 mus,
1565 430 1619 472 ita
1636 457 1650 482 ‚
1678 440 1720 472 ut
1749 430 1870 473 liceat
1887 429 2020 471 Priori
2036 445 2145 475 novae
2164 435 2300 476 Eremi
2316 433 2451 488 hujus-

1421 489 1561 540 modi,
1581 501 1655 544 pet·
1669 488 1927 544 Superiorem
1941 490 2189 534 Generalem
2203 493 2314 536 dicta:
2336 500 2450 537 Con·

1416 546 1667 605 gregationis
1703 546 1990 590 Camaldulen.
2018 548 2214 603 Maiorem
2243 566 2447 608 nuncupa-

1417 618 1504 650 tum
1517 634 1533 656 ‚
1562 604 1758 659 eligendo
1773 633 1790 657 ‚
1813 606 1855 647 δι
1882 604 2122 662 deputando
2137 633 2151 658 ,
2181 610 2221 650 δι
2255 612 2448 654 Eremitis

1419 677 1495 722 pro
1515 671 1705 720 tempore
1720 662 1979 707 existentibus
1994 692 2012 714 ,
2040 678 2113 720 per
2128 664 2168 708 se
2181 694 2196 719 ‚
2213 667 2279 710 vel
2295 669 2417 712 alium
2432 693 2448 721 5

1418 721 1484 765 seu
1499 722 1604 765 alios
1620 722 1836 773 Ecclefioe‚
1863 723 1903 764 δε
1927 725 2178 767 Conventus
2198 727 2248 767 fle
2275 725 2446 779 dimisti,

1415 791 1508 825 cum
1524 780 1673 832 horto,
1702 780 1743 824 Gt
1765 778 1872 835 sylva
1889 809 1904 833 ,
1929 781 2156 839 ceterisque
2182 785 2443 840 pertinentiis

1413 838 1491 883 suis
1509 838 1687 887 realem,
1719 838 1915 882 anuaiem
1931 869 1946 891 ‚
1968 835 2004 882 δι
2029 843 2284 898 corporalem
2296 842 2440 899 poss'es.

1413 896 1703 942 fiunemliberi:
1719 924 1735 948 ,
1770 899 1932 955 propria
1955 896 2195 953 audieritate
2228 903 2439 958 retinere,

1410 957 1598 1013 dietaque
1624 954 1732 1001 scuta
1760 955 1945 1000 sexcenta
1974 958 2213 1014 percipere,
2238 960 2402 1016 exigere
2418 992 2437 1014 ‚

1408 1016 1581 1067 levare,
1611 1026 1657 1057 ac
1684 1015 1722 1057 in
1750 1013 1837 1058 suos
1862 1027 2099 1060 communes
2126 1046 2141 1070 ,
2171 1020 2212 1062 Bt
2254 1034 2439 1063 eorum.»

1409 1075 1550 1119 Eremi
1567 1100 1582 1123 ,
1620 1074 1660 1117 δι
1683 1071 1875 1117 Ecclefiae
1909 1075 2193 1132 praedit‘tarum
2225 1076 2319 1120 usus
2349 1106 2364 1130 ‚
2394 1081 2440 1121 δι

1404 1134 1623 1177 utilitatem
1638 1143 1883 1178 convertere
1897 1160 1911 1185 ‚
1942 1133 2112 1195 cujusvis
2135 1130 2298 1180 licentii
2313 1138 2434 1180 mini-

1397 1204 1468 1237 me
1480 1190 1673 1249 requisita
1682 1220 1694 1235 .

1461 1252 1660 1294 Praeterea
1671 1250 1954 1296 constructioni
1967 1279 1979 1302 ,
1991 1253 2031 1296 δι
2043 1250 2300 1295 aedificationi
2315 1253 2429 1297 dieta:

1399 1325 1509 1354 novae
1525 1311 1662 1353 Eremi
1679 1311 1848 1367 provide
1861 1310 2073 1355 consulere
2090 1311 2337 1360 volentes‚ut
2353 1327 2427 1367 per

1397 1371 1617 1414 triennium
1638 1369 1863 1425 proximum
1890 1365 1998 1426 poi?
2011 1369 2200 1426 adeptam
2229 1368 2429 1437 poffeffio·

1398 1443 1491 1473 nem
1518 1432 1780 1477 Conventus,
1806 1438 1849 1472 ut
1875 1427 2117 1486 praesertur,
2147 1428 2318 1482 dimini,
2357 1430 2425 1474 sex

1395 1498 1555 1532 tantum
1570 1487 1758 1531 Eremitae
1771 1489 1813 1530 in
1827 1501 1875 1530 ea
1888 1487 2038 1542 degere
2054 1488 2424 1540 teneantur,indul-

1395 1561 1533 1603 gemus
1547 1574 1560 1597 ‚
1589 1546 1637 1588 ad
1657 1546 1733 1589 hoc
1747 1573 1760 1596 ,
1787 1555 1832 1589 ut
1851 1546 2017 1589 dimidia
2035 1560 2124 1601 pars
2142 1548 2421 1602 piaedit‘torum

1394 1605 1601 1649 scutorum
1613 1603 1924 1657 sexcentorum,
1949 1606 1989 1647 in
2019 1603 2211 1649 fabricam
2239 1606 2420 1663 ejusdem

1394 1663 1529 1709 Eremi
1557 1663 1751 1719 applicari
1772 1666 1918 1718 potiit,
1944 1665 1984 1706 δι
2009 1663 2184 1707 debeat.
2219 1665 2421 1709 Volumus

1393 1735 1546 1772 autem,
1561 1732 1604 1765 ut
1619 1750 1635 1774 ,
1651 1721 1674 1764 fi
1693 1722 1881 1765 Eremitae
1906 1720 2019 1766 dictae
2043 1737 2154 1766 novae
2172 1723 2308 1768 Eremi
2323 1754 2339 1776 ‚
2368 1738 2421 1767 ex

1393 1781 1468 1839 piis
1483 1778 1815 1826 christifidelium
1827 1781 2092 1839 eleemosynis
2107 1810 2121 1832 ‚
2150 1780 2215 1824 seu
2239 1783 2388 1838 legatis
2403 1811 2419 1835 ‚

1396 1840 1462 1884 vel
1479 1837 1559 1883 alio
1573 1852 1830 1897 quocumque
1842 1839 1966 1883 modo
1982 1842 2138 1897 aliquos
2163 1854 2310 1884 annuos
2325 1843 2419 1886 red-

1391 1899 1499 1944 ditus
1513 1898 1794 1956 acquisiverint
1806 1926 1821 1950 ,
1851 1899 1964 1941 dieta
1977 1899 2184 1958 affignatio
2196 1929 2210 1953 ,
2237 1902 2278 1945 &
2293 1901 2419 1956 parti-

1385 1960 1443 2003 tio
1464 1972 1537 2014 pro
1551 1967 1634 2002 rata
1650 1956 1824 2006 cessare,
1854 1959 1895 2000 δε
1914 1959 1963 2002 ad
1989 1961 2183 2001 Eremum
2212 1961 2416 2004 Pion-enti-

1382 2032 1472 2061 nam
1489 2044 1501 2066 ,
1537 2031 1582 2059 ac
1599 2016 1648 2061 ad
1663 2016 1890 2071 Hospitium
1905 2045 1919 2068 ,
1943 2018 1981 2059 8<
1997 2019 2190 2060 Eremum
2218 2023 2414 2062 Cortonae

1385 2074 1612 2131 hujusmodi
1629 2073 1846 2130 respective
1859 2075 2001 2120 redire
2015 2076 2191 2121 debeant
2206 2104 2218 2118 .
2250 2080 2411 2122 Decer-

1383 2147 1527 2181 nentes
1541 2135 1698 2176 easdem
1713 2131 1925 2189 praesentes
1939 2133 2077 2178 literas
2089 2132 2246 2191 semper
2259 2130 2411 2188 firmas,

1381 2195 1532 2238 validas
1547 2220 1562 2242 ,
1573 2194 1611 2235 &
1627 2191 1811 2236 efficaces
1826 2193 1999 2237 existere
2014 2222 2028 2244 ,
2056 2196 2093 2238 &
2109 2191 2221 2245 fore,
2239 2194 2408 2251 suosque

1379 2252 1582 2311 plenarios
1596 2279 1610 2303 ,
1637 2252 1872 2309 &integros
1889 2251 2055 2295 effeetus
2070 2251 2232 2304 sortiri,
2246 2254 2410 2297 &obri-

1380 2326 1480 2354 nere
1497 2339 1512 2362 ‚
1539 2309 1699 2361 stillis,
1727 2310 1778 2353 ad
1797 2324 1900 2367 quos
1926 2307 2103 2366 spectat,
2128 2309 2168 2355 &
2198 2326 2275 2369 pro
2301 2323 2409 2355 tem·

1378 2384 1475 2428 pore
1490 2368 1680 2424 spectabit
1691 2394 1705 2419 2
1718 2368 1941 2425 plenissime
1954 2368 2185 2426 suffragari3
2218 2370 2349 2428 ficque
2364 2373 2406 2415 in

1381 2426 1577 2485 praemiffis
1589 2442 1662 2483 per
1674 2426 2122 2487 quoscumqueJudices
2137 2428 2375 2474 Ordinatios
2393 2458 2408 2482 ,

1382 2487 1605 2542 Delegatos
1619 2516 1633 2538 ,
1657 2488 1779 2532 etiam
1790 2488 1868 2529 διε.
1894 2486 2120 2531 Auditores
2133 2487 2309 2544 judicari
2323 2517 2336 2540 ,
2353 2503 2401 2531 ac

1379 2544 1539 2589 definiri
1555 2545 1734 2597 debere,
1745 2559 1792 2590 ac
1805 2546 2056 2603 irritum—&0
2071 2546 2289 2589 attentari.
2309 2550 2406 2597 Non

1377 2604 1530 2647 obstan.
1547 2601 1745 2659 praemiflis
1759 2629 1775 2652 2
1787 2618 1833 2649 ac
1850 2603 2219 2648 constitutionibus
2231 2634 2246 2655 ,
2271 2605 2312 2647 δε
2325 2606 2407 2646 Or·

1372 2661 1647 2705 dinationibus
1674 2660 1944 2717 apostolicis,
1974 2675 2160 2715 necnon,
2199 2668 2406 2719 quatenus

1370 2732 1470 2773 opus
1486 2719 1714 2770 fit,0rdinis
1728 2746 1743 2769 a
1755 2720 2091 2775 congregationis
2103 2745 2117 2768 ,
2131 2723 2220 2763 Con
2229 2729 2372 2763 ventus
2387 2746 2402 2770 ‚

1373 2778 1415 2820 δι
1446 2779 1690 2822 Eremorum
1717 2775 1972 2833 hujusmodi,
1999 2777 2138 2819 aliisve
2167 2777 2398 2834 quibusvis,

1372 2833 1496 2877 etiam
1512 2837 1589 2879 &c-
1606 2835 1765 2879 statutis
1778 2865 1794 2887 ,
1808 2837 1847 2879 δε
1860 2834 2218 2880 consuetudinibus
2233 2865 2248 2888 ,
2272 2837 2399 2889 privi-

1370 2892 1490 2949 legiis
1502 2895 1578 2938 διε.
1594 2894 1818 2939 innovatis.
1851 2895 2009 2951 Quibus
2021 2894 2209 2937 omnibus
2226 2921 2240 2944 ‚
2270 2895 2310 2936 δι
2326 2896 2399 2937 fin-

1368 2952 1654 3007 guiis‚illorum
1667 2962 1828 2994 tenores
1840 2952 1920 2994 &m
1936 2952 2179 3009 derogamus
2190 2979 2207 3003 ‚
2233 2950 2401 2995 ceteris·

1369 3023 1449 3067 que
1463 3010 1681 3054 contrariis
1702 3007 2042 3066 quibuscumque.
2073 3012 2225 3052 Datum
2255 3011 2401 3053 Rome

1369 3067 1474 3123 apud
1495 3070 1678 3114 sanciam
1709 3068 1883 3111 Mariam
1914 3066 2109 3121 Maiorem
2137 3069 2206 3112 sub
2231 3068 2397 3113 Annulo

1366 3129 1576 3172 Piscatori:
1596 3128 1667 3171 die
1685 3140 1780 3171 xxi.
1807 3123 1977 3184 Augusti
2005 3141 2193 3172 atucnx.
2225 3126 2394 3175 Pontifi-

1363 3195 1478 3230 catua
1493 3186 1629 3231 Nostri
1641 3199 1747 3231 auno
1758 3187 1904 3245 quinto
1918 3216 1931 3232 .

1941 3305 1996 3349 G.
2010 3303 2246 3348 Gualterius
2258 3331 2272 3347 .

1418 3422 1564 3478 mog.
1600 3420 1646 3464 ι’.
1673 3421 1795 3466 Anb-
1820 3424 1963 3464 secret.
1997 3425 2114 3463 Bne.
2142 3417 2276 3479 Apss.
2292 3425 2387 3482 Reg.

1475 3480 1634 3538 neustr,
1658 3480 1709 3530 θ’
1731 3484 1830 3524 anni
1847 3481 1974 3537 pred
1990 3481 2153 3541 sol-82.

1041 3595 1597 3665 NOTA.

269 3740 472 3779 Translaeio
493 3739 649 3776 Fratrum
673 3740 713 3775 ad
740 3750 869 3774 novum
894 3738 1146 3778 Conventum,
1171 3747 1274 3782 quant
1302 3735 1515 3785 prepofitum
1537 3747 1780 3777 commemorat
1809 3741 1943 3786 Breve,
1991 3751 2056 3789 pto
2092 3740 2294 3780 execuu'ona
2317 3739 2388 3778 fuis

322 3788 494 3826 commista
522 3787 612 3823 Patri
642 3788 864 3825 Procuratori
885 3785 1000 3823 Curiae
1023 3784 1171 3831 Epistola
1195 3784 1379 3832 sequente:

2212 3838 2246 3874 A
2258 3839 2344 3875 Ter·
