2774 4036
493 310 1456 415 APPROBATIO
1557 318 2235 417 ORDINIS.

375 509 378 523 ²
445 523 528 573 OS
563 513 682 568 infra
715 516 890 584 Scripti
923 513 1213 566 Diffinitores
1244 518 1495 565 Generales
1527 517 1725 568 Ordinis
1754 522 1966 571 Fratrum
1993 524 2237 576 Minorum
2278 528 2432 580 Sansti

353 646 358 653 ,
468 592 616 643 Patris
647 586 875 639 Francisci
912 587 1264 656 Capucinorum
1298 622 1313 644 ,
1366 589 1670 657 collegialiter
1710 591 1826 638 uniti
1865 592 2067 642 vidimus
2102 630 2118 653 ,
2166 598 2436 657 revidimus,

294 671 343 722 δι
373 661 548 716 attente
576 658 970 712 consideravimus
1004 660 1213 710 Tomum
1248 661 1319 707 11.
1358 659 1551 708 Bullarii
1577 659 1735 711 Nostri
1765 661 1961 711 Ordinis
1986 663 2012 712 ἃ
2044 668 2104 714 R.
2127 670 2177 716 P.
2207 670 2437 718 Michaele

295 732 523 807 Tugiensi
559 732 756 785 Ordinis
785 730 948 782 Nostri
977 731 1320 782 concionatore
1354 764 1370 788 ,
1405 727 1452 779 ἃ
1486 733 1739 780 Provinciae
1772 731 1950 782 Nostrae
1982 737 2245 787 Helveticae
2273 774 2289 796 ,
2324 742 2441 788 olim

296 814 348 863 S.
381 807 653 876 Theologiae
683 802 875 854 Lefiore
895 800 985 854 διε.
1003 817 1173 873 magna
1200 816 1310 849 cura
1323 837 1339 860 ,
1378 797 1689 851 sollicitudine
1708 837 1724 860 ,
1762 801 1809 853 6<
1825 803 2046 853 industria
2064 841 2081 864 ,
2117 821 2217 856 tum
2237 827 2293 858 ex
2312 815 2443 878 Apo-

296 881 467 933 stolicis
495 879 627 927 almae
655 874 803 931 Urbis
829 875 1017 932 Curiis,
1052 891 1104 923 ac
1133 870 1328 923 Ordinis
1360 907 1375 930 ,
1414 870 1462 922 ὅ(
1489 872 1842 923 Ρτονὶηείειτῦω
1874 876 2097 924 Archivis
2130 880 2445 938 colleeiunh,

300 948 529 1019 variisque
565 949 688 998 notis
711 982 728 1005 ,
765 964 818 996 ac
843 947 1018 995 notitiis
1047 942 1103 993 ad
1135 948 1357 1008 majorem
1388 945 1643 1013 legentium
1677 946 1925 994 utilitatem
1950 945 2224 998 illustratum
2245 985 2257 998 .
2294 954 2444 1001 Cum-

297 1041 387 1094 que
412 1025 457 1072 in
485 1017 644 1071 iisdem
658 1019 799 1068 Notis
830 1017 942 1066 nihil
975 1014 1085 1066 sanae
1107 1015 1343 1066 Doeirinae
1363 1048 1380 1072 ,
1416 1028 1498 1063 aut
1526 1014 1657 1064 bonis
1686 1016 1890 1064 moribus
1921 1015 2146 1067 dissonum
2163 1055 2178 1078 ,
2216 1038 2299 1068 nec
2316 1020 2443 1071 aliud

297 1093 554 1165 quidquam
575 1127 591 1150 ,
628 1088 754 1158 quod
784 1092 830 1138 in
861 1088 1013 1139 Tertii
1048 1087 1365 1155 praejudicium
1396 1100 1589 1156 vergere
1621 1084 1787 1155 poffit,
1827 1088 2171 1147 invenerimus,
2208 1090 2445 1159 dignum..

300 1165 496 1219 omnino
523 1160 792 1219 censemus,
831 1174 883 1209 ut
917 1157 1103 1208 servatis
1133 1158 1190 1208 de
1226 1163 1322 1219 jure
1352 1194 1367 1215 ,
1404 1155 1452 1207 ὅ(
1485 1158 1627 1206 modo
1666 1155 1928 1216 servandis,
1968 1175 2052 1227 pro
2072 1160 2226 1209 debita
2258 1164 2448 1214 Provin-

302 1241 481 1291 eiarum
501 1272 517 1293 ,
554 1252 606 1284 ac
653 1250 805 1282 rerum
846 1228 1078 1301 gestarum
1108 1231 1274 1280 notitia
1300 1229 1496 1297 publicae
1528 1230 1622 1278 luci
1651 1227 1751 1278 dari
1778 1265 1795 1288 ,
1831 1227 2102 1301 &imprimi
2129 1230 2297 1301 poffit.

446 1305 675 1360 Dedimus
701 1307 865 1355 Romae
900 1302 974 1351 die
1005 1322 1057 1364 9.
1079 1302 1202 1370 Julii
1231 1305 1373 1352 Anno
1415 1316 1564 1363 1743.

867 1467 945 1519 Fr.
976 1465 1336 1520 maximilianus
1366 1463 1394 1515 ἃ
1429 1466 1679 1533 Wanghena
1708 1465 1938 1535 Diffi'nitor
1970 1465 2195 1518 Generalis
2214 1505 2227 1520 .

1018 1539 1097 1589 Fr.
1136 1538 1385 1589 Benediflus
1413 1537 1441 1587 ἃ
1469 1536 1710 1606 Mfffia
1745 1537 1971 1606 Dffnitor
2001 1539 2223 1590 Generalis
2242 1577 2255 1590 .

1015 1611 1093 1660 Fr.
1129 1611 1324 1680 Joa'nnes
1354 1608 1510 1661 Maria
1537 1609 1566 1660 ἃ
1607 1610 1762 1660 Parma
1789 1609 2027 1679 ‘Diffinitor
2053 1612 2277 1663 Generalis
2292 1649 2308 1663 .

358 2149 453 2218 Fr.
493 2147 794 2238 Josephus
836 2148 1039 2215 Maria
1092 2145 1169 2213 ab
1219 2147 1574 2214 Interamna
1613 2144 1874 2212 Ordinis
1923 2148 2036 2212 FF.
2076 2147 2409 2236 Minorum

452 2243 658 2308 Sancti
678 2247 725 2309 F
725 2241 980 2309 rancisci
1002 2243 1473 2332 Capucinorum
1493 2240 1781 2307 Minister
1796 2239 2114 2305 Generalis
2134 2240 2165 2327 <
2181 2243 2216 2307 l.
2228 2245 2313 2330 i.)

462 2435 554 2488 UM
588 2434 794 2484 Tomum
815 2433 1077 2485 Secundum
1098 2434 1289 2483 Bullarii
1307 2432 1503 2484 Ordinis
1521 2416 1698 2484 nostriai
1715 2416 1775 2484 R.
1795 2434 1843 2484 P.
1864 2434 2091 2484 Michaele
2109 2431 2329 2504 Tugiensi
2347 2430 2459 2501 ejus·

483 2504 590 2554 dem
607 2505 803 2556 Ordinis
823 2508 1167 2556 Concionatore
1185 2540 1200 2564 ,
1238 2509 1384 2556 Sacrae
1402 2507 1669 2574 Theologiae
1699 2507 1743 2554 in
1779 2507 2018 2558 Provincia
2033 2507 2285 2557 -Helvetica
2302 2509 2459 2555 ex-Le·

323 2580 484 2635 (iore,
522 2574 570 2627 δι
599 2592 684 2643 pro
717 2577 920 2626 Natione
953 2577 1234 2627 Germanica
1262 2577 1375 2625 olim
1403 2578 1659 2628 Secretario
1689 2578 1908 2627 Generali
1937 2577 2237 2645 compilatum
2256 2613 2271 2634 ,
2307 2572 2460 2627 variis-

319 2668 411 2719 que
441 2650 562 2698 notis
590 2682 606 2705 ,
656 2667 708 2697 ac
739 2649 915 2698 notitiis
951 2647 1258 2706 illustratum,
1287 2661 1380 2697 tres
1411 2645 1610 2711 ejusdem
1642 2647 1835 2699 Ordinis
1853 2646 2010 2697 Nostri
2046 2645 2331 2697 Diffinitores
2363 2650 2462 2696 Ge·

324 2721 504 2770 nerales
539 2719 823 2777 reviderint,
862 2717 909 2770 &
937 2721 983 2768 in
1011 2720 1162 2768 lucem
1194 2717 1267 2767 edi
1302 2716 1421 2786 posse
1453 2717 1778 2785 probaverint,
1815 2732 1974 2768 tenore
2003 2715 2291 2787 praesentium
2318 2715 2460 2767 facul·

323 2806 469 2843 tatem
504 2790 808 2840 concedimus
829 2827 843 2848 ‚
881 2805 933 2840 ut
966 2787 1154 2841 servatis
1183 2787 1414 2838 servandis
1450 2789 1577 2855 typis
1610 2790 1936 2858 imprimatur.

322 2935 348 3003 Ι
386 2934 431 2983 Γ
473 2864 653 2912 Datum
687 2881 741 2914 ex
760 2860 938 2912 Nostro
958 2864 1213 2912 Conventu
1237 2859 1551 2910 Immaculatae
1582 2860 1912 2928 Conceptionis
1931 2859 1988 2910 de
2010 2857 2142 2915 Urbe
2166 2862 2249 2912 hae
2277 2858 2352 2910 die
2375 2876 2459 2909 12.

353 2952 381 2985 u
401 2952 434 2984 n
481 2950 631 2997 1743.

1177 3061 1258 3112 Fr.
1275 3059 1479 3130 Iosephus
1514 3057 1671 3111 Maria
1684 3093 1702 3120 ,
1737 3062 1809 3129 qui
1823 3056 1957 3127 fiepra
1985 3094 1999 3110 .

616 3194 743 3243 Loco
776 3191 830 3245 ›1‹
855 3191 1006 3263 Sigilli
1028 3228 1041 3242 .

2328 3867 2421 3912 AP-
