2710 4108
348 238 707 378 &0³3p150h2bueris
725 350 737 372 ,
758 320 784 362 si
816 321 956 375 impios
974 318 1301 363 Concionatores
1323 322 1372 361 zi.

348 383 459 423 zania
486 379 663 423 serentes
685 409 700 431 ,
730 383 768 422 &
798 380 1005 422 diabolicis
1032 380 1180 433 laqueis
1212 379 1374 431 plebem

1143 203 1700 289 Provincia

1436 376 1954 430 Gssssoonlus
2042 376 2250 440 PAPA
2339 378 2462 426 xv.

346 441 511 485 Domini
531 440 754 482 vincientes
773 440 868 480 inde
892 453 965 492 pro
986 439 1156 492 imperio
1183 438 1371 478 extermi.
1441 471 1444 475 .

344 500 505 541 naveris
524 528 536 548 ‚
565 499 746 553 illucque
762 500 990 552 Capucinos
1005 495 1198 551 ,Jesuitas
1211 525 1227 545 ,
1255 506 1373 536 caete·

344 558 488 613 rosque
507 556 790 599 Ecclesiasticae
807 558 941 598 Vineae
956 555 1147 597 Cultores
1160 557 1374 596 aut‘ioritas

345 626 412 657 tua
434 617 714 663 ,introduxerit
737 643 751 666 ,
778 624 821 656 ut
836 613 1117 657 filvescentem
1141 612 1222 669 jam
1248 613 1315 654 diu
1333 612 1372 653 in

346 673 428 721 illis
444 674 641 718 Gentibus
658 674 914 716 Dominicum
927 687 1091 727 agrum,
1117 673 1186 714 ubi
1202 686 1274 727 pro
1289 669 1372 713 fru-

346 745 484 775 mento
507 733 686 774 eminent
704 731 846 773 tribuli
869 762 882 782 ,
912 733 950 772 &
977 745 1049 785 pro
1066 731 1222 773 hordeo
1238 728 1368 784 spinae,

345 791 578 839 ardentibus
593 790 802 832 charitatis
821 789 986 831 flammis
1005 789 1188 845 mitigent
1202 817 1216 839 ,
1231 790 1270 828 δι
1285 788 1368 842 gla-

345 850 416 892 dio
442 849 619 903 ancipite
649 849 777 890 Verbi
796 849 873 890 Dei
901 848 1063 890 inutiles
1082 861 1215 890 ramos
1236 860 1368 901 ampu.

350 919 439 952 tent
457 937 470 960 ,
497 909 618 963 iisque
643 905 856 951 seminibus
869 905 1140 957 foecundent,
1167 918 1366 961 quorum-v

347 976 569 1024 proventus
589 966 835 1019 Angelorum
849 965 1045 1007 conviviis
1061 995 1076 1016 ‚
1093 963 1242 1019 ipsique
1259 974 1370 1005 aeter-

346 1041 402 1069 no
427 1021 711 1067 patrifamilias
725 1023 932 1066 suavissimi
950 1022 1021 1065 fint
1036 1050 1050 1062 .
1078 1024 1151 1072 Id,
1168 1021 1189 1063 fi
1209 1024 1374 1064 Frater-

345 1085 453 1127 nitas
471 1085 581 1130 Tua,
607 1082 714 1139 quod
744 1083 858 1124 Tein
885 1080 1098 1123 visceribus
1117 1080 1208 1136 Jesu
1223 1079 1373 1122 Christi

347 1146 586 1191 hortamur,
611 1140 860 1196 praestiteris,
889 1140 981 1181 Tibi
1008 1154 1089 1182 non
1109 1139 1231 1181 solum
1248 1138 1372 1179 liber-

345 1210 470 1243 tatem
488 1227 503 1250 ,
530 1213 607 1254 qua
631 1199 702 1241 sub
729 1199 844 1241 bonis
877 1198 1127 1254 Principibus
1150 1197 1370 1239 Provinciae

345 1258 524 1315 subjec'tae
540 1255 716 1298 feliciter
729 1255 1008 1313 perfruuntur,
1019 1256 1085 1298 sed
1105 1266 1259 1298 aeternae
1272 1269 1351 1312 quo
1362 1278 1372 1287 ·

347 1332 426 1373 que
453 1316 585 1358 salutis
611 1312 717 1370 spem
740 1344 754 1367 ,
787 1317 826 1357 in
853 1329 972 1370 quam
988 1316 1038 1358 ad
1058 1315 1280 1358 Catholicae
1295 1316 1370 1365 Ec·-

343 1375 470 1421 clefiae
494 1372 726 1428 obsequium
749 1373 968 1416 redeuntes
997 1375 1136 1419 venire
1159 1382 1370 1429 poterunt,

342 1435 369 1476 ii
397 1432 542 1488 Populi
580 1445 720 1487 magna
761 1446 811 1473 ex
838 1443 956 1487 parte
980 1431 1186 1476 debebunt
1210 1460 1222 1473 .
1254 1433 1370 1491 Qos

341 1490 671 1538 certEAustriacae
689 1492 836 1532 Domui
853 1505 988 1543 veram
1005 1491 1266 1547 Religionem
1279 1505 1366 1545 pro.

345 1549 563 1606 pugnanti,
576 1561 750 1604 unquam
767 1547 858 1590 satis
875 1549 974 1592 fidos
991 1548 1080 1592 fore
1096 1549 1280 1604 suspicari
1297 1549 1369 1591 de—

344 1610 443 1658 bes,
468 1605 669 1663 quousque
701 1621 752 1649 cx
778 1621 918 1652 eorum
942 1609 1082 1653 animis
1116 1609 1367 1663 impietatem

343 1666 620 1709 eliminaveris
647 1695 657 1706 .
700 1668 830 1725 Qam
858 1681 908 1709 ex
933 1669 1064 1711 animo
1088 1666 1206 1723 hujus
1232 1667 1368 1722 gloriae

341 1726 639 1768 incrementum
666 1724 830 1767 Nomini
864 1735 935 1768 tuo
949 1728 1149 1781 cupiamus
1166 1755 1179 1777 ,
1200 1740 1374 1779 coram..-

341 1783 504 1832 uberius
531 1780 833 1837 significavimus
870 1785 1032 1831 Dilec'to
1052 1786 1162 1828 vFilio
1184 1784 1372 1834 Michaeli

339 1842 504 1891 Willi0,
519 1840 755 1883 consiliario
773 1843 1049 1885 fraternitatis
1068 1846 1177 1893 Tuae,
1193 1857 1311 1899 quem
1327 1843 1375 1884 li-

336 1899 688 1953 bentercomplexi
705 1898 946 1950 sumus2Tua
958 1904 1122 1956 negotia
1136 1902 1374 1954 obeuntem,

340 1961 376 1999 &
404 1958 479 1998 suis
510 1957 660 1999 meritis
677 1985 690 2007 ,
718 1969 867 2014 tuaque
894 1960 1179 2002 benevolentia
1202 1960 1288 2000 satis
1310 1960 1370 2002 su-

338 2029 494 2071 perque
525 2015 854 2061 commendatum
878 2046 889 2056 .
931 2019 1042 2060 Ven.
1071 2018 1203 2061 Fratri
1222 2020 1365 2074 Joanni

339 2074 542 2132 Episcopo
556 2072 740 2116 Curiensi
760 2089 805 2116 ea
832 2076 920 2117 loca
937 2075 1150 2123 visitandi,
1181 2078 1217 2118 &
1232 2069 1369 2120 aufto-

337 2133 462 2175 ritate
493 2143 559 2174 tua
592 2130 813 2187 suffrageris
830 2133 1000 2184 ,iterum
1015 2135 1189 2189 petimus
1208 2132 1249 2178 *a
1276 2138 1368 2181 Fra-

339 2190 531 2234 ternitate
550 2191 635 2231 Tua
650 2218 664 2240 ,
677 2191 1026 2245 cuiApostolicam
1045 2193 1370 2237 Benedifftionem

336 2259 594 2305 peramanter
622 2249 901 2303 impartimur.
930 2252 1082 2292 Datum
1099 2252 1237 2293 Romae
1265 2254 1370 2309 apud

338 2310 525 2351 Sanctum
553 2308 721 2349 Petrum
750 2307 818 2350 sub
841 2307 1006 2350 Annulo
1027 2309 1236 2351 Piscatoris
1254 2341 1269 2361 ,
1302 2313 1369 2354 die

336 2367 447 2409 stxta
481 2365 657 2422 Januarii
686 2378 905 2408 Mncxxit.
937 2365 1205 2411 Pontificatus
1230 2371 1366 2415 Nostri

334 2425 459 2467 Anno
482 2424 636 2481 primo.

491 2564 496 2577 ι
562 2580 564 2582 ,
625 2541 807 2596 ,Joannes
832 2541 1069 2598 Ciampolus
1091 2546 1251 2587 Secret.

378 2693 473 2761 *Aut
501 2719 543 2758 ln
562 2698 727 2758 Archivb
746 2720 887 2758 secret.
907 2719 1020 2759 Brev.
1033 2698 1163 2772 Apost.
1181 2722 1232 2764 ad
1250 2702 1365 2765 Prin-

447 2777 555 2832 cipes
575 2778 664 2831 Rss’g·
679 2774 797 2831 mens?
808 2806 823 2826 ,
855 2775 900 2822 δ’
917 2777 1011 2818 anni
1022 2779 1149 2832 praed.
1165 2778 1247 2838 fol.
1265 2794 1364 2834 450.

331 2970 679 2988 ——n——u—
683 2975 816 2988 ——u-
846 2989 847 2992 Ἰ

1511 496 1666 541 Ditem·
1678 495 1764 538 Fili
1780 524 1796 544 ‚
1826 496 2028 544 Salutem,
2056 495 2107 544 (θ’
2139 491 2395 549 Apostolicam
2446 522 2448 525 -

1783 555 2085 594 Benedicttoncm
2099 582 2110 593 .

1563 675 1599 716 U
1617 675 1649 713 Α
1683 670 1886 725 singularis
1915 670 2072 725 pietas,
2099 670 2139 710 δι
2171 670 2466 724 inproximum

1576 731 1799 773 Charitatis
1815 758 1828 779 ,
1854 744 1899 769 ac
1916 729 2062 770 ardens
2079 727 2305 783 Religionis
2322 743 2467 783 propa-

1429 791 1565 844 gandae
1580 789 1693 830 zelus
1710 816 1722 839 ,
1748 788 1887 843 quibus
1909 789 1968 828 Te
1985 787 2164 828 novimus
2176 787 2197 829 ἃ
2213 789 2388 830 Domino
2405 788 2467 828 in-

1429 848 1616 902 signitum
1642 876 1653 898 ,
1687 850 1773 889 Nos
1805 845 2033 895 inducunt,
2072 854 2117 886 ut
2139 844 2265 899 opera
2295 845 2364 886 tufi
2392 847 2463 887 in..

1431 905 1690 962 praesentibus
1705 902 1997 946 necessitatibus
2010 902 2204 946 utendum
2217 903 2465 950 duxerimus,

1435 966 1638 1021 sperantes
1659 965 1698 1006 in
1728 963 1903 1005 Domino
1926 988 1940 1009 a
1976 960 2067 1005 fore
2089 989 2103 1013 ,
2133 969 2177 1002 ut
2205 959 2319 1016 juxta
2344 963 2465 1003 animi

1435 1024 1557 1066 nostri
1586 1022 1826 1064 desiderium
1853 1049 1867 1072 ,
1893 1034 1976 1076 quae
2006 1019 2099 1063 Tibi
2125 1017 2466 1068 commiserimus,

1434 1081 1666 1132 cumulate,
1697 1082 1736 1121 δι
1766 1080 1873 1121 reite
1903 1078 1945 1121 sis
1975 1077 2237 1134 expleturus.

1493 1144 1599 1184 Cum
1628 1141 1764 1196 itaque
1798 1152 1872 1193 pro
1898 1137 2466 1181 catholicorum-Germaniae

1433 1199 1622 1248 foedere,
1648 1207 1786 1240 contra
1811 1195 2034 1239 Catholicae
2067 1194 2180 1238 fidei
2208 1196 2338 1238 hostes
2365 1222 2381 1247 ,
2415 1196 2466 1237 ad

1430 1257 1607 1315 ejusdem
1626 1257 1736 1300 Fidei
1751 1253 2023 1298 defensionem
2039 1254 2142 1295 inito
2156 1282 2169 1305 ,
2201 1258 2343 1307 prater
2364 1253 2467 1295 alios

1429 1315 1674 1372 gravissimos
1698 1312 1872 1368 sumptus
1889 1342 1903 1364 ,
1933 1327 2032 1368 quos
2055 1313 2247 1355 haetenus
2268 1311 2462 1365 fecimus,

1428 1378 1467 1417 δι
1494 1375 1542 1416 ad
1567 1375 1737 1417 eandem
1754 1373 1893 1415 Fidem
1916 1372 1958 1413 in
1983 1370 2168 1415 universo
2183 1374 2294 1414 Orbe
2321 1385 2466 1428 propa-

1430 1432 1601 1489 gandam
1620 1461 1632 1483 ,
1676 1447 1750 1488 pro
1776 1429 2001 1488 qui-unam
2029 1431 2340 1488 Venerabilium
2368 1432 2467 1485 Era-

1429 1504 1534 1535 trum
1573 1493 1798 1534 nostrorum
1841 1493 1879 1531 S.
1897 1491 1952 1532 R.
1972 1491 2020 1530 E.
2047 1488 2328 1532 Cardinalium
2351 1492 2467 1531 Con:-

1427 1553 1707 1607 gregationem
1741 1548 2024 1604 deputavimus
2053 1576 2082 1597 ,,
2106 1547 2243 1601 longe.
2262 1546 2430 1604 majores
2449 1575 2464 1598 ,

1426 1625 1548 1667 quam
1576 1610 1677 1658 vires
1694 1612 1876 1651 Camerae
1896 1607 2031 1649 nostrae
2045 1607 2080 1647 A
2086 1606 2287 1662 postolicae
2306 1606 2466 1664 patian-

1432 1682 1530 1721 tur,
1563 1666 1741 1725 impensae
1754 1666 1946 1710 faciendae
1974 1665 2077 1712 sint,
2107 1663 2468 1721 &propterea'Fi-

1432 1728 1586 1771 delium
1609 1725 1800 1770 auxilinm
1826 1724 1870 1767 sit
1889 1723 2147 1766 necessarium
2166 1751 2178 1774 ,
2210 1723 2306 1766 ideo
2324 1711 2391 1765 Te)
2412 1721 2464 1765 ad

1434 1785 1657 1843 hujusmodi
1677 1784 1956 1827 subventiones
1972 1781 2268 1838 procurandum
2282 1812 2297 1834 ,
2321 1783 2362 1824 δι
2379 1781 2470 1824 col-

1435 1845 1644 1906 ligendum
1668 1843 1866 1900 destinare
1890 1841 2166 1884 decrevimus.

1467 1936 1471 1942 .
1493 1908 1608 1947 Motu
1637 1906 1776 1957 itaque
1798 1902 1963 1957 proprio
1978 1904 1994 1951 ,'
2023 1899 2132 1944 &Iex
2147 1896 2260 1943 certe
2275 1898 2464 1952 scientia]³

1429 1979 1475 2007 ac
1491 1974 1642 2006 matura
1657 1962 1953 2004 deliberatione
1976 1960 2117 2002 nostris
2130 1988 2143 2010 ‚
2159 1959 2252 2001 Tibi
2281 1975 2352 2015 per
2367 1973 2468 2014 prae·

1429 2022 1627 2065 sentes..in
1655 2021 1812 2073 virtute
1843 2020 1976 2061 sanetae
2003 2018 2256 2061 Obedientiae
2285 2018 2469 2073 praecipi-

1430 2093 1544 2131 mus,
1577 2076 1924 2122 ut‘fiibventiones
1953 2076 2206 2134 hujusmodi,
2239 2088 2318 2117 tam
2340 2078 2377 2116 in
2392 2077 2468 2118 Al-

1432 2155 1493 2182 ma
1525 2142 1636 2183 Urbe
1668 2139 1839 2187 Nostra,
1871 2150 1990 2192 quam
2015 2137 2055 2178 in
2083 2135 2170 2176 aliis
2185 2134 2467 2186 Civitatibus,

1434 2199 1573 2240 Terris
1589 2226 1603 2249 ,
1633 2199 1672 2238 δι
1697 2196 1823 2246 locis,
1854 2195 1904 2237 ad
1928 2208 2042 2250 quae,
2069 2205 2113 2236 ut
2133 2196 2193 2237 Te
2206 2194 2257 2236 ad
2280 2191 2468 2255 hunc'ess-

1434 2257 1577 2299 fenum
1594 2253 1812 2298 transferas
1825 2281 1838 2303 ,
1860 2253 2079 2308 expediens
2097 2251 2176 2294 esse
2192 2251 2469 2307 judicaveris,

1429 2330 1586 2357 necnon
1616 2315 1662 2356 iis
1685 2316 1724 2357 in
1751 2314 1880 2362 locis,
1906 2311 1957 2355 ad
1985 2325 2070 2367 quae
2100 2310 2368 2365 personaliter
2403 2314 2468 2354 ac?-

1429 2376 1582 2416 cedere
1609 2388 1687 2415 non
1712 2372 1894 2428 potueris
1916 2399 1930 2420 ,
1963 2384 2034 2424 per
2059 2369 2237 2425 aliquem
2265 2382 2315 2411 ex
2346 2368 2465 2412 sociis

1428 2447 1502 2488 per
1522 2435 1582 2475 Te
1609 2433 1775 2482 electis,
1798 2430 1868 2489 qui
1899 2430 1990 2471 Tibi
2016 2429 2064 2471 ad
2090 2428 2167 2470 hoc
2195 2427 2330 2469 idonei
2352 2428 2467 2471 video

1433 2493 1609 2540 buntur,
1633 2504 1853 2547 procures,
1883 2489 1923 2529 &
1939 2487 2132 2543 colligaS,
2166 2488 2342 2542 Tibique
2365 2515 2379 2537 ,
2417 2496 2463 2529 ut

1431 2547 1616 2605 praemissa
1638 2550 1772 2592 (mnia
1797 2575 1812 2597 a
1844 2546 1998 2590 facilius
2025 2559 2223 2602 peragere
2248 2546 2384 2587 valeas
2400 2571 2414 2593 ,
2441 2545 2465 2587 e

1431 2611 1567 2651 Domo
1593 2619 1668 2652 tuae
1688 2608 1909 2664 Regulari,
1939 2621 1983 2649 ac
2010 2605 2135 2647 etiam
2164 2615 2280 2646 extra
2307 2605 2465 2646 Urbem

1431 2667 1633 2724 praefatam
1656 2697 1670 2719 ‚
1699 2666 1862 2722 quando
1897 2678 1996 2719 opus
2022 2662 2147 2705 fuerit
2171 2691 2186 2714 ,
2213 2662 2388 2716 egredi,
2418 2677 2464 2706 ac

1427 2729 1552 2769 socios
1575 2723 1844 2772 necessarios,
1870 2725 1909 2764 &
1924 2723 2090 2765 idoneos
2108 2751 2121 2773 ,
2152 2723 2220 2778 qui
2238 2723 2298 2764 Te
2314 2721 2353 2764 in
2367 2735 2466 2777 prae-

1428 2785 1543 2829 miffis
1557 2785 1804 2842 coadjuvent
1817 2812 1832 2835 ,
1847 2779 2064 2829 assumere,
2079 2794 2233 2824 necnon
2249 2783 2462 2835 pecunias,

1427 2858 1603 2901 gemmas
1618 2872 1631 2895 ,
1661 2843 1792 2896 &alia
1809 2871 1823 2894 ,
1848 2856 1933 2898 quae
1959 2855 2033 2896 pro
2048 2839 2375 2882 subventionibus
2391 2840 2464 2881 hu-

1423 2902 1590 2962 jusmodi
1607 2902 1867 2958 colligentur,
1881 2901 1918 2943 in
1934 2899 2034 2942 locis
2051 2898 2288 2954 opportunis
2303 2924 2316 2947 2
2332 2899 2462 2940 donec

1425 2962 1494 3004 illa
1517 2990 1530 3014 ,
1556 2960 1668 3018 juxta
1700 2960 1936 3004 Mandatum
1966 2958 2144 3000 nostrum
2180 2956 2262 2999 alio
2293 2954 2464 2998 transfe-

1356 3049 1359 3053 Δ
1424 3020 1810 3076 rentur,deponere
1826 3047 1839 3069 ,
1871 3020 1910 3060 &
1936 3017 2081 3072 deponi
2096 3015 2232 3058 facere
2252 3044 2266 3067 ,
2297 3029 2342 3057 ac
2367 3015 2461 3070 qui-

332 3130 388 3176 In
421 3123 666 3176 subsidium
698 3130 758 3177 rei
788 3128 1134 3188 Ecclefiasticae,
1170 3132 1217 3181 in
1246 3136 1363 3184 Rhe·

398 3197 461 3244 tia
478 3194 567 3245 ἃς.
588 3201 804 3256 nutanti8‚
825 3202 868 3247 in
886 3203 1026 3250 Alma
1056 3192 1188 3255 Urbe
1204 3238 1220 3260 ,
1249 3203 1366 3254 aliis·

339 3335 343 3338 q
399 3284 485 3332 que
502 3267 808 3326 Civitatibus,
836 3268 884 3320 ὅς
903 3271 1015 3319 locis
1031 3270 1191 3338 stipem
1219 3272 1244 3320 εἳ
1261 3278 1365 3325 Fra-

396 3349 468 3384 tre
493 3340 677 3405 Ig'natio
715 3339 741 3387 ai
765 3342 997 3409 Bergomo
1013 3342 1202 3410 colligi,
1235 3342 1283 3395 ὃ(
1308 3347 1363 3397 ab

336 3448 338 3453 i
398 3422 451 3453 eo
482 3405 583 3474 ipso*
611 3411 901 3476 Pauperum,
932 3409 981 3461 ὅς
1012 3403 1246 3466 Locorum
1266 3418 1364 3466 Pio-

399 3493 505 3525 rum
533 3477 863 3529 ncceffitatibus
887 3477 1087 3531 succurri
1112 3484 1323 3536 mandat.

359 3600 398 3641 A
418 3610 560 3669 tergo:
598 3606 747 3648 Diti-570
773 3605 878 3651 Filio
893 3610 1047 3663 Ignatio
1074 3610 1118 3650 de
1141 3616 1328 3668 Bet-ganeo

400 3662 558 3703 Ordinis
582 3665 772 3707 Fratrum
795 3666 998 3709 Minorum
1024 3672 1064 3710 ..5-
1080 3673 1286 3729 Francisce‘

515 3725 799 3775 Capacinorum
815 3735 1126 3781 nuncupatorum
1143 3757 1155 3771 .

1354 3108 1356 3111 v
1428 3078 1562 3122 busvis
1588 3079 1773 3121 locorum
1786 3077 2010 3120 ordinariis
2025 3104 2038 3126 ,
2067 3074 2348 3118 subventiones
2365 3087 2462 3128 prce-

1428 3136 1530 3181 fatas
1553 3139 1595 3180 in
1607 3137 1854 3181 Civitatibus
1872 3164 1886 3187 ,
1918 3135 2082 3183 Terris,
2112 3136 2152 3176 &
2176 3133 2276 3174 locis
2302 3129 2461 3173 suarum

1427 3196 1661 3240 Dioecesum
1683 3195 1814 3238 modis
1832 3224 1846 3248 ,
1867 3195 1916 3236 ,δε
1943 3191 2083 3237 formis
2099 3191 2166 3235 sibi
2193 3190 2317 3244 magis
2335 3190 2460 3231 bene·

1425 3255 1513 3298 vifis
1541 3265 1805 3310 promoveant
1820 3281 1833 3305 ,
1856 3249 2216 3306 subventionesque
2228 3249 2460 3303 praedieias,

1426 3325 1468 3355 ut
1491 3314 1570 3356 illis
1587 3314 1851 3357 contribuant
1867 3340 1880 3362 ,
1905 3308 2243 3355 Christifidelibus
2261 3322 2334 3363 per
2351 3311 2462 3349 Ver-

1426 3372 1463 3413 bi
1493 3373 1570 3414 Dei
1610 3371 1919 3426 praedicationes
1952 3366 2227 3412 commendari
2269 3366 2420 3409 faciant
2448 3394 2462 3416 ‚

1423 3431 1559 3475 nostro
1576 3432 1753 3474 Nomine
1780 3429 1982 3478 scribere,
2002 3438 2162 3468 necnon
2180 3425 2217 3466 in
2235 3423 2362 3476 locis,
2392 3425 2460 3468 ubi

1421 3504 1500 3532 non
1531 3486 1679 3532 fuerint
1709 3487 1932 3544 Episcopi,
1962 3483 2029 3527 seu
2061 3484 2243 3533 vicarii,
2274 3484 2458 3526 Verbum

1420 3549 1498 3591 Dei
1524 3547 1742 3603 praedicare
1769 3576 1782 3596 ,
1812 3547 1852 3587 &
1875 3540 2208 3586 Christifidelium
2227 3541 2456 3585 confessio·-

1419 3620 1489 3649 nes
1512 3606 1656 3649 audire
1678 3635 1692 3657 ,
1724 3602 1882 3659 illisque
1910 3600 2236 3652 absolutionem,
2262 3601 2447 3657 injunctis

1416 3664 1705 3720 injungendis,
1737 3660 1972 3717 impendere
1999 3659 2157 3711 libere,
2182 3662 2221 3702 &
2247 3661 2359 3703 licite
2390 3672 2461 3702 va-

1419 3723 1532 3775 leas,
1566 3720 1793 3776 Apostolica
1810 3720 2066 3762 Auctoritare
2082 3749 2096 3769 ,
2129 3718 2273 3763 tenore
2294 3717 2460 3775 praesen-

1421 3781 1523 3824 tium
1548 3780 1835 3832 concedimus,
1865 3780 1904 3823 &
1932 3778 2217 3836 indulgemus.

2300 3839 2405 3879 Prae-
