2710 4108
289 345 342 388 go
359 331 565 371 hominum
583 324 706 371 liceat
731 326 832 370 banc
857 326 1041 384 paginam
1058 327 1196 368 nostrae
1212 339 1309 366 con-

290 386 468 431 ceffionis
481 417 497 438 ,
523 385 838 429 confirmationis
857 416 871 438 ,
894 385 1191 441 approbationis
1208 411 1220 434 ,
1238 383 1308 425 ad-

285 446 493 507 jed'tionis,
519 443 804 501 suppletionis,
819 444 997 494 decreti,
1021 441 1307 495 &derogatio-

286 501 611 559 winsi-ingere,
637 503 703 546 vel
719 508 756 544 ei
771 502 863 546 ausu
883 501 1102 544 temerario
1131 503 1306 543 contrai—

287 578 359 607 re.
391 563 433 605 Si
458 562 543 618 quis
575 563 656 603 διε.
690 560 958 604 incursurum.
994 562 1143 601 Datum
1174 560 1313 600 Romae

289 619 394 677 apud
435 624 620 664 Sanctum
648 622 815 663 Petrum
833 648 846 670 ‚
869 623 989 660 Anno
1018 617 1309 660 Incarnationis

290 677 515 723 Dominicae
533 678 742 720 millefimo
756 674 1071 733 quingentesimo
1095 675 1307 731 septuage-

289 737 561 787 fimooetavo,
592 737 734 792 quinto
761 736 851 778 Kal.
868 734 1147 791 Septembris,
1173 735 1308 786 Ponti,

289 795 427 841 ficatus
445 796 579 840 Nostri
593 808 698 838 anno
714 795 905 850 septimo.

348 975 451 1015 Aut.
470 971 512 1012 in
530 971 647 1014 Arch.
661 971 884 1017 Bullarum,
901 970 1089 1012 Secretar.
1102 969 1314 1022 Brev.Reg.

387 1030 464 1087 stu
477 1028 547 1072 lib.
563 1027 687 1087 2.fol.
705 1030 772 1083 83.

290 1229 404 1244 -n

288 1382 512 1432 Moniales
556 1378 738 1430 Perufio
781 1379 1097 1429 Mediolanum
1136 1378 1312 1449 ablega-

357 1454 427 1509 ri,
452 1449 499 1501 ὃ(
518 1449 571 1498 ab
605 1451 659 1498 iis
686 1448 1012 1499 Monasterium
1045 1449 1311 1518 praedistum

357 1520 468 1570 inibi
500 1519 666 1569 institui
679 1519 771 1570 ἃς.
785 1520 993 1589 indulget
1012 1557 1024 1570 .

291 1662 806 1716 GREGORIUS
879 1663 1088 1712 PAPA
1158 1664 1310 1712 XIII.

476 1789 544 1831 Ad
557 1785 748 1846 futuram
773 1790 834 1830 rei
860 1792 1081 1832 memoriam
1100 1819 1112 1831 .

423 1907 462 1946 D
488 1903 767 1946 instituendam
807 1905 845 1946 in
877 1905 1128 1950 Monasteriis
1160 1906 1315 1948 Monia-

446 1961 571 2012 lium,
598 1976 699 2013 nunc
715 1962 886 2017 primum
920 1966 970 2006 ad
1010 1964 1313 2017 Omnipotentis

290 2023 371 2062 Dei
383 2020 543 2061 laudem
559 2021 724 2070 erectis,
745 2024 972 2076 regularem
989 2022 1234 2075 disciplinam
1248 2035 1313 2075 ap·

288 2078 417 2133 prime
431 2078 612 2127 intenti,
641 2078 824 2120 Personas
838 2079 918 2121 illis
948 2079 1153 2134 praeficere
1181 2079 1313 2122 stude-

287 2149 374 2178 mus
389 2135 583 2177 idoneas:
606 2136 822 2183 unde2cum
844 2138 1115 2191 acceperimus
1138 2138 1178 2179 in
1195 2139 1311 2180 Civi-

287 2204 374 2236 tate
386 2193 882 2244 Mediolanenfi,aDi1e&o
900 2196 1002 2238 Filio
1019 2197 1164 2238 Nostro
1179 2200 1307 2239 Caro-

290 2253 358 2303 lo,
384 2251 509 2294 Tituli
528 2253 676 2295 sannae
695 2253 885 2295 Praxedis
901 2255 1150 2308 Presbytero
1165 2255 1308 2297 Cardi-

282 2309 400 2361 nali,
415 2309 596 2366 ejusdem
610 2312 802 2354 Civitatis
820 2326 869 2355 ex
885 2313 1184 2367 Dispensatione
1199 2317 1308 2368 Apo-

225 2364 233 2380 '
287 2366 427 2411 stolica
442 2367 610 2411 Praesule
626 2397 640 2419 ,
670 2370 956 2413 Monasterium
973 2372 1208 2414 Monialium
1228 2375 1309 2414 Or-

290 2424 396 2469 dinis
414 2427 549 2480 primae
566 2427 731 2482 Regulae
755 2430 901 2471 Sanctae
924 2428 1052 2471 Clarae
1081 2431 1308 2485 Capucina-

290 2498 380 2528 rum
405 2495 723 2540 nuncupatarum
740 2514 753 2536 ,
785 2487 1008 2529 institutum
1024 2485 1159 2540 fuiffe,
1190 2490 1230 2529 ὃς
1255 2490 1307 2531 ad

286 2541 392 2586 illud
411 2542 590 2586 feliciter
603 2543 823 2599 regendum
839 2574 852 2596 ,
879 2546 1229 2588 &informandum
1242 2561 1305 2589 re-

287 2601 492 2657 gularibus
507 2601 691 2643 institutis
704 2604 899 2645 Personas
924 2614 1041 2647 aetate
1060 2608 1273 2659 provestas
1293 2634 1306 2657 ,

287 2661 403 2709 vitae,
429 2674 474 2702 ac
492 2673 647 2701 morum
665 2660 873 2703 sanititate
887 2662 1097 2716 praeditaS,
1128 2662 1306 2706 neceffa-

283 2718 347 2760 rio
364 2717 680 2761 introducendas
692 2716 770 2761 effe
787 2747 799 2769 ,
819 2720 982 2761 Dilectis
1004 2721 1042 2762 in
1059 2722 1222 2764 Christo
1237 2723 1304 2764 Fi-

284 2777 415 2819 liabus
430 2786 599 2832 quatuor
617 2777 863 2820 Monialibus
875 2779 1110 2821 Monasterii
1125 2781 1301 2833 Capuci-

284 2848 427 2878 narum
445 2835 634 2877 Civitatis
653 2836 787 2878 nostrae
806 2837 984 2888 Perufii,
1017 2851 1112 2893 quas
1122 2838 1301 2882 Ordina-

283 2895 366 2937 rius
385 2893 440 2934 uti
466 2892 631 2935 idoneas
660 2895 710 2937 ad
727 2896 802 2935 hoc
819 2895 944 2951 elegit
961 2923 975 2945 ,
1006 2897 1214 2939 licentiam
1234 2898 1303 2941 da-

282 2965 390 3002 mus,
403 2961 448 2993 ut
463 2950 643 3003 ejusdem
660 2953 866 2995 Ordinarii
881 2955 1068 2997 consensu
1087 2956 1140 2999 de
1157 2955 1304 2999 eodem

282 3010 533 3054 Monasterio
555 3013 884 3064 capucinarum,
928 3014 965 3054 in
989 3028 1072 3069 quo
1098 3029 1202 3056 nunc
1234 3015 1304 3059 de-

281 3079 411 3125 gunt,
442 3082 486 3110 ac
515 3069 689 3122 professae
704 3069 824 3120 sunt,
853 3070 902 3112 ad
930 3071 1080 3115 dietum
1107 3075 1304 3116 Monaste-

277 3131 380 3169 rium
399 3126 674 3169 Mediolanen.
700 3128 898 3183 aliquibus
916 3131 1270 3187 Propinquioribus
1285 3161 1300 3183 ,

279 3185 515 3228 earumdem
532 3214 546 3235 ,
574 3185 638 3227 vel
655 3185 740 3228 aliis
756 3186 926 3229 honestis
950 3190 1132 3232 Personis
1157 3190 1207 3231 ab
1223 3205 1296 3232 eo-

278 3243 371 3286 dem
401 3242 619 3286 Ordinatio
645 3243 915 3301 deputandis,
940 3247 991 3289 ad
1016 3250 1294 3292 concomitan-

278 3301 372 3344 dum
395 3316 463 3344 eas
478 3302 516 3344 in
534 3303 678 3344 itinere
693 3302 894 3358 affumptis
911 3334 926 3355 ,
948 3308 1239 3361 quamprimum
1254 3310 1293 3351 se

279 3360 500 3403 transferre
541 3359 683 3416 poffint
698 3388 713 3409 ,
745 3357 1013 3418 eleemosynis
1046 3365 1302 3409 nihilominus

277 3418 538 3470 Monasterio,
554 3419 591 3460 in
605 3434 681 3474 qua
698 3418 873 3475 profeffae
892 3420 1194 3478 sunt,tempore
1210 3425 1301 3468 illa·

275 3489 365 3518 rum
386 3476 638 3520 professionis
654 3478 836 3534 elargitis
856 3509 869 3531 ,
885 3483 1182 3525 remanentibus
1196 3513 1209 3535 ,
1226 3499 1272 3526 ac
1285 3514 1300 3537 ,

279 3533 483 3588 postquam
501 3535 576 3579 illae
589 3539 638 3578 fic
656 3538 858 3580 translatae
880 3538 1028 3582 suerint
1045 3571 1058 3591 ‚
1086 3552 1127 3583 ut
1142 3543 1301 3595 praefer-

279 3602 372 3640 tur,
396 3593 433 3633 in
463 3596 726 3647 Superiores,
767 3596 835 3640 seu
864 3597 1071 3641 Officiales
1100 3601 1195 3643 dini
1225 3617 1298 3644 no-

279 3650 317 3692 vi
333 3651 561 3693 Monasterii
579 3682 592 3704 ,
625 3654 735 3708 juxta
762 3656 974 3711 providam
1002 3656 1298 3714 dispositionem

276 3706 460 3775 praedicti·
475 3711 618 3752 Caroli
645 3714 901 3761 Cardinalis‚
928 3717 967 3757 δι
992 3719 1298 3774 Archiepiscopi

274 3769 460 3823 deputari
478 3771 745 3823 permittimus
767 3802 778 3814 .
811 3775 870 3818 Ac
896 3775 976 3831 quo
1007 3776 1207 3820 honestius
1223 3792 1298 3821 eae-

1037 208 1641 297 ‘Provincia

1369 326 1461 367 dem
1482 322 1678 380 Moniales
1697 325 1734 367 in
1763 325 1913 368 itinere
1927 335 1979 368 ex
1995 324 2178 368 Civitate
2206 323 2394 370 Perusina

1369 384 1418 428 ad
1457 385 1680 427 Civitatem
1706 384 2051 428 Mediolanensem
2090 383 2258 439 hospitio
2283 385 2395 427 exci-

1366 444 1555 499 piantur,
1583 441 1780 484 univerfis
1798 474 1813 494 ,
1837 446 1877 484 δι
1897 443 2059 499 singulis
2079 442 2324 494 Abbatiffis,
2356 443 2396 484 &

1366 502 1605 545 Monialibus
1619 502 1948 545 Monasteriorum
1965 502 2187 545 Civitatum
2203 524 2215 545 ³
2242 503 2395 544 Terra-

1372 574 1462 602 rum
1479 586 1493 608 ,
1522 562 1561 602 &
1576 563 1773 603 Locorum
1784 560 1961 616 ejusdem
1975 589 1988 611 ,
2014 560 2077 601 vel
2091 575 2140 602 eo
2151 558 2390 609 deficiente,

1371 619 1538 660 alterius
1555 617 1726 674 cujusvis
1740 618 1904 659 Ordinis
1923 646 1936 668 ,
1966 619 2015 660 ab
2043 618 2130 672 ipsis
2162 615 2392 660 associanti-

1369 677 1444 720 bus
1469 677 1774 731 eligendorum,
1797 691 1869 730 per
1895 690 1977 733 quae
2002 676 2160 718 easdem
2191 676 2391 719 Moniales

1370 735 1448 778 iter
1461 733 1598 776 facere
1615 761 1628 782 ,
1643 749 1688 775 ac
1705 735 1895 789 hospitari
1911 735 2128 787 contigerit
2143 761 2157 785 ,-
2177 734 2220 775 in
2234 736 2392 776 virtute

1373 797 1518 837 Sanetae
1535 792 1787 834 Obedientiae
1813 806 1885 848 per
1900 795 2108 847 praesentes
2124 793 2359 834 mandamus
2375 817 2392 839 s

1372 862 1569 908 quatenus
1589 851 1674 892 vifis
1699 849 1952 906 praesentibus
1969 879 1983 902 ,
2011 849 2200 908 nulloque
2224 851 2305 893 alio
2337 851 2392 892 ab

1375 924 1512 953 earum
1527 910 1837 965 Superioribus,
1866 908 1929 952 vel
1956 911 1979 951 ὲ
2008 909 2135 950 Nobis
2160 909 2393 961 exspeetato

1376 968 1592 1016 mandato,
1618 968 1680 1009 vel
1701 968 1863 1009 licentia
1879 996 1892 1018 ,
1916 975 1983 1009 aut
1998 965 2186 1012 consensu
2201 995 2214 1017 ,
2228 967 2387 1009 easdem

1375 1038 1546 1083 quatuor
1563 1025 1762 1068 Moniales
1779 1026 1881 1068 intra
1896 1028 2016 1081 Septa
2028 1053 2042 1076 ,
2053 1026 2092 1066 δι
2106 1023 2287 1067 Claustra
2302 1027 2396 1066 Mo·

1377 1084 1639 1129 nasseriorum
1651 1084 1883 1127 earumdem
1905 1084 2080 1139 benigno
2097 1083 2265 1139 hospitio
2281 1082 2396 1124 exci-

1371 1146 1515 1200 piant,
1545 1143 1777 1199 sinceraque
1808 1144 1847 1185 in
1876 1143 2055 1184 Domino
2080 1142 2280 1184 charitate
2309 1151 2396 1182 tra-

1371 1206 1482 1246 &ent
1497 1229 1508 1241 .
1540 1201 1802 1259 Injungentes
1827 1199 2004 1257 ejusdem
2036 1200 2267 1243 Monasterii
2303 1201 2397 1241 Me·

1371 1261 1572 1305 diolanen.
1590 1259 1830 1302 Monialibus
1847 1269 1931 1301 tum
1944 1258 2103 1313 singulis
2121 1287 2135 1309 ,
2157 1270 2239 1300 tum
2255 1259 2292 1299 in
2307 1258 2397 1299 uni-

1371 1318 1551 1367 versum,
1577 1320 1616 1359 δε
1634 1319 1720 1360 aliis
1736 1317 1897 1360 subditis
1915 1347 1930 1369 ,
1960 1319 1999 1358 &
2016 1316 2196 1360 Personis
2223 1314 2391 1371 quibus-7

1370 1391 1565 1434 eumque,
1594 1389 1636 1419 ut
1657 1377 1806 1420 eisdem
1835 1404 1849 1427 ,
1885 1375 2089 1432 postquam
2115 1377 2149 1418 in
2179 1373 2392 1418 officiales

1373 1436 1521 1480 fuerint
1539 1436 1699 1486 eleftae,
1731 1437 1769 1478 in
1785 1435 1867 1485 his,
1899 1448 1982 1491 quae
2004 1435 2180 1476 officium
2215 1447 2397 1487 earum-2¹

1371 1505 1650 1546 concernunt,
1674 1509 1718 1536 ac
1741 1494 1961 1537 animarum
1986 1490 2151 1536 salutem
2172 1521 2186 1544 ,
2211 1492 2393 1547 Regula-7

1369 1555 1502 1611 risque
1529 1553 1744 1608 disciplina
1763 1552 2020 1597 observandae
2055 1551 2250 1593 rationem
2269 1548 2395 1605 respiq

1371 1615 1511 1665 ciunt,
1552 1612 1739 1669 prompte
1765 1642 1779 1664 ,
1807 1626 1852 1654 ac
1891 1611 2101 1654 humiliter
2127 1618 2324 1665 pareant,
2354 1609 2396 1650 ὅτ.

1371 1672 1584 1716 obediant.
1619 1675 1711 1714 Non
1738 1671 1986 1713 obstantibus
2004 1668 2394 1718 Constitutionibus,

1373 1735 1412 1774 &
1426 1730 1753 1773 Ordinationibus
1776 1729 2016 1785 Apostolicis
2031 1757 2044 1778 ,
2067 1742 2111 1770 ac
2129 1725 2396 1778 Monasterioff·

1374 1804 1465 1834 rum
1478 1818 1493 1841 ,
1517 1791 1555 1830 δι
1569 1788 1731 1830 Ordinis
1747 1786 1989 1843 hujusmodi,
2004 1785 2124 1828 etiam
2139 1785 2365 1840 juramento
2377 1811 2394 1834 ,

1373 1847 1680 1891 confirmatione
1697 1845 1926 1901 Apostolica
1941 1873 1954 1896 ,
1971 1845 2034 1887 vel
2049 1845 2185 1900 quavis
2201 1842 2394 1886 firmitate

1374 1908 1453 1950 alia
1487 1907 1686 1948 roboratis
1716 1905 1873 1947 statutis
1900 1933 1912 1954 ,
1939 1905 1976 1945 δε
2007 1902 2393 1952 consuetudinibus,

1375 1965 1599 2021 privilegiis
1616 1978 1778 2020 quoque
1791 1993 1806 2014 ‚
1837 1961 2003 2004 indultis
2022 1990 2036 2012 ‚
2062 1976 2106 2004 ac
2134 1962 2262 2004 literis
2280 1963 2394 2016 Apo·

1372 2022 1536 2069 stolicis,
1551 2023 1699 2065 eisdem
1714 2021 1963 2066 Monasteriis
1975 2047 1988 2068 a
2004 2020 2247 2075 illorumque
2263 2024 2399 2074 Supea

1373 2083 1547 2126 rioribus
1565 2110 1580 2133 ,
1602 2084 1639 2123 δι.
1664 2080 1845 2125 Personis
1860 2109 1873 2132 ,
1901 2079 1969 2122 sub
1988 2077 2297 2136 quibuscumque
2324 2087 2390 2118 te-

1371 2142 1531 2183 noribus
1542 2170 1555 2190 ,
1569 2142 1608 2181 &
1626 2139 1762 2183 formis
1775 2166 1790 2187 ,
1804 2153 1848 2180 ac
1863 2152 1955 2181 cum
1968 2137 2166 2193 quibusvis
2181 2135 2387 2184 clausulis,

1370 2201 1409 2240 δε
1426 2199 1615 2241 Decretis
1629 2225 1643 2246 ,
1662 2200 1701 2240 in
1718 2197 2108 2244 contrariumforsan
2132 2192 2396 2251 quomodoli-

1370 2260 1439 2300 bet
1456 2255 1672 2305 conceslis,
1700 2255 1956 2312 approbatis,
1976 2255 2223 2297 &innovatis
2239 2283 2250 2294 .
2283 2252 2394 2307 Qui-

1370 2318 1443 2358 bus
1459 2315 1639 2358 omnibus
1657 2345 1671 2367 ,
1692 2326 1911 2367 eorumque
1939 2323 2102 2355 tenores
2131 2307 2392 2367 p'raesentibus

1371 2390 1445 2431 pro
1457 2374 1644 2430 expreffis
1663 2404 1677 2426 ,
1701 2371 1915 2416 &insertis
1940 2372 2131 2414 habentes
2148 2400 2161 2421 ‚
2186 2371 2265 2412 illis
2292 2369 2403 2416 alias¹

1370 2436 1410 2477 in
1427 2433 1492 2477 suo
1510 2433 1658 2474 robore
1676 2427 1942 2487 permansuris
1956 2460 1971 2481 ,
2001 2431 2073 2472 hac
2091 2430 2180 2471 vice
2195 2429 2394 2471 duntaxat

1371 2490 1598 2547 specialiter
1616 2519 1630 2541 ,
1661 2492 1701 2531 &
1716 2486 1903 2545 expresse
1923 2489 2161 2543 derogamus
2178 2518 2194 2539 ,
2223 2483 2394 2528 ceteris-

1367 2565 1449 2606 que
1479 2550 1688 2592 contrariis
1709 2546 2043 2603 quibuscumque.
2078 2550 2225 2588 Datum
2252 2547 2393 2586 Romae

1368 2609 1471 2664 apud
1503 2609 1686 2651 sanetum
1700 2609 1864 2651 Petrum
1890 2605 1958 2647 sub
1984 2606 2145 2648 Annulo
2175 2601 2391 2647 Piscatoris

1366 2667 1434 2710 die
1450 2681 1538 2710 xxx.
1557 2666 1719 2721 Augusti
1735 2678 1929 2709 mnexxvi
1946 2678 2007 2706 ιι.
2023 2661 2286 2706 Pontificatus
2302 2664 2390 2703 No-

1369 2727 1433 2770 stri
1450 2740 1553 2769 anno
1567 2726 1737 2781 septimo
1756 2755 1767 2766 .

1875 2780 2004 2826 Caesar
2016 2780 2247 2825 Glorierius
2263 2809 2275 2821 .

1370 2954 1373 2956 ,
1423 2906 1483 2947 Ex
1502 2903 1620 2944 Arch.
1638 2903 1867 2945 secretariae
1884 2903 2067 2943 Brevt‘um
2089 2900 2390 2960 Apostolicorum

1484 2963 1578 3015 Reg.
1593 2960 1876 3017 annipraedim
1891 2991 1905 3014 ,
1919 2959 1998 3017 fol.
2017 2965 2116 3017 483.

1356 3208 1600 3260 Refiduam
1620 3223 1794 3276 partem
1832 3209 2058 3259 bonorum
2091 3207 2314 3257 stabilium
2333 3238 2348 3261 ,
2364 3204 2390 3252 ὲ

1434 3280 1645 3346 praedicto
1664 3282 1841 3348 Joanne
1859 3281 2042 3329 Thoma
2067 3278 2209 3327 eidem
2225 3279 2325 3325 Mor
2349 3292 2390 3322 a·-

1433 3349 1570 3400 sterio
1587 3351 1864 3400 Monialium
1878 3351 2138 3400 relistorum
2156 3381 2172 3404 ,
2189 3345 2248 3395 ob
2268 3347 2386 3393 inca-

1432 3423 1674 3487 pacitatem
1690 3422 1963 3470 Monialium
1975 3419 2090 3468 bona
2104 3415 2273 3467 stabilia
2291 3411 2387 3482 pos·

1430 3489 1631 3549 fidendi,
1659 3491 1870 3548 alienari,
1888 3506 1938 3538 ac
1958 3490 2152 3555 pretium
2170 3486 2273 3535 inde
2290 3501 2391 3553 pro·

1432 3563 1611 3611 veniens
1628 3596 1644 3619 ,
1661 3562 1708 3610 in
1718 3578 1830 3629 opus
1844 3557 2021 3608 fabricae
2034 3594 2049 3616 ‚
2066 3577 2116 3607 ac
2129 3555 2385 3612 Clausurae,
2404 3566 2416 3593 s

1432 3630 1481 3682 ἃ
1505 3634 1549 3680 in
1577 3632 1855 3699 emptionem
1886 3643 2257 3696 paramentorum
2284 3643 2387 3675 con-

1428 3704 1581 3759 verti,
1608 3701 1754 3749 eidem
1771 3701 2035 3761 cardinali,
2067 3719 2119 3750 ac
2148 3696 2386 3765 Archiepi-

1430 3770 1567 3840 scopo
1580 3771 1830 3822 committit
1849 3807 1862 3820 .
2249 3834 2309 3879 D·

2294 3848 2330 3875 ι-
