2762 4108
396 223 564 332 278

340 399 418 450 Fr.
435 391 714 446 Michaelem
742 390 975 459 Angelum
1006 387 1030 436 ἃ
1066 388 1216 456 Regio
1237 387 1363 453 Lepi-

407 463 456 519 di
501 466 546 516 in
593 471 779 516 munere
820 460 1169 510 Concionatoris
1200 458 1361 506 Palatii

410 531 667 603 Apostolici
686 532 743 583 ad
755 531 849 585 dies
870 532 977 580 vitae
996 527 1238 584 confirmat
1256 563 1271 585 ‚
1301 529 1361 579 ei-

409 621 496 673 que
513 605 660 656 varias
670 602 993 672 praerogativas
1008 600 1266 671 impertitur
1280 633 1294 649 .

339 791 495 840 Dilesslo
536 790 641 835 filio
682 788 872 833 Michaeli
910 787 1056 842 Angelo
1097 782 1327 840 Francefihi
1342 813 1357 836 ,

395 852 542 894 Fratri
552 847 720 904 expresia’
738 844 901 905 Profiffb
927 845 1080 890 ordim's
1095 848 1299 888 Minorum

453 906 590 951 sunm
615 904 816 961 Francifii
842 907 1125 957 capuanorum
1147 916 1243 945 nun·-

511 974 755 1022 cupatorum,
774 963 1026 1007 Praedicatori
1045 961 1188 1007 Palatii

656 1023 791 1083 qulri
814 1019 1045 1083 Apostolin‘,

339 1200 890 1254 BENEDICTUS
935 1200 1143 1251 PAPA
1194 1196 1363 1248 XIV.

419 1384 571 1431 Ditem
596 1382 706 1436 Fili,
718 1384 926 1442 sblutem,
954 1385 1007 1436 ὠν
1031 1382 1283 1441 Apsstolicam

682 1443 984 1488 Benediffionem
994 1473 1007 1487 .

541 1522 553 1538 Ι

435 1621 568 1666 Ximia
583 1619 859 1676 religiosarum
875 1620 1068 1664 virtutum
1087 1617 1254 1663 merita,
1271 1615 1359 1671 qui-

461 1682 533 1724 bus
543 1680 647 1738 apud
661 1684 745 1722 Nos
760 1679 1030 1738 maximopere
1041 1674 1334 1720 commendaris
1344 1703 1360 1724 ,

335 1741 376 1781 &
388 1742 569 1784 doctrina
582 1767 595 1790 ,
612 1737 822 1794 prudentia
838 1767 854 1788 ,
871 1753 915 1780 ac
937 1738 1053 1780 zelus
1066 1763 1080 1784 ,
1102 1737 1247 1793 quibus
1261 1732 1363 1776 Offi-

335 1799 442 1840 cium
466 1796 742 1841 Praedicatoris
769 1797 913 1839 Palatii
939 1795 1162 1852 Apostolici
1201 1791 1366 1843 Nostri,
1398 1831 1400 1835 .

335 1857 430 1898 ‘Tibi
448 1857 546 1902 alias
562 1854 872 1901 demandatum,
904 1854 1166 1897 laudabiliter
1194 1851 1364 1893 obiru

335 1916 498 1971 pergis,
531 1919 615 1958 Nos
641 1911 838 1955 inducunt
861 1940 875 1961 ,
910 1923 952 1954 ut
976 1942 990 1965 ,
1021 1908 1365 1969 quemadmodum

336 1976 427 2016 Nos
452 1973 503 2015 ad
529 1973 727 2017 Ordinem
743 1972 873 2014 §aneti
898 1971 1096 2014 Francisci
1124 1970 1361 2012 Minorum..

335 2032 638 2087 Capucinorum
680 2039 1002 2085 nuncupatorum
1017 2058 1031 2081 ‚
1061 2028 1173 2085 cujus
1213 2029 1359 2069 Frater

332 2090 519 2145 expresse
539 2086 738 2132 Professus
764 2088 894 2130 existis
911 2117 925 2140 ,
955 2089 1088 2144 aliqua
1116 2084 1360 2141 Praerogati-

337 2161 386 2190 va
401 2147 677 2191 decorandum
690 2174 706 2197 ,
722 2147 1009 2190 Praedicatores
1025 2144 1353 2205 ejusdemPalatii

331 2206 555 2261 Apostolici
567 2232 581 2254 ,
611 2218 661 2247 ex
679 2215 904 2249 memorato
918 2206 1074 2248 Ordine
1089 2205 1280 2259 deinceps
1298 2202 1362 2244 fu-

327 2263 436 2308 turis
464 2264 711 2320 temporibus
736 2263 816 2306 esse
848 2263 1096 2308 affumendos
1112 2289 1126 2311 ,
1160 2276 1234 2318 per
1259 2260 1359 2304 alias

331 2323 527 2375 Nostras,
556 2324 595 2365 in
613 2321 725 2365 limili
738 2321 868 2366 forma
882 2325 1025 2367 Brevis
1041 2352 1055 2374 ,
1088 2322 1251 2371 literas,
1285 2321 1358 2363 hac

329 2381 412 2438 ipsa
424 2381 493 2424 dic
508 2381 621 2424 datas
633 2410 647 2433 ,
678 2381 883 2424 statuimus
901 2413 917 2434 ,
936 2381 1191 2426 decernimus
1207 2409 1221 2431 ,
1236 2380 1277 2422 ἃ.
1292 2393 1360 2422 οι·-

331 2440 512 2482 dinamus
528 2441 612 2491 ,ita
637 2439 728 2482 Tibi
743 2440 866 2482 etiam
885 2454 965 2484 non
977 2441 1188 2484 obscurum
1205 2438 1359 2480 Nostrae

328 2498 566 2554 Apostolicae
590 2498 851 2552 Benignitatis
869 2506 1154 2554 argumentum
1170 2497 1359 2540 exhibea-

329 2571 417 2599 mus
433 2571 445 2599 :
478 2559 621 2612 Itaque
635 2559 888 2600 Auctoritate
902 2557 1131 2614 Apostolica
1147 2584 1160 2607 ,
1179 2565 1357 2599 tenore.-

327 2615 608 2672 praesentium,
641 2617 702 2657 Te
741 2615 980 2657 modernum
1010 2615 1358 2659 Praedicatorem..

330 2673 510 2730 ejusdem
526 2673 671 2715 Palatii
685 2672 904 2728 Apostolici
919 2704 935 2725 ‚
950 2675 1121 2730 primum
1138 2674 1176 2714 in
1192 2686 1357 2718 munere

334 2730 561 2785 hujusmodi
583 2758 600 2783 2
641 2732 774 2787 quoad
816 2733 964 2776 vixeris
986 2762 999 2785 ,
1044 2730 1356 2784 confir-mamus3

324 2790 490 2832 Deinde
514 2788 727 2841 volumus,
760 2791 799 2832 &
825 2793 862 2833 in
883 2793 1038 2834 virtute
1065 2793 1215 2835 Sandae
1241 2791 1358 2833 Obe-

324 2849 486 2892 dientiae
498 2848 726 2892 mandamus
742 2850 926 2892 omnibus
939 2880 953 2901 ,
967 2852 1007 2892 &
1020 2849 1175 2906 lingulis
1190 2848 1356 2893 Ordinis

326 2908 404 2950 Tui
424 2907 706 2962 Superioribus
738 2909 1011 2952 Generalibus
1030 2939 1043 2961 ,
1073 2911 1113 2950 &
1140 2908 1355 2951 Subalter-

326 2968 388 3007 nis
405 2993 419 3015 ,
434 2975 480 3007 ut
496 2965 545 3006 ab
562 2965 649 3018 ipfis
663 2995 677 3018 ,
709 2967 958 3023 ceterisque,
989 2968 1039 3010 ad
1055 2982 1157 3024 quos
1174 2966 1324 3023 spectat
1339 2996 1354 3019 ,

324 3025 390 3066 Tu
411 3024 591 3067 habearis
605 3052 620 3076 ,
651 3039 696 3068 ac
715 3025 760 3066 fis
776 3054 790 3076 ‚
821 3026 871 3068 ad
888 3027 1008 3070 instar
1026 3026 1197 3069 aliorum
1213 3029 1352 3080 Regu-

322 3083 466 3125 larium
506 3081 665 3125 Palatio
692 3084 925 3139 Apostolico
961 3086 1142 3142 proxime
1168 3085 1352 3129 addino-

321 3154 410 3183 rum
425 3171 440 3192 ,
467 3145 548 3191 ita,
564 3151 609 3182 ut
634 3144 807 3190 Rhcda,
839 3143 905 3186 vel
933 3148 1072 3187 Curru
1087 3144 1148 3188 uti
1171 3144 1358 3187 eodem-2

321 3199 482 3255 prorsus
498 3199 644 3251 modo,
672 3215 753 3256 quo
766 3202 834 3244 alii
853 3205 1174 3247 Concionatores
1186 3203 1357 3258 Aposto-

317 3259 387 3300 lici
412 3258 592 3313 ejusdem
617 3261 783 3302 Ordinis
804 3261 855 3303 ad
880 3261 980 3303 hanc
1013 3263 1137 3319 usque
1159 3262 1268 3304 diem
1296 3262 1350 3305 ufi

319 3315 436 3369 sunt;
453 3331 611 3361 necnon
622 3347 637 3369 ,
654 3329 699 3361 ut
713 3320 923 3374 pecuniam
936 3346 951 3368 ,
965 3322 1045 3363 five
1060 3336 1109 3365 ex
1128 3321 1350 3364 honorario

321 3376 540 3424 consueto,
566 3380 645 3418 five
657 3377 851 3430 aliunde,
878 3378 989 3422 licite
1007 3388 1168 3428 tamen,
1194 3378 1351 3435 &legi-

320 3433 416 3476 time
447 3437 536 3478 Tibi
567 3438 905 3492 provenientem,
938 3436 1051 3481 licite
1079 3467 1096 3491 ,
1123 3439 1164 3484 &
1188 3439 1349 3492 libere,

1101 208 1636 299 Provincia

1423 324 1570 381 absque
1595 322 1681 365 ullo
1699 323 1951 370 conscientiae
1969 323 2181 380 scrupulo,
2201 325 2376 379 proTuis
2390 351 2404 372 ,
2418 327 2459 368 &

1422 385 1632 430 Sociorum
1652 384 1832 426 Tuorum
1859 383 2091 431 neceffarnis
2107 413 2120 435 ,
2136 383 2456 439 decemibusque

1421 442 1551 485 ussbus
1569 441 1806 498 impendere
1834 443 1975 498 pollis,
1999 445 2036 488 ὃς
2068 442 2228 485 valeas.
2260 443 2467 486 Praeterea*

1422 502 1578 553 Tibi,ut
1594 500 1766 559 aliquem
1781 500 2021 544 exAlumnis
2036 499 2128 542 dieti
2152 501 2316 542 Ordinis
2334 514 2459 556 expe-

1422 559 1511 612 riri,
1527 560 1778 611 instruere,&
1793 558 2293 616 infi›rmare,atqueTuum
2312 560 2350 601 in
2369 558 2458 602 offi-

1422 618 1527 660 cium
1542 617 1794 672 hujusmodi,
1820 618 1948 660 Nobis
1962 648 1977 670 ‚
2003 620 2042 659 &
2057 620 2244 660 Romano
2260 616 2453 660 Pontifici

1425 691 1500 734 pro
1519 686 1702 731 tempore
1720 675 1904 718 existenti
1919 703 1933 725 ,
1963 676 2172 732 designare
2194 674 2455 720 successorem

1426 735 1564 778 valeas
1577 763 1591 786 ,
1621 745 1702 777 tam
1717 734 2034 776 Praedic'ator'em
2051 735 2452 790 perSacratiffimam

1417 793 1777 852 Quadragefimam
1791 792 1832 835 in
1850 792 2028 838 Ecclefia
2055 791 2124 838 sub
2139 794 2278 838 Titulo
2301 798 2344 837 S.
2358 798 2450 837 Ma-

1418 855 1482 901 ria:
1495 853 1534 896 in
1554 850 1768 895 Vallicella
1786 878 1801 901 ,
1817 852 2157 909 presbyterorum
2173 853 2419 896 saecularium
2435 858 2455 904 ‚'

1417 909 1760 967 Congregationis
1776 909 1956 952 oratorii
1975 911 2106 953 Sancti
2123 910 2296 967 Philippi
2318 912 2455 962 Nerii,

1419 971 1539 1029 quam
1559 968 1868 1011 Praedicatorem
1899 965 2000 1011 infra
2024 982 2171 1011 annum
2197 969 2237 1010 in
2262 969 2447 1014 Ecclesia

1419 1025 1925 1078 Archiconfraternitatis,
1953 1026 2020 1068 sub
2050 1027 2309 1070 invocatione
2338 1028 2455 1083 Stig-

1421 1095 1573 1128 matum
1595 1086 1728 1130 Sancti
1747 1083 1947 1127 Francisci
1966 1084 2168 1132 deAffifio
2183 1114 2197 1138 ‚
2228 1085 2281 1129 de
2302 1086 2448 1129 eadem

1420 1147 1535 1191 Urbe
1550 1170 1565 1191 ,
1579 1142 1632 1185 de
1649 1155 1764 1186 more
1778 1142 1994 1199 praedicare
2006 1145 2069 1194 ,&
2081 1158 2130 1186 ex
2147 1144 2332 1187 Alumnis
2349 1144 2446 1186 disti

1419 1202 1584 1246 Ordinis
1604 1201 1906 1257 Capucinorum
1929 1201 2026 1260 eligi
2052 1202 2241 1256 solitum,
2269 1203 2452 1258 eligendi

1422 1260 1696 1304 omnimodam
1722 1256 1960 1303 facultatem
1987 1261 2246 1306 concedimus
2267 1292 2281 1315 ,
2309 1264 2349 1306 &
2379 1263 2452 1303 im-

1422 1320 1647 1380 partimur.
1683 1321 1966 1362 Decernentes
1981 1319 2142 1362 easdem
2160 1320 2376 1377 praeientes
2405 1321 2453 1362 li—

1423 1389 1560 1428 teras,
1591 1377 1686 1419 &in
1711 1377 1770 1419 eis
1799 1384 1993 1420 contenta
2022 1392 2316 1436 quaecumque,
2349 1378 2452 1422 sem-

1421 1451 1496 1498 per
1521 1435 1666 1487 firma,
1697 1434 1861 1483 valida,
1891 1437 1931 1477 δι
1963 1435 2142 1479 efficacia
2182 1439 2376 1489 existere,
2408 1439 2448 1479 &

1423 1496 1510 1538 fore
1530 1524 1543 1546 ‚
1575 1494 1735 1553 suosque
1749 1493 1982 1549 plenarios,
2007 1496 2046 1536 &
2074 1496 2254 1551 integros
2280 1496 2442 1539 effeetus

1421 1553 1582 1604 sortiri,
1607 1555 1647 1594 &
1673 1553 1887 1604 obtinere,
1919 1567 1965 1594 ac
1989 1554 2081 1596 Tibi
2101 1555 2140 1596 in
2162 1555 2373 1606 omnibus,
2403 1557 2444 1596 &
2472 1582 2476 1587 -

1420 1627 1494 1669 per
1519 1612 1653 1654 omnia
1681 1609 1901 1666 pleniflitne
1930 1611 2157 1668 suffragari.
2193 1614 2339 1668 sicque
2374 1614 2446 1657 in..›

1420 1672 1708 1729 praemiffis,per
1721 1669 2162 1726 quoscuniquejudices
2178 1671 2416 1715 ordinarios
2430 1701 2446 1723 ,

1421 1733 1462 1773 δι
1481 1731 1727 1786 Delegatos,
1755 1729 1879 1770 etiam
1907 1728 2129 1771 Causarum
2156 1732 2301 1772 Palatii
2332 1736 2446 1787 Apo-

1423 1788 1551 1832 stolici
1567 1788 1791 1832 Auditores
1809 1813 1823 1839 ,
1852 1786 2048 1844 judicari,
2075 1791 2115 1830 &
2140 1788 2301 1832 definiri
2319 1791 2450 1832 debe-

1423 1862 1470 1891 re
1488 1876 1501 1899 ,
1525 1861 1569 1891 ac
1584 1847 1768 1893 irritum,
1795 1846 1966 1893 &inane
1984 1875 1997 1898 ,
2022 1846 2173 1890 fisecus
2190 1848 2305 1904 super
2333 1849 2393 1890 his
2424 1849 2448 1891 ἃ

1423 1919 1619 1963 quoquam
1635 1934 1648 1956 ,
1667 1904 1803 1962 quavis
1834 1907 2074 1949 auctoritate
2088 1933 2102 1956 ,
2141 1907 2316 1949 scienter
2333 1936 2347 1958 ,
2381 1907 2449 1950 vel

1422 1967 1653 2022 ignoranter
1665 1992 1679 2014 ,
1694 1962 1916 2018 contigerit
1929 1964 2119 2007 attentari
2135 1993 2146 2005 .
2181 1969 2280 2008 Non
2295 1965 2450 2008 obstan·

1421 2025 1527 2067 tibus
1539 2021 1733 2078 praemiffis
1747 2051 1761 2073 ,
1786 2021 1831 2063 ac
1848 2023 2217 2067 Constitutionibus
2233 2052 2247 2073 ,
2271 2026 2311 2066 δε
2325 2024 2449 2067 Ordi·

1419 2083 1646 2127 nationibus
1659 2079 1930 2137 Apostolicis,
1960 2095 2118 2125 necnon
2146 2082 2240 2125 dieii
2272 2084 2441 2126 Ordinis

1420 2141 1753 2196 Capucinorum,
1790 2140 1913 2182 etiam
1945 2138 2204 2195 juramento,
2233 2141 2444 2184 confirma-

1420 2201 1532 2243 tione
1550 2199 1779 2255 Apostolica
1797 2225 1811 2248 ,
1829 2198 1896 2240 vel
1913 2199 2054 2251 quavis
2071 2198 2263 2242 firmitate
2285 2202 2363 2243 alia
2380 2215 2446 2242 ro-

1419 2260 1571 2303 boratis
1599 2256 1769 2302 Statutis
1792 2283 1805 2306 ,
1836 2256 1874 2296 &
1901 2256 2288 2308 consuetudinibus,
2316 2259 2450 2301 Privi-

1420 2318 1533 2373 legiis
1550 2330 1712 2375 quoque
1727 2313 1894 2356 indultis
1909 2335 1924 2366 ,
1945 2315 2127 2357 &literis
2145 2317 2383 2373 Apostolicis
2398 2319 2438 2359 in

1419 2377 1666 2424 contrarium
1691 2371 1970 2430 praemifforum
2005 2376 2314 2430 quomodolibet
2339 2391 2439 2418 con-

1419 2435 1546 2488 cenis,
1562 2433 1863 2480 confirmatis,&
1878 2433 2075 2478 innovatis
2090 2464 2101 2475 .
2133 2436 2290 2493 Qibus
2306 2436 2441 2477 omni·

1417 2497 1487 2545 bus
1507 2525 1522 2546 ,
1548 2496 1587 2536 δι
1607 2492 1766 2551 lingulis
1782 2519 1795 2542 ,
1811 2491 1975 2533 illorum
2003 2503 2169 2536 tenores
2188 2494 2445 2549 praesentibus

1419 2569 1494 2615 pro
1510 2553 1630 2610 plen'e
1647 2582 1660 2604 ,
1689 2548 1985 2594 &sufficienter
2011 2552 2231 2608 expreffis,
2258 2567 2306 2596 ac
2335 2552 2443 2595 dm

1420 2614 1550 2656 verbo
1563 2612 1612 2655 ad
1635 2611 1808 2655 verbum
1823 2608 1982 2652 insertis
2000 2612 2194 2654 habentes
2209 2640 2221 2662 ,
2241 2611 2319 2653 illis
2339 2610 2439 2652 alias

1419 2672 1459 2715 in
1481 2670 1550 2714 suo
1565 2671 1713 2713 robore
1730 2670 1998 2725 permansuris
2013 2698 2025 2721 ,
2053 2670 2101 2712 ad
2127 2669 2440 2725 praemissorum..

1417 2730 1599 2774 effectum
1615 2730 1689 2771 hac
1707 2730 1796 2770 vice
1811 2728 2006 2771 duntaxat
2022 2729 2250 2784 specialiter
2267 2757 2281 2778 ,
2309 2730 2349 2769 &
2372 2741 2445 2770 ex-

1415 2788 1549 2847 presse
1562 2789 1799 2844 derogamus
1815 2815 1828 2838 ,
1856 2786 2082 2843 ceterisque
2105 2789 2318 2830 contrariis
2346 2787 2436 2842 qui-

1418 2847 1689 2904 buscumque.
1723 2849 1870 2889 Datum
1901 2850 2040 2889 Romae
2061 2846 2169 2902 apud
2199 2850 2239 2890 S.
2267 2846 2439 2888 Mariam

1414 2907 1616 2966 Majorem
1650 2905 1720 2948 sub
1736 2906 1898 2947 Annulo
1913 2904 2127 2948 Piscatoris
2144 2904 2212 2947 die
2229 2921 2277 2948 ιι.
2297 2903 2435 2947 Martii

1415 2980 1673 3017 moccxun.
1701 2964 1963 3012 Pontificatus
1979 2965 2112 3008 Nostri
2129 2966 2248 3008 Anno
2268 2963 2410 3006 Tertio
2427 2989 2440 3003 .

1617 3143 1700 3200 Pro
1717 3142 1781 3192 D.
1798 3117 2016 3194 'cardinali
2034 3141 2242 3208 Paffloneo

1969 3270 2160 3321 Cajetanur
2173 3267 2321 3309 Amatur
2332 3295 2342 3304 .

1470 3382 1594 3425 Breve
1621 3377 1751 3436 form.
1778 3377 1822 3420 in
1859 3378 2033 3423 manibus
2071 3380 2112 3421 Ρ.
2149 3374 2440 3419 concionatoris

1526 3437 1890 3498 Apoll-stapradibi‘i
1904 3466 1917 3481 .

2261 3847 2375 3889 ΝΟ-
