2762 4088
866 207 1923 307 -ELENCHvs.

262 344 410 382 tatem
452 323 734 375 Asculanam
775 336 860 387 pro
887 325 1124 373 Fratribus
1157 326 1318 378 dunta-

263 417 346 452 xat
419 394 687 466 privilegiati
722 424 739 448 ,
790 391 855 441 ita
896 407 1053 443 tamen
1091 429 1106 452 ,
1155 412 1207 445 ut
1243 398 1317 447 de·

269 490 373 522 cem
401 461 670 520 Sacerdotes
710 460 768 510 ad
800 464 951 513 minus
993 467 1055 514 ibi
1099 465 1316 518 existant.

271 542 418 594 Idem.
1198 541 1315 588 280.

339 615 413 659 Fr.
446 601 647 656 Paulum
686 604 714 653 ὲ
740 601 916 655 Cesena
946 606 1219 656 Tunonium
1258 609 1316 658 ad

263 683 476 734 Domum
495 677 669 727 Sanftae
686 678 848 724 Mariae
869 674 926 724 de
954 677 1281 744 Compaffione
1298 714 1312 736 ,

262 747 461 817 aliasque
486 748 653 796 vicinas
670 745 909 796 Miffiones
928 744 1170 798 visitandas
1196 749 1314 798 able-

261 835 344 893 gat
361 857 374 870 .
429 817 543 867 Idem
559 853 577 876 ,
605 836 695 867 cum
723 833 825 865 nota
841 858 856 872 ‚
1197 838 1216 868 1
1228 822 1254 866 8
1269 839 1310 868 ι.

334 890 419 943 Ad.
446 890 591 939 alium
612 892 909 940 Conventum
941 888 1156 940 inTerra
1171 892 1312 940 Mon-

269 965 330 1014 tis
348 962 484 1017 Ulmi
504 959 772 1029 erigendum
791 994 807 1016 ,
822 957 1051 1026 quoddam
1065 963 1222 1012 Terrae
1241 978 1312 1028 pe-

263 1036 419 1091 tium,
455 1032 577 1081 muri
611 1030 776 1079 veteris
812 1044 1029 1080 caementa
1048 1067 1064 1090 ,
1096 1031 1145 1084 ὅ(
1175 1029 1312 1081 aedifi-

263 1106 391 1155 cium
404 1099 611 1153 Ecclesiae
632 1102 811 1151 ruinam
826 1102 1038 1151 minantis
1054 1137 1071 1161 ,
1100 1102 1158 1152 ad
1171 1107 1314 1154 Com·

265 1173 481 1227 mendam
507 1175 554 1222 S.
571 1172 767 1239 Philippi
785 1171 842 1220 de
863 1174 1106 1230 Auximo,
1138 1171 1313 1241 Hospi-

264 1247 373 1297 talis
385 1244 637 1312 S..Joannis
654 1240 1079 1308 Hierosolymitani
1111 1243 1314 1312 spectan-

265 1319 331 1368 tia
348 1352 365 1375 ,
390 1333 476 1384 pro
494 1313 808 1371 alioterreno,
841 1313 873 1361 ὲ-
898 1310 1011 1364 dieii
1040 1317 1151 1364 Loci
1171 1319 1316 1365 Com-

266 1389 493 1438 munitate
521 1384 712 1441 oblato,
742 1385 963 1443 alienari,
997 1387 1162 1456 Magni
1197 1384 1311 1434 dieti

265 1456 524 1527 Hospitalis
539 1451 1023 1524 Magistroconcedit,
1063 1457 1196 1506 ita-ut
1229 1460 1313 1506 Ec-

269 1526 404 1580 clefia
436 1528 468 1577 a
497 1525 731 1577 Fratribus
748 1526 931 1585 relicta,
947 1524 1153 1577 Ecolefiae
1169 1530 1311 1577 Com·

270 1598 446 1650 mendae
461 1595 735 1667 subrogetur
754 1632 770 1655 ,
788 1595 839 1648 <Sc
856 1599 901 1646 in
933 1598 1012 1646 illa
1027 1597 1158 1661 hujus
1174 1614 1311 1648 onera

265 1671 628 1738 adimpleantur.
668 1666 809 1718 Idem.
1196 1672 1309 1719 182.

337 1745 428 1792 Pro
454 1743 641 1808 Legatox
658 1739 762 1806 pio,
792 1736 983 1788 cuilibet
999 1757 1054 1789 ex
1082 1739 1309 1789 Domibus

269 1812 542 1882 Senogalliae
558 1844 575 1869 .
593 1806 643 1860 ὅ(
659 1810 842 1859 Montis
858 1808 989 1860 Bodii
1007 1845 1021 1867 ,
1049 1828 1157 1860 cum
1173 1828 1310 1859 onere

264 1880 536 1939 Miss'arum,
571 1878 620 1932 8(
648 1881 854 1931 annualis
876 1877 1040 1930 Officii
1059 1879 1311 1932 Defuncto—

272 1971 378 2006 rum
411 1954 437 2002 a
461 1954 641 2022 Joanne
673 1949 874 2019 Baptista
905 1953 1085 2002 Savello
1116 1954 1308 2012 reliCto,

269 2044 389 2087 700.
424 2023 650 2074 duntaxat
676 2020 836 2073 Missas
873 2020 1011 2073 semel
1056 2024 1275 2074 celebrari
1294 2060 1310 2083 ,

262 2094 488 2167 Episcopo
537 2093 843 2164 senogallien.
885 2091 971 2144 seu
1007 2096 1311 2158 ejusVicario

264 2167 523 2219 committit
538 2201 550 2214 .
581 2164 696 2214 Idem
713 2199 728 2222 ,
760 2184 848 2215 cum
865 2181 968 2214 nota
983 2201 997 2215 .
1195 2170 1254 2217 18
1262 2186 1307 2229 3-·.

338 2234 588 2289 Ecclesiam
617 2237 883 2286 collativam
901 2236 1176 2287 Sanc‘torum
1198 2236 1308 2289 Cos-
1337 2271 1339 2275 ,

263 2328 349 2360 mae
368 2345 384 2368 ,
411 2307 460 2359 ὃ(
481 2307 694 2357 Damiani
707 2321 833 2357 extra
851 2324 1006 2357 muros
1026 2311 1183 2359 Terrae
1199 2313 1308 2358 San-

268 2380 351 2430 &ae
389 2378 617 2428 Anatoliae
638 2374 857 2444 supprimi
875 2398 890 2438 3
920 2395 1022 2428 eam
1041 2397 1149 2428 cum
1167 2381 1305 2428 conti-

264 2451 368 2521 guis
383 2450 542 2505 terris,
567 2444 751 2498 &sacra
781 2446 1057 2516 supelleffile
1073 2449 1306 2499 Fratribus

265 2519 486 2577 concedi3
513 2517 560 2567 in
574 2515 809 2586 suppress'ae
821 2517 1028 2570 Ecclefiae
1043 2522 1199 2579 vices,
1224 2524 1305 2570 Ec-

262 2589 444 2643 clefiam
477 2587 633 2640 Saneti
656 2587 791 2639 Blasii
823 2590 850 2638 a
885 2591 1034 2657 prima
1054 2591 1305 2660 dependen-

260 2659 354 2714 tem
374 2697 391 2721 ,
418 2665 463 2710 in
494 2660 689 2710 titulum
719 2660 864 2729 erigi;
887 2660 945 2710 ab
976 2663 1106 2725 hujus
1135 2663 1304 2711 Refto·

263 2752 348 2791 re,
383 2730 564 2782 Abbate
610 2729 949 2799 nuncupando,
983 2750 1120 2782 onera
1163 2734 1304 2799 priori

261 2821 434 2854 annexa
448 2798 645 2870 persolvi
661 2837 676 2859 ,
688 2819 740 2850 ac
753 2819 836 2868 pro
848 2802 969 2850 illius
987 2801 1305 2851 sustentatione

264 2876 580 2929 emolumenta
621 2869 820 2939 separata
866 2870 1073 2940 affignari
1105 2907 1122 2930 ,
1171 2874 1303 2921 Vica-

262 2947 333 2995 rio
383 2942 609 2993 Generali-
657 2943 974 2993 Camerinenfi
1019 2943 1300 2992 committit.

262 3014 406 3067 Idtm.
1190 3016 1304 3074 184.

330 3082 535 3153 Epistola
553 3086 700 3134 Sacrae
718 3084 1109 3153 congregationis
1123 3081 1302 3151 Episco-

260 3172 461 3225 porum,
493 3153 542 3206 ὅ(
562 3154 864 3223 Regularium
895 3158 1073 3202 Fratres
1106 3154 1150 3200 in
1179 3157 1301 3203 Con·

260 3224 462 3279 feffarios
489 3225 868 3274 extraordinarios
902 3224 1180 3273 Monialium
1211 3227 1299 3271 Re-

262 3299 402 3350 cineti
437 3293 680 3362 deputari,
721 3294 914 3344 arbitrio
957 3297 1019 3343 D.
1041 3293 1297 3343 Cardinalis

261 3374 416 3421 Roma
436 3367 687 3416 remittitur
702 3400 714 3412 .
752 3382 839 3412 cum
856 3379 954 3412 nota
972 3398 984 3411 .
1192 3383 1209 3412 1
1221 3366 1302 3422 8-7..

333 3436 669 3490 Monasterium
682 3433 1303 3499 MonialiumCapueinai-um

261 3508 650 3562 subinvocatione
670 3506 820 3558 Sancti
833 3503 1019 3573 josephi
1034 3504 1081 3552 in
1102 3504 1206 3552 loco
1224 3508 1304 3552 Fa-

262 3579 412 3631 briani.
423 3578 505 3630 sub
523 3593 739 3647 perpetua
754 3573 961 3625 clausura
975 3575 1090 3643 erigi
1108 3593 1122 3632 ;
1149 3578 1302 3642 Regu-

265 3652 408 3701 larem
439 3647 795 3701 Observantiam
843 3664 922 3715 per
961 3645 1071 3694 duas
1101 3643 1301 3706 ejusdem

268 3719 463 3771 Ordinis
479 3722 708 3773 Moniales
734 3715 947 3774 Petusio,
971 3717 1049 3765 vel
1079 3715 1300 3764 Recineto

261 3790 491 3844 vocandas
522 3794 570 3842 in
582 3791 629 3842 id
650 3790 831 3849 induci;
849 3791 894 3839 in
912 3787 1302 3839 manutentionem

378 3863 476 3905 Tom.
491 3862 546 3903 11.

2172 225 2355 311 xlm.

1378 331 1624 383 duodecim
1655 338 1778 384 illius
1795 337 2067 386 Monialium
2097 341 2121 388 a
2145 342 2412 393 Confrater-

1379 406 1521 453 nitate
1538 405 1812 455 Sanstiflimi
1834 410 2135 465 sacramenti,
2154 415 2195 460 in
2211 410 2409 461 Ecclesia

1377 477 1638 544 Collegiata
1655 476 1805 524 Sancti
1830 478 2042 525 Venantii
2076 479 2242 529 ibide-n
2276 498 2409 531 cano-

1376 543 1478 592 nice
1493 543 1696 594 instituta
1711 548 1950 612 quotannis
1968 561 2083 605 300.
2100 546 2220 597 scuta
2244 550 2408 599 submi·

1375 612 1552 662 nistrari
1567 615 1781 665 concedit
1794 651 1811 674 ,
1841 614 2255 684 Monasteriumque
2272 621 2409 671 Ordi-

1373 684 1485 731 narii
1519 683 1824 746 jurisdiRioni
1874 679 2123 748 subjeflum
2143 722 2158 744 ,
2205 691 2412 737 omnibus

1373 752 1566 802 Ordinis
1595 755 1846 825 privilegiis
1875 753 1964 805 ἃς.
1994 753 2082 804 frui
2099 755 2216 823 poffe
2237 793 2252 814 ,
2277 756 2323 807 ὅ(
2341 757 2416 806 de-

1372 822 1475 872 bere
1492 822 1692 874 declarat
1705 860 1717 873 .
1768 826 1882 875 Idem
1892 861 1908 883 ,
1925 844 2012 873 cum
2027 842 2123 874 nota
2140 862 2152 875 .
2300 847 2318 876 1
2330 830 2413 876 88.

1443 896 1738 962 Emptionem
1768 895 1960 945 duarum
1996 895 2164 944 aedium
2206 914 2289 962 pro
2321 915 2414 945 am-

1373 964 1552 1032 plianda
1570 969 1728 1014 Domo
1745 966 1918 1016 Sanctae
1934 965 2172 1015 Christinae
2191 968 2336 1023 Fani,
2366 965 2415 1017 &

1372 1037 1720 1085 translationem
1735 1037 1936 1087 Canonis
1950 1037 2088 1084 annui
2107 1072 2123 1093 ,
2152 1038 2227 1085 uni
2244 1054 2416 1086 earum·

1372 1107 1554 1164 annexi,
1569 1105 1814 1156 confirmat
1830 1143 1841 1154 .
1861 1104 1977 1155 Idem
1994 1140 2009 1162 ,
2027 1124 2116 1154 cum
2130 1123 2226 1154 nota
2244 1142 2256 1155 .
2302 1126 2411 1165 191.

1445 1181 1521 1226 Fr.
1557 1176 1791 1226 Didacum
1824 1177 1850 1225 a
1887 1178 2098 1227 Civitate
2142 1175 2259 1225 nova
2301 1179 2415 1245 Regi

1375 1245 1756 1297 Christianiffimo
1789 1265 1874 1316 pro
1890 1248 2157 1296 executione
2174 1249 2330 1316 gra-vis
2348 1265 2418 1295 ne-

1374 1320 1491 1388 gotii
1532 1320 1577 1366 in
1621 1320 1827 1369 Civitate
1859 1315 2146 1368 Gebennenfi
2166 1317 2412 1388 peragendi

1372 1388 1673 1439 commendat
1688 1426 1700 1438 .
1734 1388 1848 1440 Idem
1864 1426 1876 1438 .
2306 1407 2415 1449 192.

1445 1460 1758 1511 Commendat
1775 1460 2002 1511 Eumdem
2030 1479 2115 1529 pro
2135 1458 2295 1510 eodem
2326 1458 2413 1508 fine

1375 1533 1563 1599 Reginae
1583 1529 2211 1588 Christianiffimae.1dem,cum
2224 1530 2415 1579 nota.ibi.

1442 1602 1621 1652 Petium
1641 1603 1798 1652 Terrae
1826 1601 1883 1651 ad
1915 1601 2162 1652 Ecclefiam
2191 1605 2237 1651 S.
2263 1603 2413 1650 Luciae

1371 1674 1417 1722 in
1445 1675 1592 1723 Terra
1626 1675 1804 1723 Montis
1850 1671 2057 1721 Alboddi
2113 1669 2415 1738 spectantem,

1370 1761 1456 1811 pro
1479 1742 1676 1792 Fabrica-
1693 1762 1822 1793 novae
1857 1740 2037 1793 Domfis
2062 1742 2231 1793 ibidem
2253 1742 2418 1800 vendi,

1370 1812 1448 1864 seu
1478 1816 1692 1872 alienari,
1709 1814 1899 1865 Vicario
1918 1816 2134 1865 Generali
2151 1814 2417 1883 Senogalliae

1370 1888 1656 1935 committit.
1714 1885 1855 1935 Idem.
2306 1899 2416 1945 r93.

1443 1954 1760 2007 Poffeffionem
1790 1959 1831 2005 le
1873 1954 2040 2004 Cerrete
2076 1969 2379 2023 nuncupatam
2400 1990 2417 2012 ,

1372 2026 1421 2078 8(
1449 2027 1506 2077 ad
1524 2026 1854 2077 Monasterium
1884 2027 2159 2075 Monialium
2184 2028 2339 2076 Terrae
2358 2025 2414 2074 de

1373 2099 1671 2148 Montecchio
1690 2097 1962 2167 spefiantem
1980 2132 1997 2155 ,
2030 2114 2137 2145 cum
2158 2097 2255 2144 aliis
2284 2095 2415 2144 bonis

1373 2168 2014 2219 stabilibus-commodioribus
2031 2202 2045 2224 ,
2084 2165 2132 2216 ἃ
2153 2165 2412 2215 utilioribus
2438 2173 2440 2175 ’

1369 2243 1650 2308 permutari,
1679 2238 1903 2308 Episcopo
1923 2274 1937 2296 ,
1968 2236 2041 2286 feu
2058 2235 2302 2303 Praeposito
2314 2239 2406 2286 Ca-

1368 2309 1603 2360 merinenfi
1620 2312 1894 2360 committit.
1912 2306 2133 2364 Idem,cum
2148 2322 2244 2354 nota
2260 2343 2271 2354 .
2296 2324 2408 2368 1⁴94.

1442 2384 1830 2432 permutationem
1850 2379 1989 2428 trium
2011 2380 2409 2428 StarorumTerrae

1366 2469 1451 2520 pro
1464 2457 1630 2502 Domo
1653 2455 1786 2519 Apiri
1807 2454 1852 2501 in
1869 2453 2112 2498 meliorem
2127 2446 2324 2497 formam
2344 2465 2407 2496 re·

1366 2523 1561 2592 digenda
1577 2523 1823 2573 ratihabet.
1863 2519 2003 2569 Idem.
2290 2538 2409 2579 195.

1435 2599 1641 2643 Fontem
1659 2612 1738 2661 per
1776 2591 1971 2642 fundum
1992 2626 2006 2648 ,
2036 2589 2097 2639 ad
2125 2590 2397 2654 Capitulum

1364 2662 1683 2714 &Ecclesiam
1714 2659 2054 2712 Lateranensem
2088 2658 2362 2725 spectantem
2384 2691 2402 2714 ,

1365 2732 1702 2797 aquaeductibus
1727 2730 2024 2781 subterraneis
2062 2730 2119 2777 ad
2153 2731 2399 2777 Domuum

1367 2798 1527 2852 Asculi
1546 2801 1740 2852 conduci
1763 2799 2004 2870 indulget.
2042 2799 2185 2856 Idem,
2214 2816 2299 2845 cum
2331 2816 2399 2843 no-

1362 2888 1410 2922 ta
1427 2910 1440 2922 .
2286 2887 2302 2916 x
2312 2875 2383 2926 96
2385 2882 2398 2916 3

1434 2941 1706 2994 Celebrandi
1725 2940 1911 2991 Missam
1938 2942 1983 2990 in·
1998 2940 2218 2991 Oratorio
2245 2937 2400 2986 dome·

1364 3012 1476 3062 stico
1491 3015 1645 3063 Terrae
1664 3014 1857 3060 Mucciae
1875 3011 2104 3060 Fratribus
2122 3026 2204 3077 pro
2222 3023 2397 3075 tempo·

1363 3082 1489 3132 rcibi
1519 3080 1806 3132 existentibus
1824 3116 1838 3138 ,
1871 3080 1918 3131 ὅ(
1939 3084 1993 3130 ad
2029 3080 2301 3147 Capitulum
2320 3092 2395 3146 ge·

1360 3154 1510 3202 nerale
1525 3153 1681 3208 ituris,
1707 3169 1758 3200 ac
1774 3150 1828 3199 ab
1838 3169 1891 3199 eo
1913 3147 2142 3201 recessuris
2157 3185 2172 3207 ,
2206 3144 2395 3195 faculta-

1361 3223 1750 3291 oemimpertitur.
1804 3219 1944 3279 Idem,
1968 3239 2056 3269 cum
2072 3236 2194 3267 nota.
2276 3236 2299 3266 r
2303 3235 2395 3278 97.

1427 3295 1604 3343 Petium
1617 3294 1774 3341 Terrae
1788 3291 1844 3340 ad
1865 3296 2073 3341 Domum
2090 3294 2393 3339 Lauretanam

1363 3359 1596 3429 spectans,
1620 3360 1667 3412 ὅ(
1691 3362 1920 3411 Fratribus
1946 3360 2052 3410 inibi
2078 3365 2174 3423 jam
2205 3359 2311 3406 alias
2330 3358 2393 3407 ad·

1365 3432 1495 3483 usum
1521 3430 1772 3484 concessum
1798 3468 1812 3489 ,
1843 3450 1948 3481 cum
1982 3433 2083 3479 alio·
2105 3430 2225 3496 petio
2262 3445 2394 3479 novas

1364 3506 1539 3553 Domui
1584 3505 1802 3571 contiguo
1838 3500 2080 3569 permutari
2108 3534 2121 3555 ,
2165 3496 2390 3567 Episcopo

1363 3576 1618 3625 Lauretano
1664 3575 1916 3623 committit
1931 3608 1944 3620 .
2001 3570 2150 3627 Idm,
2194 3587 2294 3617 cum-
2321 3588 2389 3618 no-

1361 3659 1408 3694 ta
1425 3681 1449 3693 ..
2301 3639 2364 3689 ibi
2376 3676 2390 3691 .

1433 3714 1655 3782 Qaedam
1670 3714 1821 3763 Terrae
1849 3713 1965 3780 petia
1985 3714 2159 3761 Domui
2194 3710 2391 3764 Urbina-

1363 3781 1999 3853 tenfinonampliusproficua
2021 3818 2035 3840 ,
2053 3800 2135 3850 pro
2155 3782 2391 3830 alia-terre-

1754 3866 1777 3906 g
1809 3865 1829 3894 2
2278 3864 2317 3891 m
