2762 4088
899 245 1927 343 ELENCHvS.

287 364 531 416 strut'iione
571 355 800 414 transferri
838 361 1051 434 indulget
1065 399 1078 413 .
1126 363 1319 415 Innocen-

284 441 369 486 tius
385 441 451 488 X.
1201 454 1223 497 3
1238 456 1316 497 29·

357 511 506 558 Situm
537 503 705 551 veteris
735 500 914 553 Domiis
942 518 1069 553 extra
1085 508 1318 557 Terram

285 577 508 630 Valentiae
523 573 688 631 vendi,
723 571 771 623 &
798 577 995 641 pretium
1021 577 1065 622 in
1096 574 1228 625 usum
1249 580 1318 627 Bi-

285 646 518 698 bliothecae
548 661 677 694 novae
696 642 875 700 Domi‘is
908 645 1080 696 ibidem
1110 650 1317 697 converti

281 715 492 785 indulget
510 750 523 764 .
594 711 707 764 Idem
720 750 732 763 .
1202 736 1226 779 3
1237 737 1317 779 29.

354 790 424 836 Ex
446 782 643 835 Ecclesia
656 783 835 835 Domi'is
849 785 1025 854 Oppidi
1045 789 1219 857 Lugani
1240 793 1319 838 Sa·

282 875 380 907 cras
403 857 638 924 Reliqui-as
670 857 848 905 extrahi
876 872 1021 915 vetat,
1052 856 1100 909 ὅ(
1120 859 1316 926 prohibi·

281 930 416 978 tionis
433 930 615 994 copiam
632 926 690 976 ad
710 928 867 976 valvas
890 926 1096 978 Ecclcfiae
1113 924 1205 981 ἃς.
1219 928 1319 979 affi-

281 1002 329 1070 gi
362 997 549 1048 mandat
564 1035 575 1047 .
616 996 729 1046 Idem
741 1033 756 1054 ,
777 1016 865 1046 cum
883 1014 1003 1052 nota.
1203 1017 1319 1062 330.

354 1067 683 1119 Remiffionem
704 1069 905 1118 Canonis
918 1104 934 1127 ,
965 1068 1014 1120 δε
1035 1072 1167 1140 ,Ῑυτίε
1184 1074 1229 1120 ἰη
1248 1071 1320 1121 be-

287 1138 505 1189 neficium
542 1136 720 1188 Domiis
754 1137 911 1188 nostrae
946 1139 1251 1191 Terdonenfis
1290 1143 1317 1190 a

284 1209 562 1260 Reverendis
590 1208 796 1259 Patribus
830 1208 1021 1259 Ordinis
1052 1214 1321 1262 Praedicato-

283 1300 387 1331 rum
407 1280 579 1331 Sandiae
596 1282 762 1330 Crucis
784 1281 875 1329 loci
904 1279 960 1330 da
987 1281 1129 1332 Bosco
1148 1281 1318 1334 fastam

284 1351 505 1421 approbat
524 1386 536 1399 .
607 1349 742 1400 Idem.
1202 1373 1225 1417 3
1237 1374 1259 1417 3
1274 1375 1292 1404 1
1304 1390 1317 1407 ,

350 1423 578 1472 Moniales
596 1420 1004 1490 supernumerarias
1032 1425 1077 1474 in
1090 1425 1318 1475 Monaste-

282 1495 352 1544 rio
364 1491 636 1543 Novarien-si
654 1496 750 1543 ullo
764 1512 962 1562 unquam
975 1509 1182 1564 tempore
1198 1498 1327 1551 ultra,

282 1565 505 1615 tredecim
523 1562 708 1615 admitti
727 1562 912 1616 statuit--
965 1564 1109 1626 Idem,
1132 1586 1221 1616 cum
1251 1586 1319 1615 no-

282 1651 331 1685 ta
345 1672 358 1686 .
1223 1637 1316 1687 ibi.

354 1710 627 1756 Conventus
640 1704 797 1754 decem
813 1706 838 1754 ὲ
854 1708 1093 1756 Provincia
1101 1706 1317 1775 =fanuenfi

282 1774 598 1825 dismembrati
624 1810 641 1833 ,
677 1774 726 1826 δε
766 1774 840 1826 sex
874 1794 1035 1827 eorum
1065 1781 1311 1829 Provinciae

283 1843 614 1897 Mediolanensi
628 1881 643 1904 ,
676 1844 913 1914 suppreffis
929 1859 1133 1915 ‘quatuor
1147 1886 1163 1908 ,
1195 1851 1311 1903 uniri

283 1917 472 1967 mandat
487 1952 500 1966 .
538 1917 784 1966 Alexander
799 1922 919 1968 vll.
937 1938 1023 1968 cum
1039 1937 1135 1969 noea
1150 1957 1161 1969 .
1202 1937 1225 1983 3
1236 1937 1264 1981 3-
1271 1940 1317 1976 3.

354 1992 554 2040 Decreto
573 1992 724 2039 Sacrae
740 1992 1122 2060 congregationis
1137 1989 1318 2058 Episco-

286 2075 450 2127 porum
468 2094 483 2116 ,
526 2058 575 2109 ὅτ
607 2061 906 2128 Regularium
923 2098 938 2119 ,
967 2059 1240 2130 Hospitium
1273 2063 1318 2109 in

283 2133 411 2180 Loco
426 2126 632 2178 Binaschi
648 2125 858 2200 erigendi<
873 2129 1065 2182 facultas
1080 2130 1319 2188 sub-diver·

284 2197 342 2249 fis
359 2198 572 2249 clausulis
591 2198 856 2269 indulgetur
871 2237 883 2250 .
1203 2221 1225 2265 3
1238 2221 1260 2264 3
1272 2220 1318 2266 ς.

357 2275 559 2320 Decreto
574 2268 775 2333 ejusdem
805 2276 952 2323 Sacrae
985 2276 1320 2341 Congregatio-

288 2342 358 2389 nis
377 2375 394 2398 ,
419 2342 695 2408 permut-atio
710 2340 918 2410 Hospitii
945 2344 992 2393 in
1019 2345 1124 2393 loco
1144 2344 1318 2394 Varalli

288 2409 582 2460 conceditur.
670 2430 757 2460 cum
773 2412 872 2461 nora
884 2448 897 2462 .
1227 2413 1321 2464 ibi.

360 2485 571 2530 Domum
595 2480 654 2530 ad
668 2481 913 2532 Abbatiam
929 2518 944 2542 ,
971 2480 1048 2533 seu·
1074 2487 1321 2534 Commen-

294 2551 402 2600 dam
430 2551 704 2601 Sanstorum
729 2555 889 2602 Caroli
917 2589 933 2611 ,
962 2552 1188 2622 &Justini
1217 2552 1312 2622 spe-

288 2621 489 2671 stantem
508 2657 524 2679 ,
553 2622 830 2672 Monasterio
867 2626 1144 2673 Monialium
1177 2627 1323 2692 Papiae

291 2695 575 2761 incorporari
589 2729 604 2752 ,
626 2691 849 2761 Episcopo
862 2693 1037 2744 ibidem
1051 2697 1325 2745 committit.

294 2763 479 2812 Clemens
490 2765 580 2817 IX.
608 2783 697 2812 cum
712 2779 808 2812 nota
824 2801 837 2813 .
1213 2784 1236 2827 3
1248 2784 1270 2826 3
1281 2784 1334 2825 7..

339 2834 1328 2885 MonialesSaPraxedisMediolaniomnibus

293 2905 550 2972 privilegiis
563 2937 579 2961 ,
593 2918 691 2954 tam
704 2906 1186 2972 temporalibus‚quam
1205 2904 1327 2973 spiri-

294 2975 494 3024 tualibus
512 2973 682 3023 Ordini
701 2977 984 3024 Minoritano
1001 2973 1325 3033 concesfis,sme

294 3047 390 3094 ulla
406 3042 658 3094 differentia
675 3045 740 3093 uti
757 3080 772 3102 ,
789 3044 836 3094 ὅ(
854 3042 941 3093 frui
959 3042 1078 3111 posse
1092 3046 1293 3094 declar-at
1312 3080 1324 3092 .

291 3116 406 3166 ⁴Ven.
425 3116 490 3167 D..
498 3115 542 3163 S.
564 3113 816 3163 Innocentius
831 3117 925 3164 XI.
942 3134 1031 3163 cum
1045 3131 1142 3163 nota
1157 3151 1170 3163 .
1211 3118 1326 3177 338⁴.

370 3189 576 3235 Domum
593 3186 870 3234 Monialium
889 3187 1163 3253 Regularem
1175 3220 1191 3243 ,
1215 3190 1325 3234 San-

295 3256 357 3306 &i
373 3253 601 3305 Ambrosii
615 3271 920 3321 nuncupatam
932 3256 1073 3305 Comi
1086 3252 1209 3303 succe
1217 3253 1326 3304 ffive

301 3325 553 3394 supprimi,
569 3323 615 3375 ὅ(
632 3342 800 3372 novam
820 3323 899 3373 sub
917 3327 1055 3374 titulo
1074 3325 1225 3374 Sansti
1241 3328 1331 3374 Ca-

299 3399 388 3446 roli
406 3399 519 3466 erigi
538 3431 552 3453 ,
586 3413 636 3444 ac
654 3396 817 3462 prioris
831 3394 974 3453 bona,
1003 3395 1107 3443 huic
1125 3397 1331 3460 incorpo-

300 3470 392 3517 rari
420 3466 700 3517 ratihabetur
719 3500 730 3513 .
1217 3483 1240 3526 3
1252 3482 1275 3525 3
1284 3483 1333 3523 9,

373 3541 574 3587 Decreto
595 3541 741 3587 Sacrae
755 3534 1139 3604 Congregationis
1157 3532 1337 3601 Episco-

303 3623 470 3674 porum
483 3644 498 3666 ,
527 3608 575 3659 ἃ
606 3606 906 3676 Regularium
925 3641 940 3663 ‚
959 3604 1212 3655 Parochum
1232 3608 1338 3652 San-

305 3675 394 3725 &ae-
419 3680 580 3728 M‘ariae
610 3680 660 3726 in
695 3681 799 3726 loco
841 3680 1006 3727 Hortae
1022 3711 1037 3733 ,
1070 3676 1113 3722 in
1146 3672 1341 3723 Ecclesia

307 3749 524 3797 Fratrum
540 3748 710 3798 ibidem
731 3752 829 3813 jura
840 3747 1120 3796 Parochialia
1132 3760 1339 3794 exercere

306 3833 396 3866 non
408 3814 527 3930 ρΊφίΐε
535 3819 800 3931 geclaratur
820 3852 833 3866 .
1225 3832 1339 3879 340.

453 3900 525 3930 om·
576 3917 590 3931 ο

2272 261 2349 348 lt.

1447 373 1647 418 Decreto
1671 370 1866 434 ejusdem
1897 375 2041 421 Sacrae
2071 377 2408 447 congregatio·

1377 439 1469 495 nis,
1487 443 1693 488 Domum
1711 460 1816 491 cum
1839 439 2033 489 Ecclesia
2051 445 2092 490 in
2111 448 2211 495 loco
2230 447 2408 498 Cassani

1380 508 1558 557 Abduae
1583 512 1727 578 erigi,
1758 511 1805 562 &
1836 515 2015 559 Fratres
2052 514 2235 565 inillam
2257 518 2411 567 induci

1379 576 1602 649 Episcopo
1615 581 1909 630 Cremonensi
1922 584 2225 632 committitur
2237 622 2249 632 .
2318 587 2409 635 ibi.

1448 651 1649 697 Decreto
1680 656 1729 702 S.
1745 656 2025 720 Congregat.
2050 653 2290 702 Ecclesiam
2309 659 2411 703 Fra·

1378 731 1505 765 trum
1523 719 1695 768 Taurdi
1715 756 1729 778 ,
1765 723 1983 771 Plebaniae
2004 724 2238 780 Porletiae,
2263 728 2414 793 Regu-

1378 787 1519 835 larem
1538 786 1619 836 effe
1635 809 1650 848 ;
1684 789 1925 859 Praeposito
1941 790 2003 839 ibi
2022 794 2166 840 nullas
2180 795 2221 840 in
2237 810 2293 841 eo
2312 791 2413 842 fun·

1376 858 1547 907 &iones
1559 875 1814 926 competere
1827 882 1840 920 ;
1856 879 1908 910 ac
1925 861 2073 928 quoad
2087 862 2386 911 Proceffiones
2395 899 2413 921 ,

1380 928 1428 979 ὅ(
1443 926 1596 978 funera
1612 964 1628 987 ,
1654 934 1846 980 Decreta
1861 931 1967 980 alias
1985 928 2172 1000 desuper
2188 933 2311 981 edita
2330 930 2415 981 ser-

1379 1002 1475 1050 vari
1493 998 1687 1049 sancitur
1703 1037 1714 1048 .
1787 1020 1874 1049 cum
1889 1017 1984 1049 nota
2000 1037 2011 1050 .
2296 1019 2357 1064 34
2369 1022 2410 1050 1.

1449 1075 1648 1120 Decreto
1664 1074 1711 1121 S.
1728 1074 1963 1140 Congu-eg.
1984 1070 2040 1120 de
2058 1074 2250 1141 Propag.
2272 1072 2382 1121 Fide
2395 1107 2412 1130 ,

1377 1138 1614 1191 facultates
1643 1141 2035 1191 Miffionariorum
2063 1143 2116 1191 ad
2142 1142 2411 1211 Hospitium

1379 1215 1556 1261 Montis
1573 1211 1873 1262 S.Gotthardi
1890 1212 2193 1262 extenduntur
2209 1250 2221 1262 .
2297 1231 2411 1275 341.

1447 1286 1643 1345 Decreto
1659 1287 1707 1332 S.
1722 1286 1956 1353 Congreg.
1975 1285 2206 1342 concilii,
2234 1285 2277 1331 in
2297 1285 2417 1333 dela-

1379 1353 1499 1402 tione
1522 1351 1731 1402 sunerum
1749 1353 1806 1402 ad
1836 1355 2105 1403 exteriorem
2125 1353 2414 1404 Ecclesiam...

1379 1425 1654 1473 Monialium
1690 1427 1934 1481 Novariae,
1957 1429 2027 1491 jus
2063 1421 2274 1474 funerum
2304 1442 2413 1474 cum

1378 1497 1558 1552 Cruce,
1592 1493 1640 1545 ὅ(
1669 1497 1796 1544 Stola
1825 1494 1881 1544 ad
1902 1496 2124 1544 Parochos
2144 1531 2159 1552 ,
2184 1493 2231 1545 ὅ(
2253 1513 2342 1544 non
2356 1493 2416 1544 ad

1377 1565 1536 1614 harum
1554 1562 1854 1615 Confessarios
1872 1568 2120 1633 pertinere:
2150 1568 2269 1614 circa
2286 1583 2416 1631 quar·

1378 1650 1472 1686 tam
1488 1635 1657 1686 funeris
1673 1654 1784 1685 cerae
1796 1671 1810 1693 ,
1823 1635 1953 1703 super
1969 1640 2130 1685 Altare
2150 1634 2301 1703 pofitae
2318 1671 2333 1692 ,
2348 1634 2415 1684 so·

1375 1710 1512 1756 litum
1532 1705 1730 1756 stervariiz·
1745 1705 1791 1757 ὅ(
1807 1705 2185 1756 Anniversarium.
2206 1709 2250 1753 in
2271 1703 2374 1754 casu
2392 1706 2417 1754 ἂ

1374 1777 1606 1828 Testatore
1625 1778 1852 1835 relitstum,
1873 1795 1978 1827 cum
1997 1775 2201 1835 Officio,
2216 1774 2263 1827 δι’
2284 1772 2416 1824 Miffa

1376 1851 1420 1897 in
1441 1866 1575 1898 cantu
1593 1851 1614 1896 a
1637 1849 1846 1897 Parocho.
1868 1850 2035 1916 expleri
2055 1845 2172 1916 posse
2192 1847 2413 1895 sancitur:

1379 1921 1581 1970 Parocho
1607 1933 1765 1967 tamen
1777 1921 2088 1968 collocutoriis
2114 1916 2379 1967 Monasterii
2397 1950 2414 1972 ,

1378 1993 1452 2039 vel
1487 1992 1824 2040 Tertiariorum
1860 1988 2080 2057 Hospitio
2108 1992 2151 2038 in
2184 1987 2417 2040 Sabbatho

1379 2060 1548 2111 saneto
1583 2060 1878 2117 benedicere,
1905 2075 1985 2108 aut
2007 2061 2114 2108 alias
2144 2061 2192 2106 in·
2220 2054 2417 2108 Ecclefia

1378 2133 1656 2182 Monialium
1684 2130 1906 2179 dictarum
1924 2130 2235 2178 Matrimoniis
2250 2125 2415 2176 affiste-

1383 2220 1431 2252 re
1451 2238 1466 2260 ‚
1502 2218 1580 2250 aut
1593 2200 1853 2251 mulieribus
1867 2199 1966 2267 post
1985 2214 2167 2267 partum
2186 2198 2418 2247 benedice-

1382 2291 1428 2322 re
1445 2273 1709 2340 prohibetur
1725 2307 1737 2319 .
2299 2284 2414 2329 342.

1450 2342 1530 2391 Ad
1573 2341 2017 2391 commendationem
2059 2343 2134 2387 Fr.
2173 2336 2419 2407 Augustini

1381 2414 1585 2463 Mariaea-
1617 2417 1805 2482 Lugano
1829 2424 2044 2459 attentam
2077 2411 2363 2458 voluntatem
2391 2407 2420 2454 ὲ

1383 2483 1424 2533 se
1469 2486 1566 2553 geri
1583 2518 1600 2540 ,
1649 2481 1940 2533 Sereniffimae
1982 2482 2232 2549 Hungariae
2256 2514 2271 2537 ,
2324 2476 2418 2527 ἃς.

1382 2557 1568 2622 Reginae
1588 2554 1743 2603 Mariae
1773 2550 1999 2602 Therefiae·
2020 2548 2246 2603 rescribit.
2283 2547 2418 2597 Bene-

1381 2626 1514 2675 dieftus
1530 2628 1673 2680 xlv.
1703 2641 1792 2672 cum
1805 2637 1928 2669 nota..
2299 2634 2412 2679 344.

1477 2764 1866 2813 PROVINCIA
1903 2760 2285 2809 BRIXIENSIS
2303 2792 2317 2804 .

1461 2900 1791 2954 Monasterium
1834 2900 2106 2948 Monialium
2160 2902 2206 2948 S.
2238 2894 2417 2951 Urbani

1385 2975 1547 3022 Brixiae
1566 2971 1799 3020 Fratribus
1818 2986 1900 3036 pro
1921 2969 2192 3018 habitatione
2210 2964 2415 3019 alienari,

1385 3043 1432 3094 ὅ(
1449 3055 1634 3092 econtra
1649 3045 1855 3089 Domum
1884 3056 1988 3086 cum
2016 3040 2113 3087 aliis
2131 3039 2417 3104 proprietati-

1385 3114 1493 3171 bus,
1522 3114 1545 3160 ὲ
1562 3110 1787 3177 quondam
1808 3111 1945 3158 Clara
1965 3114 2165 3155 Armana
2184 3104 2418 3180 Fratribus

1387 3187 1581 3255 legatam
1613 3180 1854 3229 renuntiari
1879 3176 1968 3227 ἃς.
1994 3177 2184 3227 Vicario
2204 3173 2420 3223 Generali

1390 3252 1599 3323 Episcopi
1614 3247 2295 3299 Brixien0committit.StxtusV.
2306 3258 2418 3302 347.

1458 3320 1741 3373 Monialibus
1768 3319 1926 3368 Brixia:
1953 3316 2008 3364 ad
2030 3314 2188 3364 sonum
2216 3310 2418 3361 meridiei

1392 3395 1662 3442 Orationem
1680 3389 1968 3439 Dominicam
1986 3421 2000 3442 ‚
2029 3385 2076 3435 ὅ(
2094 3385 2420 3434 Salutationem

1393 3462 1666 3531 Angelicam
1683 3457 1815 3507 semel
1833 3455 2122 3504 recitantibus
2137 3488 2151 3509 ‚
2189 3450 2420 3519 Apostoli·

1395 3550 1496 3582 cam
1530 3528 1895 3580 Benediftionem
1929 3528 1974 3573 in
2003 3537 2271 3592 perpetuum
2292 3520 2426 3587 largi-

1397 3615 1474 3652 tur
1489 3639 1501 3651 .
1574 3599 1692 3649 Idem
1708 3635 1720 3647 .
2309 3607 2422 3651 349.

1467 3671 1602 3722 AEdes
1619 3670 1789 3731 antiqui
1809 3662 2072 3715 Monasterii
2093 3660 2312 3712 vendendi
2334 3658 2425 3708 &c-

1401 3741 1608 3806 Syndico
1652 3738 1927 3789 Monialium
1968 3737 2148 3784 Cremae
2196 3729 2426 3779 concedit.

1401 3811 1553 3861 Paulus
1573 3814 1634 3861 V.
2315 3814 2372 3858 35
2381 3813 2430 3843 0·

1851 3874 1877 3916 h
1910 3889 1935 3918 2
2280 3867 2373 3921 Epi·
