2774 4068
1044 178 1704 294 Bononiensis.

305 293 539 347 purgatorii
563 294 692 351 poenis
716 291 990 341 liberaretur,
1021 306 1141 348 prout
1170 296 1209 337 in
1231 295 1338 353 ejus-

304 351 399 394 dem
428 354 624 408 Gregorii
652 345 955 392 Peadecefforis
978 349 1137 401 literis,
1152 366 1337 408 ⁴quarum

303 420 495 453 tenorem
547 407 772 453 resentibus
794 419 870 463 pro
894 407 1080 463 expresso
1102 410 1242 452 haberi
1267 424 1340 454 vo-

301 469 441 512 lumus
454 496 472 519 ,
486 481 514 523 p
530 466 644 510 anius
660 465 898 508 continetur
914 494 926 507 .
938 469 1044 509 Cum
1056 475 1193 511 autem
1208 495 1224 518 ‚
1237 470 1337 512 ficut

300 525 378 584 'pro
391 536 512 582 parte
524 522 769 566 dilec'torum
784 523 982 567 Filiorum
999 527 1341 577 Pmcuratoris‚&

299 588 490 630 Fratrum
512 579 609 624 dieti
624 582 858 626 Monasterii
870 584 999 628 Nobis
1026 597 1155 639 nuper
1184 583 1339 640 expoli-

301 646 393 692 tum
401 637 480 684 ftu't
494 665 511 687 s
535 642 698 684 Fratres
711 642 876 685 advenae
887 671 902 695 ‚
926 642 967 685 δι
979 656 1052 698 per
1065 641 1214 684 dictam
1232 645 1337 685 Ter-

299 713 386 746 ram
401 699 654 742 transeuntes
673 699 897 757 hujusmodi
913 700 1134 758 privilegio
1159 697 1236 742 frui
1254 715 1333 743 non

297 756 484 817 poffint,
507 759 671 815 cupiant
701 769 922 816 propterea
949 759 1210 816 privilegium
1238 773 1338 816 prae-

300 816 455 861 dictum
477 814 528 858 ad
555 830 695 861 omnes
709 818 947 863 Sacerdotes
968 821 1028 863 Ca
1059 819 1223 868 acinos,
1254 827 1336 860 tam

301 874 398 920 dieti
411 875 645 919 Monailerii
667 904 682 929 ,
712 891 828 933 quam
852 877 948 922 alios
964 906 978 930 ,
993 893 1015 922 a
1069 876 1214 921 dictam
1232 878 1337 919 Ter-

297 947 383 1036 :1²:⁸3²
401 936 1170 1049 5530{essffl‘ss‘fussffssffssssssssffissffssf
1192 945 1336 1038 {2¹⁸5ss

298 1061 415 1108 parte
433 1052 562 1094 Nobis
586 1050 663 1095 fuit
680 1053 887 1096 humiliter
901 1053 1168 1109 supplicatum
1183 1080 1197 1103 ,
1223 1063 1267 1095 ut
1287 1053 1326 1094 in

297 1108 497 1168 praemiisis
511 1113 736 1167 opportuni:
751 1111 986 1167 providere,
1004 1111 1057 1154 de
1073 1111 1329 1167 Benignitate

297 1167 535 1225 Apostolica
560 1168 822 1225 dignaremur
844 1199 858 1211 .
902 1174 988 1213 Nos
1019 1184 1162 1213 eorum
1193 1170 1296 1213 votis
1313 1198 1328 1221 ,

295 1237 494 1285 quantum
516 1241 608 1269 cum
624 1229 801 1272 Domino
813 1227 1039 1285 poffumus,
1056 1242 1238 1272 annuere
1261 1241 1327 1270 cu·-

294 1286 481 1342 pientes‚
511 1285 735 1344 hujusmodi
765 1286 1126 1343 supplicationibus
1153 1286 1325 1329 inclina·-

270 1365 274 1369 ·
295 1342 606 1400 ti,privilegium
625 1359 699 1401 pro
712 1346 932 1390 Animabus
949 1346 1237 1391 Desunfiiorum
1252 1359 1326 1401 per

299 1401 450 1445 dictum
464 1404 713 1460 Gregorium
726 1431 740 1454 ,
766 1415 809 1450 ut
823 1404 1036 1462 praefertur
1052 1434 1066 1458 ,
1080 1402 1326 1456 concessum,

294 1460 348 1507 ad
368 1475 508 1505 omnes
533 1472 617 1505 tam
645 1463 740 1507 disti
767 1465 998 1508 Monasterii
1022 1492 1039 1515 ,
1075 1478 1193 1520 quam
1229 1462 1330 1506 alio·

300 1534 393 1563 rum
418 1521 469 1563 ad
494 1521 643 1564 dietam
681 1533 834 1566 terram
873 1537 950 1579 pro
986 1531 1176 1579 tempore
1212 1534 1330 1564 acce-

296 1578 445 1622 dentes
473 1580 641 1624 Fratres
651 1581 912 1638 Capucinos,
933 1582 1190 1626 Auctoritate
1214 1581 1328 1636 Apo·

268 1678 275 1687 ,
296 1636 436 1680 stolica
451 1664 467 1688 ,
497 1650 642 1682 tenore
666 1641 922 1696 presentium
947 1639 1203 1684 extendimus
1228 1667 1244 1692 ‚
1286 1639 1324 1680 &

296 1696 566 1752 ampliamus3
589 1697 643 1740 ita
675 1707 721 1741 ut
746 1699 1007 1754 imposterum
1022 1726 1038 1750 ‚
1062 1697 1327 1755 quandocun-

302 1769 383 1811 que
419 1756 615 1799 Sacerdos
661 1755 806 1814 aliquis
860 1756 1091 1813 Capucinus
1132 1785 1148 1807 ,
1205 1765 1325 1798 tam-2

296 1812 396 1857 dieti
410 1816 532 1858 Mona
540 1813 783 1872 sterii,quam
795 1814 968 1860 aliorum
979 1829 1058 1872 pro
1070 1826 1151 1859 tem
1157 1828 1260 1870 pore
1275 1814 1328 1856 ad

294 1869 445 1919 dietum
457 1873 748 1916 Monasterium
762 1873 960 1918 accedens
972 1903 987 1926 ,
1002 1871 1158 1918 Miffam
1176 1870 1325 1916 Desun.

296 1934 454 1974 &orum
479 1930 532 1974 ad
560 1933 792 1988 praedictum
817 1932 969 1976 Altare
998 1946 1072 1990 pro
1084 1932 1228 1975 Anima
1257 1944 1326 1972 cu—

258 2035 261 2039 >
292 1988 515 2048 justunque
530 1990 682 2036 Fidelis
702 2019 717 2042 ,
741 2006 826 2050 quae
841 1994 932 2035 Deo
949 1991 987 2034 in
1011 1991 1213 2034 charitate
1228 2002 1327 2030 con·

295 2047 431 2107 iuncta
459 2049 511 2090 ab
537 2051 610 2092 hac
638 2050 734 2094 luce
763 2050 1002 2107 migraverit
1019 2079 1034 2102 ‚
1065 2047 1292 2092 celebrabit
1310 2075 1325 2099 ,

295 2106 442 2152 Anima
468 2105 548 2163 ipsa
567 2107 621 2151 de
637 2110 846 2159 Thesauro
857 2109 1044 2152 Ecclefiae
1067 2122 1140 2165 per
1156 2106 1324 2150 modum

295 2165 469 2220 fiiffragii
489 2166 795 2223 Indulgentiam
809 2166 1072 2223 consequatur
1085 2195 1101 2218 ‚
1154 2174 1324 2209 uatenus

295 2223 464 2266 Domini
480 2224 715 2282 NostriJesu
731 2226 881 2268 Christi
895 2254 910 2275 ‚
928 2239 975 2267 ac
989 2226 1103 2266 Beati
1135 2237 1221 2265 imae
1237 2226 1324 2266 Ma-

294 2281 367 2324 riae
380 2283 454 2325 Vir
484 2283 557 2324 iuis
572 2284 921 2340 ‚sanctorumque
934 2282 1112 2330 omnium
1141 2282 1296 2324 meritis
1309 2311 1324 2334 ‚

297 2339 368 2381 fibi
392 2296 699 2395 suni-agantibus
714 2343 766 2390 ,a
789 2339 1019 2397 Purgatorii
1036 2340 1153 2396 paenis
1178 2338 1325 2383 libere-

294 2408 363 2442 tur
374 2424 388 2446 ,
417 2398 702 2447 concedimus,
717 2399 1026 2455 &indulgemus
1037 2427 1053 2450 ,
1065 2412 1145 2441 non
1162 2398 1323 2441 obstan-

293 2457 403 2499 tibus
417 2456 796 2510 emanationibus,
816 2457 1196 2501 &Ordinationibus
1211 2459 1323 2512 Apo-

295 2514 469 2567 stolicis,
486 2529 645 2559 necnon
662 2516 842 2559 omnibus
857 2516 939 2559 illis
951 2545 965 2567 ‚
979 2530 1066 2572 quae
1079 2514 1324 2560 dieiusGre.

230 2608 233 2609 γ
296 2574 434 2628 gorius
448 2573 718 2622 Praedecess'or
744 2573 782 2617 in
798 2575 914 2618 dietis
938 2573 1068 2617 literis
1092 2574 1224 2617 voluit
1241 2588 1320 2617 non

296 2631 482 2685 obstare,
507 2631 743 2690 caeterisque
769 2633 983 2676 contrariis
997 2630 1320 2690 quibuscunque.

270 2718 277 2724 -
296 2693 448 2734 Datum
467 2692 607 2735 Romae
631 2691 739 2748 apud
767 2694 956 2734 Sanctum
971 2694 1136 2735 Petrum
1153 2690 1223 2733 sub
1236 2694 1320 2733 An·

206 2778 209 2781 -
295 2749 396 2791 nul«)
410 2747 625 2794 Piscatoris
639 2779 655 2802 ‚
671 2749 749 2792 Die
762 2764 882 2792 xxiv.
899 2748 1147 2793 Novembris
1163 2760 1323 2791 muctv.

295 2804 562 2872 Pontificatus
592 2806 726 2852 Nostri
750 2810 868 2851 Anno
892 2806 1178 2852 tertiodecimo
1195 2837 1208 2847 .

685 2922 939 2968 M.Vestrius
965 2924 1209 2968 Barbianus.

356 3044 477 3085 Breve
491 3038 719 3100 firmatum
742 3043 786 3081 in
801 3041 968 3085 Archino
980 3046 1193 3086 conventui
1206 3068 1219 3081 .
1257 3042 1320 3084 Vl·

359 3127 364 3131 -
413 3099 458 3141 de
481 3100 612 3157 fhpra
628 3095 711 3157 fol.
727 3111 822 3143 aaa.
835 3102 1013 3155 primam
1037 3099 1151 3155 hujus
1178 3101 1324 3154 gratie

415 3157 667 3215 concffonem
681 3189 690 3198 .

299 3398 507 3444 Domum
519 3396 790 3455 Saecularcm
810 3428 826 3451 ,
853 3394 1029 3442 Domui
1045 3390 1203 3441 nostrat
1223 3394 1326 3440 Fer-

365 3465 844 3521 rariaedominantem,
871 3461 1033 3519 vendi,
1064 3478 1115 3510 ac
1153 3477 1323 3511 canone

367 3537 408 3582 ei
432 3552 607 3584 annexo
620 3571 636 3594 ,
653 3537 783 3585 aliter
796 3529 1111 3599 compensato,
1130 3529 1322 3588 destrui,

366 3602 621 3672 Episcop0‚
661 3604 735 3656 seu
771 3609 864 3668 ejus
893 3602 1080 3654 Vicario
1104 3599 1320 3651 Generali

363 3688 618 3725 committit
634 3711 646 3723 .

415 3802 517 3844 Tom.
535 3802 587 3842 ΙΙ.

2203 204 2368 294 225

1435 351 1654 399 Venerabili
1677 350 1824 396 Fratri
1860 349 2040 407 Episcopo
2077 354 2305 397 Ferrarien.
2321 354 2400 408 sen

1455 410 1613 456 Dileffo
1625 408 1731 455 tilio
1745 438 1760 462 ‚
1771 409 2027 511 ejgznigfgalo
2041 409 2371 468 inspirantibus

1470 586 1926 640 PAULUS
1985 586 2240 634 PAPA
2292 592 2355 637 V.

1403 703 1638 747 Venerabilis
1655 706 1807 746 Frater
1821 731 1837 755 ‚
1849 702 1927 758 [ἐν
1943 698 2098 743 Ditem
2127 699 2210 744 Fili
2223 702 2397 757 salutem
2409 732 2425 755 ,

1566 762 1620 811 &-
1657 760 1910 817 apollonem
1938 759 2244 802 Benedielionem
2258 788 2270 800 .

1497 877 1631 932 Xponi
1659 878 1787 920 Nobis
1813 892 1945 934 nuper
1969 877 2068 920 fecit
2097 878 2280 921 Dilectus
2301 875 2421 918 Filius

1524 937 1772 979 Procurator
1792 937 2013 979 Generalis
2027 938 2193 978 Ordinis
2219 934 2422 976 Minoi-um

1390 999 1432 1037 S.
1472 995 1671 1038 Franciici
1709 996 2012 1051 Capucinorum
2061 1004 2381 1048 nuncupatorum
2402 1022 2417 1043 ,

1389 1052 1498 1109 quod
1513 1053 1611 1096 aliis
1628 1053 1829 1111 quondam
1844 1054 2062 1098 Polidorus
2081 1053 2133 1095 de
2155 1055 2393 1093 Mai-anetus
2404 1080 2420 1101 ,

1389 1111 1430 1153 in
1457 1112 1525 1153 suo
1544 1113 1715 1161 ultimo,
1745 1113 1856 1168 quod
1891 1112 2075 1156 condidit
2091 1139 2106 1162 ,
2130 1110 2392 1152 Testamenta
2406 1138 2422 1159 ‚

1387 1168 1456 1212 seu
1479 1170 1556 1213 alia
1573 1170 1658 1226 ejus
1676 1170 1887 1214 voluntate
1907 1201 1922 1224 ,
1952 1169 2020 1213 sub
2037 1170 2151 1228 cujus
2167 1165 2424 1223 dispolitione

1387 1229 1437 1270 ab
1453 1229 1636 1272 humanis
1651 1228 1818 1273 deceffit
1830 1259 1841 1280 ‚
1878 1229 2085 1286 quandam
2101 1231 2276 1271 Domum
2293 1238 2335 1266 in
2351 1225 2422 1265 ‹ti-

1388 1288 1517 1330 vitate
1535 1289 1761 1332 Ferrarien·
1783 1317 1797 1339 ,
1828 1287 1940 1344 juxta
1969 1290 2059 1332 suos
2084 1285 2303 1331 notissimos
2321 1281 2422 1325 fines

1387 1346 1500 1388 sitam
1514 1349 1660 1396 vendi,
1686 1346 1849 1389 &illius
1861 1347 2040 1403 pretium
2066 1348 2105 1388 in
2135 1346 2417 1400 emptionem-.-

1386 1404 1555 1447 alterius
1573 1407 1630 1448 rei
1658 1403 1871 1450 ftuctiferae
1886 1406 2116 1450 collocari,
2147 1401 2342 1460 ipsiusque
2357 1401 2420 1442 rei

1388 1474 1533 1520 emptae
1557 1462 1706 1507 fruetus
1722 1466 1968 1520 pauperibus
1994 1467 2153 1519 erogari
2178 1460 2416 1510 mandavit,

1388 1522 1490 1565 &ad
1508 1524 1611 1566 hunc
1628 1522 1970 1568 effestumeadem
1996 1524 2151 1564 Domus
2177 1522 2228 1561 ab
2258 1521 2417 1561 Execu·

1389 1582 1545 1626 toribus
1559 1610 1573 1633 ‚
1589 1579 1654 1624 seu
1673 1580 1960 1625 Commiffariis
1975 1580 2071 1621 dieti
2090 1578 2336 1621 Testamenti
2361 1574 2414 1618 ad

1385 1641 1632 1684 novennium
1648 1640 1780 1684 locata
1796 1637 1874 1684 fuit
1893 1669 1909 1693 ,
1935 1649 2057 1697 prout
2086 1637 2123 1678 in
2140 1635 2249 1679 dicto
2275 1634 2417 1677 Testa-

1386 1709 1556 1751 κηροῖο,
1593 1701 1633 1740 &
1658 1699 1935 1743 Instrumento
1965 1694 2196 1741 Locationis
2223 1693 2417 1751 predictae

1384 1757 1542 1813 plenius
1562 1758 1718 1800 dicitur
1733 1758 1961 1801 contineri.
1995 1759 2100 1798 Cum
2130 1765 2292 1801 autem,
2315 1754 2418 1794 sicut

1389 1814 1530 1858 eadem
1548 1818 1754 1871 Expositio
1768 1816 2056 1874 subjungebat,
2094 1817 2245 1857 Domus
2273 1809 2419 1865 praedi-

1388 1876 1448 1916 (ta
1462 1902 1478 1924 ,
1506 1872 1758 1930 responsione
1772 1890 1923 1927 annua,
1956 1875 2035 1917 sive
2050 1876 2220 1917 Canone
2251 1869 2317 1911 sex
2348 1869 2417 1912 Li-

1392 1933 1553 1974 brarum
1578 1946 1751 1977 monetae
1767 1935 1928 1978 illarum
1944 1932 2121 1989 partium
2134 1958 2149 1979 ‚
2173 1931 2215 1974 in
2231 1928 2416 1971 favorem

1390 1990 1622 2034 Monasterii
1640 1992 1879 2036 Monialium
1896 1994 2044 2036 Sanciae
2059 1989 2288 2033 Catharinae
2301 1987 2416 2029 dista

1388 2048 1584 2090 Civitatis
1613 2078 1628 2101 ‚
1671 2064 1717 2091 ac
1752 2051 2004 2105 praestatione
2031 2063 2162 2090 annua.
2192 2046 2411 2089 duodecim

1385 2106 1590 2149 scutorum
1605 2135 1619 2158 ‚
1634 2106 1683 2149 ad
1698 2109 1963 2150 commodum
1983 2107 2124 2148 oili-eti
2145 2105 2219 2148 Fili
2235 2105 2412 2146 Vincen-

1386 2166 1431 2207 tii
1447 2165 1583 2210 Silone
1598 2194 1614 2216 ,
1642 2166 1807 2208 Ordinis
1839 2170 2021 2209 Fratrum
2041 2168 2260 2207 Servorum
2280 2164 2411 2204 Beatae

1386 2224 1522 2267 Mariae
1537 2222 1701 2267 Profeffi
1714 2254 1730 2276 ,
1748 2225 1833 2282 ejus
1852 2227 1931 2268 vita
1948 2224 2150 2271 durante,
2165 2231 2328 2279 gravata
2347 2218 2409 2269 fit,

1385 2282 1456 2326 illa
1469 2285 1566 2327 vcro
1580 2282 1675 2325 loco
1687 2313 1702 2334 ‚
1727 2284 1769 2326 in
1785 2298 1866 2339 quo
1882 2297 1982 2326 nova
1999 2285 2156 2326 Domus
2188 2283 2414 2323 Fratrum..-

1383 2342 1686 2397 Capucinorum
1703 2342 1972 2386 construenda
1987 2341 2045 2384 est
2054 2370 2071 2392 ,
2089 2341 2143 2383 ita
2161 2338 2411 2386 dominetur,

1384 2412 1426 2443 ut
1440 2427 1454 2451 ,
1471 2399 1536 2441 nifi
1555 2401 1801 2444 demoliatur
1815 2431 1831 2454 ‚
1861 2400 2102 2445 eorumdem
2121 2401 2306 2441 Fratrum
2324 2398 2408 2437 Do-

1383 2461 1463 2501 mui
1490 2459 1690 2515 Regulari
1722 2460 1998 2503 construendae
2028 2471 2176 2513 magno
2205 2454 2341 2498 futura
2365 2452 2408 2518 sit

1380 2518 1668 2568 incommodo,
1691 2519 1735 2562 δι
1751 2529 1971 2575 propterea
1998 2514 2185 2559 nonnulli
2216 2514 2267 2567 pii
2284 2511 2408 2555 Chri-

1380 2574 1570 2619 stifideles
1586 2576 1636 2618 ad
1663 2577 1768 2628 hoc,
1797 2588 1840 2619 ut
1859 2576 1928 2618 illa
1947 2575 2139 2617 demoliri
2157 2570 2270 2627 posiit
2286 2598 2300 2619 ,
2333 2582 2406 2623 pro

1382 2633 1581 2677 solutione
1599 2633 1883 2688 responsionis,
1896 2634 1966 2673 seu
1979 2630 2159 2672 Canonis
2176 2628 2407 2675 Librarum,

1381 2694 1419 2734 δι
1443 2691 1693 2746 praestatione
1730 2690 2005 2745 pra-dictorum
2031 2687 2247 2730 duodecim
2276 2683 2408 2746 scuto·

1382 2762 1475 2791 rum
1500 2747 1752 2804 hujusmodi,
1791 2745 1872 2790 sese
1901 2747 2115 2803 obligare,
2145 2746 2185 2785 &
2210 2742 2406 2784 oneribus

1381 2805 1608 2862 hujusmodi
1625 2807 1799 2849 Domum
1826 2805 2057 2861 praediflam
2067 2800 2409 2846 demoliendam.)

1384 2865 1559 2907 liberare
1585 2861 1753 2907 offerant
1769 2893 1783 2916 ‚
1819 2865 1995 2919 dictique
2033 2864 2315 2909 Executores‚
2339 2855 2406 2923 seu

1383 2920 1649 2970 Commiffarii
1666 2922 1827 2964 minime
1843 2922 2068 2965 reclament
2086 2950 2097 2962 .
2136 2919 2265 2962 Nobis
2281 2917 2408 2957 idcir·

1381 2995 1432 3025 co
1452 2981 1579 3023 dietus
1596 2983 1841 3023 Procurator
1869 2979 2079 3022 humiliter
2107 2975 2320 3039 supplicari
2349 2972 2406 3015 fe·-

1379 3040 1498 3090 cit‚ut
1514 3039 1628 3095 super
1641 3037 1836 3093 praemiffis
1853 3036 2138 3094 providere‚de
2153 3034 2406 3087 benignitate

1381 3097 1613 3153 Apostolica
1635 3096 1919 3152 dignaremur.
1951 3100 2038 3140 Nos
2061 3096 2183 3151 igitur
2206 3094 2406 3134 Procura-

1383 3165 1516 3200 torem
1530 3154 1781 3198 Generalem
1793 3181 1807 3204 ,
1836 3156 1876 3197 ἃ,
1893 3158 2055 3198 Fratres
2073 3154 2251 3196 Minores
2267 3150 2406 3199 Capu-
2446 3188 2450 3190 a

1382 3217 1495 3259 cinos
1514 3223 1765 3268 nuncupatos
1782 3213 2028 3267 huiusmodi,
2042 3210 2276 3269 specialibus
2290 3204 2403 3247 favo-

1382 3273 1520 3322 ribus,
1544 3272 1736 3326 &gratiis
1750 3271 1933 3329 prosequi
1961 3272 2170 3319 volentes,
2197 3268 2235 3308 &
2261 3276 2404 3305 eorum

1385 3329 1603 3386 fiagulares
1617 3328 1805 3385 personas
1817 3330 1838 3373 a
1856 3328 2055 3387 quibusvis
2069 3330 2147 3369 &c-
2163 3322 2374 3368 censentes
2386 3348 2404 3372 ,

1387 3388 1612 3446 hujusmodi
1626 3387 1977 3445 supplicationibus
1995 3384 2173 3447 inclinati
2189 3412 2203 3433 ‚
2238 3383 2407 3446 Frater7

1382 3450 1498 3492 nitati
1512 3449 1608 3490 Tuae
1622 3475 1636 3496 ,
1665 3448 1809 3491 Frater
1825 3444 2020 3502 Episcope
2036 3471 2051 3493 ‚
2078 3442 2144 3484 {eu
2163 3434 2404 3506 Discretioni

1383 3507 1508 3559 Tuae,
1536 3505 1612 3548 Fili
1634 3506 1823 3558 vicarie,
1855 3519 1926 3561 per
1952 3501 2163 3560 praesentes
2185 3507 2404 3542 committi·

1383 3565 1534 3612 mim&
1554 3561 1788 3606 mandamus
1807 3593 1823 3617 ,
1853 3573 1898 3605 ut
1921 3562 2025 3604 veris
2040 3557 2297 3602 existentibus
2312 3569 2405 3598 nar·

1382 3622 1479 3665 ratis
1492 3650 1509 3674 ‚
1534 3622 1573 3662 &
1600 3621 1802 3678 postquam
1818 3635 1893 3677 pro
1908 3620 2106 3662 solutione
2119 3630 2288 3661 onerum
2303 3627 2404 3670 prae-

1381 3680 1580 3724 diciorum
1599 3680 1885 3722 Creditoribus
1901 3676 2048 3721 idonee
2063 3674 2187 3720 suerit
2212 3683 2374 3718 cautum
2388 3696 2404 3717 2

1381 3739 1593 3783 Fratribus
1615 3738 1837 3783 Minoribus
1850 3735 2071 3835 Cfapucinia
2095 3733 2289 3795 predictis
2318 3732 2405 3771 Do·

2241 3802 2347 3833 mum
