2762 4108
327 355 434 395 etum
447 262 613 391 {rrum
628 344 795 404 prefatis
813 342 1117 399 FECapucinis
1129 357 1203 397 pro
1218 353 1361 383 eorum

332 414 470 453 Domo
485 434 499 456 ,
528 407 568 447 &
580 405 761 448 Ecclefia
779 407 817 448 in
830 405 937 448 dicto
952 398 1296 446 hortoadificand
1304 401 1332 439 is
1346 426 1361 450 ,

330 481 424 510 cum
447 465 631 521 juribus,
660 466 701 506 δε
724 462 981 522 pertinentiis
1002 459 1077 502 suis
1098 458 1289 503 univerfis
1318 458 1359 499 in

326 535 570 584 perpetuum
583 523 710 575 dare,
745 524 912 566 tradere
927 550 940 573 ,
969 518 1240 575 &affignare,
1269 515 1359 573 ipsis

325 583 430 628 vero
446 584 655 626 Fratribus
673 582 915 638 Capucinis,
933 590 973 620 ut
988 579 1177 621 eumdem
1193 578 1355 619 hortum

328 643 381 687 ab
400 642 548 686 eodem
566 642 743 683 Horatio
768 641 818 683 ad
841 640 1023 682 effe-stum
1038 651 1179 679 eorum
1207 634 1354 677 Eccle-

326 704 422 745 fiam
435 730 451 752 ,
480 701 521 741 δι
534 702 709 742 Domum
722 700 868 742 ibidem
884 726 898 748 ,
928 708 969 739 ut
986 693 1195 752 praefertur
1208 722 1223 744 ,
1253 707 1356 737 con-

327 759 537 809 struendi,
569 758 753 814 recipere
766 787 780 810 ,
810 759 850 799 δι
866 756 1064 812 perpetuo
1079 756 1262 797 retinere
1276 780 1291 803 ,
1307 751 1357 793 li-

329 819 459 866 bere,
488 815 654 860 &licite
680 816 900 872 respefitive
931 815 1123 865 valcant,
1154 812 1248 854 data
1283 824 1356 866 per

329 877 457 933 ipsum
495 876 710 921 Horatium
726 903 741 926 ,
773 885 814 916 ut
857 871 1067 929 praefertur
1085 900 1099 922 ‚
1129 870 1357 913 cautione,-

327 934 644 990 Consanguineis
660 962 675 984 ,
707 933 893 976 videlicet
922 946 996 986 pro
1019 930 1168 972 summa
1186 929 1358 971 duorum

329 995 503 1038 millium
518 995 736 1043 scutorum,
754 995 776 1035 a
793 989 949 1045 praefata
975 987 1206 1045 poffeffione
1227 997 1362 1028 extra-

331 1052 592 1103 hendorum,
623 1052 863 1106 pauperibus
884 1049 982 1092 vero
1011 1046 1159 1092 Christi
1190 1041 1360 1100 praefatis

334 1126 410 1169 pro
422 1109 579 1153 refiduo
594 1110 712 1164 pretii
729 1107 904 1165 ejusdem
920 1104 1160 1162 pofleffionis
1175 1132 1188 1154 ,
1199 1103 1249 1145 ad
1266 1104 1359 1154 hoc,

335 1180 380 1215 ut
399 1169 525 1211 statim
540 1167 757 1209 deficiente
772 1165 949 1222 ejusdem
977 1162 1253 1205 Hora'tiilinea
1269 1191 1282 1212 ‚
1298 1161 1360 1202 di-

335 1232 397 1270 &a
410 1227 492 1270 duo
506 1225 631 1267 millia
648 1224 850 1268 scutorum
870 1220 1187 1277 Consanguineis
1201 1218 1359 1261 solvan-

337 1299 431 1333 tur,
461 1283 760 1339 &pauperibus
776 1296 854 1338 per
884 1276 1285 1323 Fideicommiffarios
1309 1279 1368 1322 di-

336 1349 404 1388 &ae
417 1343 657 1386 Constantiae
673 1340 872 1383 residuum
887 1339 1008 1395 pretii
1032 1337 1149 1392 ipfius
1165 1334 1365 1392 poffeffio-

336 1404 400 1449 nis
415 1400 674 1442 distribuatur
685 1427 699 1450 ,
728 1399 783 1440 ita
798 1399 905 1454 quod
920 1395 989 1452 ipfi
1009 1399 1174 1439 Fratres
1187 1395 1360 1452 Capuci-

335 1462 377 1505 ni
392 1458 507 1502 nullo
520 1473 693 1515 unquam
706 1468 891 1513 tempore
903 1456 955 1498 ab
969 1457 1087 1498 horto
1101 1451 1266 1511 praefato
1280 1484 1293 1506 ‚
1309 1455 1356 1497 il-

337 1517 493 1574 liusque
516 1520 588 1560 situ
604 1547 620 1569 ,
651 1519 690 1560 8<
715 1530 856 1559 eorum
888 1512 1117 1571 poffeffione
1143 1528 1212 1568 per
1230 1514 1365 1557 Fidei-

337 1574 609 1621 comniffarios
623 1604 636 1627 ,
648 1578 688 1618 δε
700 1588 896 1631 pauperes
906 1573 1054 1616 Christi
1070 1572 1253 1628 praefatos
1266 1599 1280 1621 a
1295 1582 1362 1616 aut

339 1636 440 1679 alios
485 1633 781 1692 quoscumque,
811 1634 952 1690 quavis
987 1632 1226 1674 auftoritate
1240 1662 1255 1683 ‚
1299 1631 1366 1674 vel

339 1702 536 1752 praetextu
580 1692 673 1749 ejici
701 1722 715 1744 ,
745 1692 896 1748 expelli
920 1718 934 1738 ,
965 1691 1031 1734 vel
1057 1691 1266 1742 amoveri,
1297 1699 1367 1733 aut

345 1754 445 1798 alias
472 1752 645 1809 desuper
670 1750 978 1808 quomodolibet
1011 1749 1241 1801 molestari,
1270 1763 1364 1804 per-

341 1812 527 1863 turbari,
559 1811 799 1866 inquietari,
833 1810 894 1854 vel
909 1809 1094 1864 impediri
1110 1807 1250 1865 poffint
1266 1837 1281 1859 ,
1299 1807 1363 1850 vel

343 1871 552 1922 debeant,
581 1870 760 1925 quinimo
790 1870 856 1924 ipfi
885 1882 959 1924 pro
987 1869 1088 1909 veris
1116 1867 1363 1925 pauperibus

340 1928 491 1973 Christi
510 1957 525 1980 ,
555 1928 686 1984 quoad
718 1928 868 1970 distum
915 1928 1074 1968 hortum
1118 1924 1364 1982 consequen-

341 1987 439 2030 dum
457 2015 471 2038 ‚
501 1988 625 2029 etiam
639 1998 838 2042 tamquam
864 1985 887 2027 fi
908 1985 972 2041 ipfi
990 1988 1153 2028 Fratres
1167 1983 1366 2039 Capucini

341 2047 393 2089 ab
408 2044 552 2088 eadem
572 2045 806 2089 Constantia
820 2043 868 2087 ad
884 2043 1105 2101 hujusmodi
1119 2045 1280 2086 hortum
1298 2044 1367 2085 ha-

343 2103 523 2147 bendum
537 2103 725 2158 expresse
739 2103 856 2145 electi
870 2131 884 2154 ,
914 2118 959 2145 ac
974 2103 1170 2145 nominati
1187 2100 1363 2152 fuissent,

341 2161 505 2217 ipsaque
521 2163 753 2205 Constantia
768 2162 862 2205 illos
879 2162 917 2203 in
936 2160 1116 2216 ejusdem
1145 2162 1254 2204 horti
1277 2161 1360 2215 pos·

341 2220 548 2265 senionem
559 2221 682 2264 etiam
696 2236 743 2264 ex
763 2231 859 2263 tunc
874 2218 1088 2263 immiliffet
1103 2249 1117 2271 ,
1148 2221 1364 2263 austerita-

342 2289 387 2323 te
402 2279 529 2322 nostra
545 2281 762 2330 concedas,
778 2282 814 2320 &
834 2278 1070 2333 indulgeas3
1086 2294 1246 2322 necnon
1262 2276 1362 2334 ipsos

344 2340 513 2382 Fratres
528 2339 759 2394 Capucinos
773 2368 788 2388 ,
806 2339 929 2379 etiam
946 2348 1148 2394 tamquam
1162 2351 1363 2393 pauperes

347 2395 499 2439 Christi
525 2398 563 2438 in
588 2398 724 2438 locum
740 2396 1081 2451 supradictorum,
1110 2398 1150 2437 &
1174 2410 1365 2453 quorum-

346 2467 524 2509 cumque
551 2454 724 2497 aliorum
746 2458 974 2509 Pauperum
997 2454 1145 2496 Christi
1162 2483 1174 2504 ‚
1208 2469 1280 2509 per
1304 2455 1366 2497 di-

347 2517 453 2555 etam
468 2513 744 2555 Constantiam
766 2541 780 2563 ,
809 2514 852 2553 in
877 2515 964 2566 ejus
983 2512 1238 2554 Testamento
1269 2526 1367 2567 prae-

354 2570 469 2619 fato,
498 2572 536 2612 in
561 2585 743 2627 genere,
774 2580 817 2612 ut
845 2569 1075 2625 praefertur,
1109 2580 1371 2618 vocatorum,

349 2629 482 2688 quoad
509 2629 699 2671 eumdem
729 2629 889 2669 hortum
916 2630 956 2670 in
983 2629 1170 2671 omnibus
1187 2657 1201 2679 ,
1230 2631 1267 2670 δι
1299 2643 1371 2684 per

348 2689 482 2731 omnia
506 2701 556 2728 ex
574 2701 677 2729 nunc
693 2687 815 2729 etiam
829 2687 868 2727 in
887 2697 1129 2742 perpetuum
1157 2686 1342 2741 surroges
1355 2716 1369 2738 ,

346 2759 470 2804 ponas
484 2745 670 2799 penitus,
699 2747 739 2787 &
752 2745 956 2788 substituas
969 2773 982 2795 ,
999 2746 1112 2788 dictae
1134 2746 1367 2788 Testatricis

347 2804 608 2849 voluntatem
624 2833 639 2856 ,
670 2805 792 2846 etiam
808 2803 942 2859 quoad
957 2805 1032 2846 boc
1047 2804 1274 2859 opportune
1291 2833 1304 2853 ‚
1333 2805 1372 2845 &

347 2862 593 2905 sufficienter
628 2862 918 2906 commutando
932 2892 943 2903 .
987 2865 1080 2904 Non
1123 2862 1372 2905 obstantibus

348 2921 544 2977 praemiffis
556 2947 570 2970 ,
601 2936 646 2964 ac
662 2922 870 2966 voluntate
887 2920 1116 2964 Testatricis
1132 2920 1373 2978 hujusmodi,

348 2982 388 3022 &
405 2979 724 3023 Fideicommiffo
740 2976 934 3037 praefat0‚
964 2981 1004 3021 &
1030 2979 1231 3036 quibusvis
1258 2983 1371 3023 Con-

350 3038 620 3082 stitutionibus
636 3067 650 3090 ‚
680 3041 718 3081 &
742 3038 1076 3082 Ordinationibus
1096 3039 1339 3095 Apostolicis
1355 3067 1370 3090 ,

350 3112 507 3140 necnon
522 3098 644 3140 etiam
661 3099 851 3142 Civitatis
870 3098 1043 3154 Regien.
1056 3096 1272 3140 &Ordinis
1289 3101 1374 3141 Ca-

353 3157 592 3212 pucinotum
626 3157 932 3210 praedictorum,
962 3157 1084 3200 etiam
1110 3156 1370 3214 juramento,

352 3213 675 3259 Confirmatione
687 3216 917 3270 Apostolica
932 3242 945 3265 ,
977 3216 1042 3258 vel
1058 3216 1197 3272 quavis
1209 3216 1284 3258 alia
1299 3213 1369 3257 fir-

352 3274 494 3317 mitate
510 3274 711 3317 roboratis
725 3274 881 3317 statutis
899 3302 913 3324 ,
942 3276 982 3316 &
998 3273 1369 3327 consuetudinibus,

355 3332 508 3386 legibus
529 3362 543 3385 ,
594 3334 718 3375 etiam
752 3333 1062 3388 municipalibus
1084 3361 1097 3383 ,
1139 3333 1366 3389 privilegiis

354 3405 514 3446 quoque
530 3421 543 3442 ‚
571 3392 738 3434 indultis
753 3418 767 3440 ‚
793 3393 833 3434 δι
860 3391 991 3433 literis
1008 3391 1249 3448 Apostolicis
1264 3419 1277 3442 ,
1310 3390 1378 3434 sub

355 3449 672 3506 quibuscumque
697 3451 930 3500 tenoribus,
960 3453 998 3494 8<
1016 3449 1186 3503 formis,
1216 3450 1379 3493 etiam-a

357 3518 467 3549 motu
495 3511 691 3564 propri0‚
724 3510 1048 3553 consistorialiter
1073 3539 1087 3561 ,
1118 3524 1164 3551 ac
1191 3510 1277 3552 aliis
1304 3510 1375 3553 itu

356 3569 599 3609 contrarium
626 3568 935 3625 quomodolibet
963 3569 1149 3612 conceffis
1172 3598 1188 3620 ,
1226 3566 1377 3611 confir-

358 3625 475 3666 matis
490 3653 504 3675 ,
517 3628 767 3671 &innovatis
783 3658 795 3670 .
826 3628 988 3685 Qibus
1002 3629 1185 3670 omnibus
1197 3657 1211 3679 ,
1227 3625 1380 3670 etiamsi

356 3679 409 3721 de
426 3682 504 3724 illis
530 3685 711 3739 specialis
728 3717 741 3739 ,
769 3690 809 3730 δι
825 3685 1006 3743 specifica
1025 3687 1181 3730 mentio
1197 3686 1379 3730 habenda

354 3738 452 3784 effer
466 3771 481 3792 ,
498 3741 578 3784 illis
590 3744 684 3786 alias
700 3746 737 3787 in
754 3745 821 3788 suo
837 3746 985 3789 robore
1003 3745 1264 3801 permansuris
1278 3775 1293 3796 ,
1306 3746 1379 3787 hac

355 3799 441 3841 vice
455 3800 647 3845 duntaxat
663 3802 886 3860 specialiter
905 3834 919 3859 ,
952 3807 992 3849 δι
1007 3805 1192 3862 expresse
1207 3803 1379 3860 deroga-

1076 221 1638 313 Provincia

1422 352 1507 382 mus
1524 367 1540 390 ,
1571 334 1798 392 ceterisque
1811 335 2025 379 contrariis
2043 335 2356 393 quibuscumque
2371 367 2383 380 .

1483 401 1634 441 Datum
1659 398 1798 439 Romae
1823 399 1929 451 apud
1970 398 2155 439 Sandtum
2187 398 2351 438 Petrum
2386 395 2455 440 sub

1420 457 1588 500 Annulo
1598 453 1806 499 Piscatoris
1820 453 1887 496 die
1912 468 1951 495 v.
1965 456 2209 496 Decembris
2227 469 2449 510 Mntxxm,

1421 514 1687 559 Pontificatus
1702 512 1838 558 Nostri
1857 526 1960 557 anno
1975 511 2152 556 secundo
2169 546 2180 555 .

1455 635 1574 675 Breve
1572 629 1702 690 form.
1728 631 1772 671 In
1786 628 1956 672 Archivo
1974 629 2185 673 Provincias
2207 661 2220 674 .

1414 768 1816 784 ——u—-——
1823 769 1987 781 —=—

1419 864 1666 918 Ecclesiam
1698 866 1895 914 ruralem
1933 867 2084 915 Sanffi
2112 870 2375 930 Laurentii,
2407 873 2454 922 in

1492 937 1750 988 Territorio
1768 932 1942 986 Casalis
1961 939 2151 999 Majoris
2167 938 2448 1001 existentem,

1489 1008 1516 1055 a
1544 1005 1840 1074 Praepofitura
1870 1010 1917 1055 S.
1940 1006 2147 1056 Abundii
2189 1012 2450 1071 Cremonae,

1490 1079 1615 1145 prius
1642 1077 1699 1126 ad
1727 1075 1956 1126 Ordinem
1974 1079 2343 1130 Humiliatorum
2361 1080 2457 1150 spe-

1489 1148 1637 1198 &ante
1651 1182 1668 1206 ‚
1705 1144 1753 1197 ὅ(
1768 1146 1919 1214 postea
1937 1148 1982 1196 in
2002 1150 2343 1201 Commendam
2363 1158 2451 1202 Ar-

1489 1219 1712 1287 changelo
1728 1218 1964 1268 Cardinali
1979 1220 2211 1269 Theanen.
2228 1239 2461 1291 nuncupa·

1496 1303 1548 1338 to
1573 1285 1814 1346 concessa,
1844 1306 1951 1337 cum
1983 1304 2095 1358 agro
2114 1293 2337 1360 contiguo
2366 1293 2457 1344 dis-

1491 1359 1741 1410 membrari
1757 1395 1773 1417 ,
1799 1357 1847 1409 ὅ(
1863 1361 2096 1410 Fratribus
2109 1378 2194 1427 pro
2212 1362 2456 1415 habitatio-

1489 1448 1543 1480 ne
1560 1466 1576 1490 ,
1601 1429 1649 1482 ἃ
1676 1428 1757 1480 usu
1773 1427 2029 1498 consignari
2043 1432 2277 1500 indulget.

1423 1534 1936 1613 GREooRIUs
2008 1563 2457 1619 EPIscorth

1682 1690 1822 1731 Servus
1850 1690 2058 1731 Servorum
2093 1690 2173 1730 Dei
2187 1718 2198 1730 .

1548 1806 1589 1847 D
1610 1805 1897 1861 exequendum
1924 1806 2134 1849 Pastoralis
2172 1806 2293 1850 officii
2337 1807 2456 1852 debi-

1575 1873 1660 1906 tum
1689 1865 1946 1920 vigilantibus
1982 1864 2117 1908 studiis
2153 1865 2447 1920 intendentes,

1425 1925 1527 1966 votis
1547 1921 1654 1974 illis,
1687 1937 1758 1978 per
1785 1937 1869 1979 quae
1898 1925 2198 1979 Religiosarum
2226 1929 2454 1969 Domorum

1426 1982 1721 2033 erectionibus,
1752 1983 1792 2023 δι
1817 1982 1956 2025 inillis
1987 1982 2133 2027 divinis
2159 1985 2338 2028 laudibus
2365 1985 2459 2028 infi-

1427 2041 1529 2084 stere
1556 2040 1841 2096 cupientibus,
1871 2042 2091 2096 praesertim
2133 2042 2206 2084 sub
2237 2044 2454 2098 Regularis

1421 2098 1684 2143 observantia:
1699 2099 1934 2155 disciplina,
1966 2100 2182 2144 mundanis
2204 2101 2372 2159 abjectis
2402 2103 2456 2144 il-

1423 2158 1597 2202 lecebris
1616 2187 1629 2210 ,
1660 2157 1789 2200 studio
1809 2160 1879 2213 piae
1899 2161 1987 2201 vitae
2012 2161 2243 2203 vacantium
2258 2161 2459 2203 Persona-

1423 2217 1832 2268 rumsustentationi,
1863 2218 2227 2268 &commoditati,
2264 2219 2329 2262 vel
2348 2219 2456 2262 divi-

1423 2274 1608 2321 nicultfis
1622 2285 1842 2330 augmento
1860 2276 1992 2319 valeat
2021 2278 2236 2320 salubriter
2261 2279 2457 2334 provide-

1426 2337 1488 2387 ri,
1520 2334 1699 2377 libenter
1725 2335 1934 2377 annuimus
1952 2360 1966 2383 ,
1998 2349 2045 2377 ac
2073 2350 2146 2387 ea,
2181 2347 2302 2391 prout
2330 2351 2457 2393 expe-

1425 2396 1516 2437 dire
1530 2393 1796 2448 conspicimus
1810 2421 1824 2444 ,
1856 2390 2063 2436 favoribus
2079 2393 2362 2452 prosequimur
2376 2411 2451 2452 op-

1427 2452 1609 2510 portunis
1625 2480 1637 2491 .

1485 2512 1589 2553 Sane
1616 2509 1796 2551 Dilectus
1829 2510 1954 2554 Filius
1991 2511 2140 2554 Noster
2175 2511 2459 2569 Archangelus

1433 2569 1616 2612 TituliS.
1634 2570 1793 2611 Caesarii
1823 2569 1861 2611 in
1880 2570 2040 2613 Palatio
2057 2599 2071 2621 ,
2103 2572 2324 2625 Presbyter
2353 2575 2459 2613 Car-

1430 2627 1572 2670 dinalis
1589 2628 1800 2669 Theanen.
1817 2639 2066 2684 nuncupatus
2079 2659 2094 2680 ,
2127 2630 2195 2685 qui
2212 2631 2451 2683 Praepolitu-

1429 2700 1511 2729 ram
1537 2684 1766 2728 S.Abundii
1782 2690 2033 2730 Cremonen.
2060 2687 2159 2730 olim
2178 2688 2341 2730 Ordinis
2367 2691 2459 2731 Hu-

1430 2745 1701 2795 miliatorum,
1731 2758 1835 2786 nunc
1852 2744 2066 2801 suppreffi,
2096 2747 2199 2788 &ad
2217 2746 2451 2790 secularita-

1432 2814 1517 2846 tem
1542 2802 1771 2858 Apostolica
1798 2806 2042 2847 auctoritate
2070 2806 2250 2857 redac'ti,
2281 2820 2332 2848 ex
2357 2820 2461 2848 con·

1431 2861 1630 2913 cessione,
1659 2863 1700 2903 δι
1720 2860 2014 2916 dispensatione
2028 2865 2262 2920 Apostolica
2282 2866 2317 2905 in
2333 2866 2460 2907 Com-

1433 2920 1620 2964 mendam
1634 2949 1649 2972 ,
1679 2921 1729 2964 ad
1744 2920 1828 2978 ejus
1845 2926 1966 2963 vitam
1980 2922 2140 2965 obtinet
2155 2952 2170 2974 ,
2186 2924 2313 2965 Nobis
2331 2938 2458 2979 nuper

1433 2978 1647 3034 exposuit,
1677 2981 1786 3036 quod
1815 2978 1897 3034 ipse
1913 2983 2193 3036 Archangelus
2221 2981 2453 3025 Cardinalis

1431 3037 1754 3083 animadvertens
1779 3067 1794 3090 ,
1822 3041 1980 3083 Fratres
2020 3041 2184 3083 Ordinis
2213 3041 2458 3083 Minoi-um.)

1433 3097 1666 3153 Capucinos
1703 3108 1982 3153 nuncupatos,
2016 3098 2266 3143 diversarum
2302 3101 2461 3141 Domo-

1433 3170 1521 3199 rum
1561 3156 1844 3200 Cremonensis
1871 3186 1885 3208 ‚
1923 3160 1963 3199 &
1997 3159 2165 3201 aliarum
2203 3157 2462 3199 vicinarum-2

1432 3214 1666 3259 Dioecesum
1704 3214 1981 3270 eleemosynas
2007 3246 2021 3268 ,
2068 3232 2140 3273 pro
2186 3229 2328 3259 eorum
2368 3213 2460 3257 sub-

1430 3274 1673 3317 stentatione
1697 3271 1927 3318 necessarias
1942 3304 1955 3327 ,
1984 3275 2197 3331 praesertim
2213 3284 2459 3329 tempore-v

1428 3333 1622 3388 hyemali,
1638 3334 1677 3375 in
1694 3333 1773 3374 illis
1790 3334 1967 3389 partibus
1983 3363 1997 3386 ,
2012 3335 2032 3376 a
2048 3333 2298 3377 Civitatibus
2315 3361 2328 3383 ,
2345 3334 2384 3374 &
2399 3332 2464 3374 lo-

1438 3393 1524 3443 cis,
1555 3388 1624 3434 seu
1637 3392 1796 3448 oppidis
1812 3393 1977 3436 remotis
1993 3421 2006 3444 ,
2037 3401 2207 3448 propter
2228 3406 2368 3446 magna
2389 3387 2462 3432 fri-

1439 3464 1564 3507 gora,
1597 3452 1742 3503 nives,
1774 3453 1814 3493 &
1839 3451 1991 3508 glacies
2020 3451 2236 3505 exquirere
2270 3451 2459 3502 ςοαξὶοε,

1437 3509 1609 3554 maxima
1636 3510 1892 3553 incommoda
1915 3509 2029 3564 pati,
2059 3510 2097 3552 8<
2123 3519 2292 3564 propter
2319 3523 2464 3552 eorum

1438 3572 1563 3612 vitam
1579 3569 1884 3626 exemplarem,
1915 3569 1953 3609 ac
1986 3567 2211 3622 regularem
2226 3567 2353 3610 divini
2379 3568 2463 3610 cul.

1440 3626 1502 3670 tiis
1529 3627 1852 3674 observantiam,
1882 3626 2032 3682 populo
2062 3627 2223 3670 illarum
2250 3626 2466 3683 partium.»

1439 3697 1573 3742 gratos
1590 3716 1604 3739 ,
1634 3689 1673 3729 δι
1690 3696 1881 3741 acceptos
1910 3685 2018 3737 effe-3
2050 3696 2094 3728 ut
2113 3686 2276 3728 illorum
2296 3684 2463 3730 neceffie

1440 3747 1587 3788 tatibus
1609 3746 1862 3788 subveniatur
1879 3740 2060 3795 facilius,
2089 3747 2128 3786 &
2156 3743 2460 3787 commoditatie

1438 3804 1782 3857 busconsulatur,
1813 3803 2014 3857 ruralem,
2045 3804 2178 3848 &sine
2193 3819 2288 3849 cura
2305 3802 2458 3903 {celes

2324 3875 2400 3903 iam
