2774 4068
1147 153 1620 244 Romana.

321 269 640 322 Donationem
673 266 877 340 supet-itis
908 262 1079 315 distam
1097 301 1114 325 ,
1162 274 1358 339 Aposto-

390 342 487 392 licae
518 341 749 410 potestatis
768 336 1053 405 plenitudine
1077 338 1322 392 confirmat
1338 381 1354 404 ‚

391 412 591 464 &illius
620 409 939 460 executionem
971 408 1167 474 Juliano
1206 412 1353 462 Caesa.

389 486 490 534 rino
519 479 671 538 Duci‚
705 476 755 531 δι
788 479 945 530 Terrae
977 477 1104 528 illius
1147 484 1355 533 Domino

385 551 642 606 committit
659 585 672 599 .

320 648 859 741 ALEXANDER
921 678 1135 731 PAPA
1211 684 1359 732 v11.

535 797 806 860 adfuturam
817 803 879 844 rei
891 802 1121 843 memoriam
1134 827 1147 841 .

317 888 641 1040 ALiisipro
671 929 788 976 parte
818 918 966 963 Dileeti
998 918 1126 971 Filii,
1155 925 1250 963 tunc
1275 917 1364 960 exi-

474 979 614 1024 stantis
647 978 878 1025 Guardiani
923 977 1168 1022 Conventus
1206 990 1365 1035 prope,
1388 1000 1403 1010 x

314 1044 356 1085 δι
387 1051 506 1084 extra
533 1039 688 1084 moenia
715 1040 853 1082 Terrae
883 1038 1116 1093 Cynthiani
1158 1038 1364 1082 Albanen.

316 1101 519 1144 Dioecesss
534 1101 616 1151 (iti,
631 1097 797 1143 Ordinis
826 1098 1020 1139 Fratrum
1048 1099 1255 1141 Minorum
1270 1101 1366 1141 San.

314 1160 369 1203 sti
387 1159 587 1204 Francisci
601 1156 910 1213 Capucinorum
926 1158 1366 1213 nuncupatorum,No-

316 1222 378 1264 bis
395 1217 602 1277 exposito,
627 1215 738 1273 quod
757 1245 770 1267 ,
789 1214 1006 1258 cumidem
1026 1220 1270 1261 Conventus
1283 1228 1368 1257 ma-

316 1283 426 1324 xima
440 1291 631 1335 aquarum
652 1286 737 1318 tam
755 1276 946 1318 Fratrum
970 1276 1013 1318 in
1039 1291 1090 1319 eo
1105 1289 1363 1320 commoran-

317 1341 421 1383 tium
450 1336 581 1381 ufibus
602 1365 617 1388 ,
647 1337 771 1391 quam
799 1335 953 1386 horto,
985 1335 1153 1392 aliisque
1167 1334 1365 1379 membris

316 1398 439 1457 iplius
466 1392 711 1439 Conventus
741 1392 1059 1437 neceffariarum
1098 1397 1271 1452 penuria
1303 1394 1363 1437 la-

317 1459 518 1508 boraret,
551 1455 660 1498 inter
683 1452 762 1496 alia
795 1456 899 1498 vero
918 1453 1012 1496 loca
1036 1454 1275 1498 Conventui
1291 1455 1367 1496 hu-

317 1515 490 1574 jusmodi
534 1514 691 1561 vicina,
715 1513 757 1555 in
789 1512 1026 1556 Territorio
1057 1515 1197 1558 Terrae
1242 1513 1365 1557 Nemi

320 1585 585 1630 nuncupatae,
616 1572 800 1629 ejusdem
832 1573 1030 1615 Dioecefis
1052 1602 1066 1626 ,
1111 1587 1192 1617 non
1233 1572 1363 1621 solum

322 1636 464 1691 ingens
489 1647 682 1689 aquarum
710 1630 827 1684 copia
851 1631 1076 1683 existeret,
1102 1632 1172 1677 sed
1200 1632 1366 1676 etiam&

322 1692 613 1738 nonnullorum
631 1690 938 1746 aquaeduciuum
961 1691 1227 1747 antiquorum
1245 1720 1258 1743 ,
1291 1706 1365 1746 per

320 1766 422 1809 quos
433 1764 578 1806 aquae,
595 1749 695 1792 ficut
711 1749 933 1802 antiquitus
957 1749 1141 1792 fluebant
1156 1779 1171 1800 ,
1204 1752 1259 1793 ita
1281 1750 1362 1794 for-

321 1812 388 1855 san
414 1812 456 1852 &
485 1820 584 1852 tunc
600 1836 613 1858 ,
640 1807 666 1850 fi
686 1803 870 1861 dispersae
891 1819 1148 1863 congregatae
1175 1806 1364 1862 fument,

320 1872 484 1920 fluere,
514 1870 555 1910 &
583 1865 632 1910 ad
657 1866 810 1909 dietum
845 1869 1113 1910 Conventum
1149 1868 1247 1912 duci
1289 1883 1362 1924 po·

319 1926 511 1975 tuissent,
560 1924 725 1982 vestigia
765 1925 1077 1982 reperirentur,
1109 1926 1192 1983 ipse
1224 1930 1361 1971 Guar-

319 1988 463 2032 dianus
477 1983 641 2028 eosdem
657 1983 911 2040 aquaedutstus
930 1984 1191 2042 investigari,
1224 1986 1362 2044 aquaf-

319 2060 401 2104 que
427 2043 620 2101 dispersas
643 2044 684 2086 in
707 2043 799 2085 illos
825 2047 1094 2100 congregari,
1121 2046 1228 2090 &ad
1256 2060 1359 2091 eun-

320 2106 418 2149 dem
446 2108 711 2148 Conventum
743 2102 864 2155 duci,
896 2102 992 2155 seu,
1027 2106 1052 2146 si
1082 2107 1123 2148 id
1159 2104 1246 2148 fieri
1278 2120 1361 2149 non

320 2162 450 2223 poss'et
467 2193 481 2215 ,
508 2162 575 2204 vel
592 2177 672 2204 non
690 2162 907 2216 expediret
922 2191 936 2213 ,
968 2162 1146 2221 aliquam
1163 2179 1360 2223 aquarum

320 2223 597 2282 quantitatem
624 2235 673 2264 ex
709 2221 810 2264 locis
836 2221 931 2264 dicti
974 2223 1195 2266 Territorii
1236 2226 1361 2280 magis

322 2281 580 2331 commodis,
612 2279 744 2322 soluto
772 2279 963 2323 Dominis
995 2281 1158 2325 illarum
1198 2285 1361 2336 pretio,

316 2339 345 2383 fi
375 2340 480 2383 illud
506 2339 806 2396 praetenderent
829 2365 844 2385 2
888 2339 938 2381 ad
970 2341 1236 2382 Conventum
1262 2354 1363 2395 prae-

319 2398 473 2441 dietum
503 2397 660 2452 pariter
689 2397 785 2438 duci
811 2395 1030 2452 plurimum
1061 2396 1322 2442 deiiderabat
1348 2426 1361 2438 .

319 2461 410 2502 Nos
441 2454 810 2511 supplicationibus
826 2453 1012 2510 ejusdem
1033 2456 1262 2498 Guardiani
1276 2460 1363 2499 No-

316 2518 379 2560 bis
411 2513 529 2571 super
557 2515 636 2556 hoc
659 2513 871 2556 humiliter
907 2514 1108 2568 porrectis
1150 2514 1362 2566 inclinati,

319 2573 473 2620 Eidem
498 2582 597 2616 tunc
611 2601 628 2623 ,
661 2573 703 2614 &
725 2585 800 2627 pro
820 2581 1013 2627 tempore
1037 2574 1230 2616 existenti
1245 2576 1360 2617 Con·

317 2630 464 2678 ventiis
490 2631 647 2688 praesati
679 2630 950 2683 Guardiano,
982 2641 1029 2676 ut
1047 2660 1061 2683 ,
1082 2631 1364 2688 quandocum-

317 2707 398 2752 que
415 2689 623 2743 voluiffet,
643 2692 833 2746 antiquos
863 2690 1116 2746 aquaeductus
1134 2689 1361 2746 hujusmodi

319 2752 371 2797 ad
402 2749 590 2793 effectum
620 2749 857 2806 reperiendi
888 2762 1012 2804 aquas
1040 2748 1238 2804 dispersas
1265 2764 1366 2806 prae-

319 2808 611 2866 distaS,quaeri
630 2838 645 2861 ,
677 2807 942 2863 investigari,
973 2807 1283 2863 &recognosci,
1316 2809 1367 2850 il-

325 2867 470 2925 losque
495 2867 641 2918 refici,
673 2867 884 2923 reparari,
914 2868 955 2908 &
995 2866 1234 2918 restaurari,
1264 2881 1366 2910 nec-

321 2943 404 2973 non
436 2941 558 2984 aquas
580 2924 779 2982 dispersas
797 2927 922 2982 usque
949 2926 1000 2968 ad
1026 2924 1094 2968 sex
1113 2925 1251 2969 uncias
1275 2937 1364 2968 tan-

326 2989 414 3031 tum
441 2988 479 3030 in
506 2985 601 3028 illos
628 2986 906 3040 congregari,
938 2999 984 3027 ac
1011 2997 1088 3039 per
1111 2984 1274 3027 illos·in
1302 2986 1365 3026 di·

324 3050 432 3091 stum
466 3047 729 3087 Conventum
758 3042 960 3096 proillius
985 3042 1114 3085 usibus
1139 3042 1265 3095 duci,
1297 3043 1363 3086 vel

324 3105 351 3149 fi
385 3106 426 3148 id
456 3103 546 3147 fieri
572 3116 651 3144 non
691 3098 816 3157 poffet
835 3129 849 3150 ,
880 3111 950 3143 aut
978 3101 1111 3142 minus
1136 3101 1363 3155 expedire,

323 3164 394 3222 ipfi
421 3174 548 3213 tunc,
579 3161 619 3202 δι
646 3174 719 3216 pro
744 3169 931 3214 tempore
948 3159 1136 3202 existenti
1157 3160 1364 3203 Guardia-

320 3239 378 3268 no
407 3222 648 3270 videretur,
680 3215 747 3262 sex
776 3219 912 3260 uncias
937 3231 1130 3274 aquarum
1150 3246 1163 3269 ,
1189 3232 1241 3261 ex
1270 3219 1362 3263 aliis

321 3281 418 3326 dieti
448 3278 664 3323 Territorii
696 3280 836 3320 Terrae
866 3277 988 3320 Nemi
1019 3286 1257 3333 nuncupatae
1296 3279 1358 3321 lo-

247 3332 265 3376 2
324 3343 414 3393 cis,
443 3353 529 3396 quae
552 3339 590 3382 ei
617 3336 743 3393 magis
770 3335 989 3380 commoda
1007 3364 1020 3387 ,
1051 3336 1092 3376 &
1123 3347 1357 3393 opportuna

325 3399 594 3449 viderentur,
626 3395 758 3438 soluto
794 3405 932 3437 tamen
975 3396 1048 3446 iis,
1078 3394 1130 3439 ad
1171 3409 1270 3451 quos
1307 3410 1356 3439 ea

324 3472 392 3503 res
416 3458 648 3510 pertineret
662 3485 676 3507 ,
710 3455 734 3496 fi
751 3454 789 3497 id
810 3453 1108 3507 praetenderent
1126 3479 1139 3500 ,
1157 3466 1355 3510 aquarum

332 3516 559 3573 hujusmodi
608 3515 742 3571 pretio
769 3544 783 3565 ‚
841 3529 914 3570 per
956 3526 1217 3568 quaecumque
1262 3513 1353 3557 loca

326 3574 423 3619 duci
446 3576 585 3619 facere
616 3573 769 3625 libere,
799 3574 839 3615 &
865 3571 978 3616 licite
1005 3568 1161 3628 posset,
1193 3571 1354 3625 plenam

327 3636 367 3677 &
389 3635 565 3691 amplam
601 3634 867 3684 facultatem,
894 3630 1129 3682 licentiam,
1160 3630 1201 3670 &
1235 3642 1355 3685 pote-

330 3692 470 3736 statem
499 3692 567 3737 sub
591 3694 716 3737 certis
746 3691 897 3742 modo,
928 3692 966 3732 δι
991 3690 1147 3740 forma,
1172 3700 1269 3732 tunc
1284 3705 1357 3734 ex-

330 3750 469 3809 pressis
494 3751 783 3805 concessimus,
814 3753 855 3794 δι
887 3751 1082 3806 impertiti
1123 3750 1277 3801 summ,
1308 3763 1354 3791 ac

2284 199 2396 281 79

1421 271 1662 317 nonventui
1692 273 1882 327 praedieko
1910 275 1976 319 sex
1993 281 2130 323 uncias
2146 293 2197 323 ex
2228 287 2344 340 aquis
2376 286 2451 328 dis-

1418 334 1540 389 per-lis
1569 331 1793 388 praedietis,
1825 332 1879 383 fi,
1904 344 1946 373 ut
1965 340 2248 394 praemittitur,
2279 357 2455 400 congre-

1414 403 1639 450 garentur,
1669 392 1710 436 δι
1740 404 1813 447 per
1841 393 2028 447 antiquos
2043 394 2293 451 aqua-ductus
2316 402 2454 461 hujus.

1416 451 1526 494 modi
1551 450 1602 494 ad
1626 449 1821 494 eumdem
1847 453 2116 495 Conventum
2156 457 2449 516 ducerentur,

1414 511 1497 552 fine
1518 506 1753 564 cujusquam
1781 507 2043 566 prejudicio,
2088 516 2126 554 in
2168 529 2450 573 perpetuum

1418 567 1597 624 gratiose
1624 566 1893 620 donavimus,
1924 570 1964 610 &
2003 574 2349 626 appropriavimus
2369 606 2384 629 ,
2414 580 2455 620 δι

1419 628 1685 678 alias,prout
1711 626 1751 667 in
1782 625 1925 670 nostris
1941 626 2147 684 ,desuper
2170 631 2211 672 in
2235 631 2347 676 simili
2374 636 2458 679 sor·

1420 697 1485 738 ma
1513 683 1657 724 Brevis
1681 683 1749 726 die
1783 684 1929 742 v-Julii
1956 687 2141 740 proxime
2167 693 2359 744 praeteriti
2387 707 2460 735 ex-

1421 741 1573 799 peditis
1598 739 1754 793 literis,
1787 758 1954 800 quarum
1982 755 2167 789 tenorem
2226 751 2457 794 raesentibus

1421 814 1498 858 pro
1527 799 1676 864 plene,
1708 803 1748 843 δι
1780 802 2027 847 sufficienter
2050 811 2262 863 expreio,
2294 808 2335 849 δε
2365 822 2458 851 ver-

1422 859 1550 903 batim
1575 858 1729 901 inierto
1752 861 1895 905 haberi
1924 863 2110 909 volumus
2127 895 2141 918 ‚
2172 865 2336 909 uberius
2361 881 2460 909 con-

1424 920 1610 962 tinetur.
1643 921 1752 961 Cum
1780 931 1947 971 autem,
1981 922 2080 967 ficut
2095 926 2355 981 accepimus,
2387 939 2460 968 eae·

1424 978 1520 1025 dem
1536 976 1667 1021 literae
1687 980 1813 1020 certis
1834 995 1883 1023 ex
1913 985 2038 1025 causis
2057 1012 2071 1035 ,
2086 984 2219 1028 Nobis
2242 986 2346 1026 notis
2364 1013 2377 1034 ,
2403 983 2463 1025 ef-

1428 1037 1576 1082 fectum
1603 1038 1796 1082 hactenus
1824 1053 1903 1081 non
1937 1041 2152 1084 habuerint
2172 1072 2186 1095 ,
2221 1042 2464 1100 dictusque,

1427 1102 1671 1141 Conventus
1688 1098 1867 1153 proinde
1881 1112 2171 1155 praenarratam
2182 1115 2376 1159 aquarum
2392 1115 2466 1156 pe-

1430 1157 1586 1199 nuriam
1612 1155 1748 1198 adhuc
1778 1160 1983 1213 patiatur:
2018 1161 2126 1204 Hinc
2148 1161 2232 1211 est,
2250 1161 2358 1217 quod
2378 1163 2462 1202 Nos

1428 1216 1564 1258 eidem
1579 1218 1821 1259 Conventui
1837 1220 2072 1275 opportune
2089 1220 2127 1264 in
2144 1219 2344 1276 praemiffis
2366 1233 2464 1274 pro-

1431 1276 1554 1317 visum
1571 1272 1648 1318 effe
1670 1277 1912 1331 cupientes,
1933 1293 1979 1321 ac
2005 1278 2306 1335 infrascriptum
2325 1281 2465 1322 Guar-

1426 1335 1591 1377 dianum
1627 1336 1648 1376 a
1694 1335 1899 1391 quibusvis
1929 1339 2007 1379 διε.
2051 1337 2267 1382 censentes
2297 1367 2312 1390 ‚
2345 1341 2464 1381 Motu

1426 1394 1625 1450 proprio,
1655 1395 1696 1434 &
1722 1409 1773 1436 ex
1798 1407 1911 1440 certa
1936 1396 2102 1439 scientia
2116 1419 2137 1446 ,·
2161 1399 2374 1440 &matura
2389 1398 2466 1439 de-

1428 1454 1672 1495 liberatinne
1704 1455 1877 1506 nostris,
1908 1455 2043 1512 deque
2077 1457 2317 1511 Apostolicae
2346 1467 2466 1511 pote-

1425 1512 1535 1555 statis
1560 1511 1852 1566 plenitudine,
1883 1517 2047 1556 Dilec'to
2087 1515 2193 1557 Filio
2236 1515 2465 1566 moderno,

1424 1574 1465 1614 &
1488 1586 1562 1628 pro
1587 1582 1776 1627 tempore
1796 1572 1983 1616 existenti
2022 1571 2264 1616 Conventus
2306 1573 2467 1630 praefati

1426 1629 1664 1675 Guardiano
1678 1659 1691 1683 ,
1705 1641 1748 1672 ut
1762 1661 1778 1682 ,
1791 1632 2120 1688 quandocunque
2135 1634 2313 1677 voluerit
2334 1661 2349 1684 ,
2361 1634 2470 1675 anti·

1424 1704 1527 1748 quos
1557 1691 1808 1745 aquaeductus
1832 1690 2091 1749 hujusmodi,
2121 1691 2172 1734 ad
2196 1692 2384 1734 effectum
2403 1705 2470 1733 re·

1425 1749 1614 1806 periendi
1630 1763 1752 1806 aquas
1768 1748 1963 1804 dispersas
1981 1750 2468 1807 praedictas,quaeri,inve·

1425 1808 1522 1851 vesti
1531 1810 1681 1864 gari‚&
1697 1810 2127 1866 recognosci,illosque
2140 1810 2315 1860 refici,re
2321 1809 2468 1866 parari,

1422 1869 1463 1910 δε
1481 1869 1719 1920 restaurari,
1752 1883 1911 1912 necnon
1929 1883 2049 1926 aquas
2064 1867 2259 1926 dispersas
2276 1867 2398 1926 usque
2416 1866 2468 1909 ad

1422 1926 1489 1970 sex
1508 1930 1644 1971 uncias
1660 1931 1818 1972 tantum
1835 1958 1847 1979 ,
1865 1929 1903 1971 in
1919 1926 2012 1971 illos
2026 1929 2296 1986 congregari,
2327 1941 2374 1969 ac
2391 1940 2463 1981 per

1424 1986 1520 2028 illos
1548 1990 1586 2028 in
1618 1990 1885 2030 Conventum
1908 1988 2140 2043 praedifftum
2163 2002 2236 2043 pro
2263 1986 2370 2028 illius
2388 1986 2464 2026 uli-

1423 2046 1496 2088 bus
1525 2046 1651 2096 duci,
1686 2045 1784 2096 vel,
1816 2049 1843 2088 fi
1883 2046 1927 2089 id
1975 2045 2063 2089 fieri
2100 2061 2178 2088 non
2219 2044 2367 2101 poffit,
2398 2053 2468 2086 aut

1425 2104 1558 2147 mimis
1585 2103 1788 2159 expedire
1819 2106 1888 2160 ipfi
1916 2105 2146 2155 moderno,
2176 2105 2217 2144 δι
2254 2117 2328 2159 pro
2363 2114 2469 2143 tem-

1422 2178 1523 2221 pore
1549 2163 1737 2206 existenti
1768 2163 2008 2206 Guardiano
2046 2161 2269 2217 respective
2309 2160 2470 2203 videbi·

1424 2235 1517 2270 tur,
1549 2221 1616 2264 sex
1647 2223 1785 2263 uncias
1811 2235 2038 2278 aquarum,
2056 2235 2105 2263 ex
2133 2221 2223 2264 aliis
2248 2219 2343 2261 dieti
2362 2221 2468 2261 Ter-

1424 2282 1556 2325 ritorii
1589 2283 1731 2323 Terrae
1772 2282 1896 2322 Nemi
1925 2290 2166 2335 nuncupatae
2216 2279 2344 2329 locis,
2377 2291 2463 2335 quae

1423 2341 1461 2382 ei
1489 2340 1618 2394 magis
1645 2339 1859 2381 commoda
1877 2368 1893 2389 ,
1925 2340 1965 2380 &
1987 2351 2219 2394 opportuna
2261 2336 2465 2379 videbun·

1423 2408 1493 2441 tur
1509 2426 1523 2448 ,
1539 2395 1669 2440 soluto
1686 2409 1821 2439 tamen
1838 2396 1917 2439 illis
1933 2425 1948 2447 ,
1980 2399 2028 2440 ad
2053 2411 2153 2453 quos
2169 2411 2215 2439 ea
2230 2409 2297 2437 res
2335 2396 2462 2449 perti-

1424 2457 1560 2498 nuerit
1585 2485 1601 2508 ,
1645 2455 1669 2497 fi
1713 2456 1754 2497 id
1787 2456 2108 2511 praetenderint,
2153 2469 2349 2512 aquarum
2390 2455 2464 2496 hu·

1424 2513 1596 2570 jusmodi
1623 2515 1789 2571 preti0,
1813 2529 1886 2570 per
1911 2514 2011 2555 duos
2045 2515 2228 2570 peritos,
2259 2527 2381 2558 unum
2413 2512 2464 2553 ab

1423 2589 1532 2626 una,
1561 2575 1603 2615 δι
1623 2574 1802 2616 alterum
1831 2575 1882 2615 ab
1910 2573 2040 2616 altera
2067 2574 2240 2628 partium
2266 2571 2465 2625 respecti-

1425 2633 1476 2675 νὲ
1499 2632 1786 2690 deputandos,
1804 2632 2059 2681 aestimando,
2090 2633 2130 2672 &
2149 2631 2172 2672 fi
2206 2631 2267 2672 illi
2314 2630 2464 2670 ducor.

1425 2690 1556 2742 dent,
1586 2705 1662 2746 per
1687 2692 1855 2732 tertium
1887 2690 2063 2742 peritum
2080 2718 2094 2738 ‚
2110 2689 2262 2732 adieris
2295 2687 2455 2728 duobus

1427 2750 1570 2804 peritis
1596 2748 1831 2802 eligendum
1849 2775 1862 2796 ,
1881 2747 2118 2788 arbitrando
2131 2757 2225 2795 ,aut
2242 2744 2346 2787 facio
2364 2758 2461 2799 pre-

1426 2808 1471 2849 tii
1496 2805 1719 2861 hujusmodi
1747 2806 1784 2846 in
1805 2808 1949 2847 Monte
1976 2803 2144 2847 Pietatis
2169 2803 2221 2846 de
2242 2804 2354 2848 Urbe
2376 2805 2456 2844 De·

1427 2864 1586 2921 polite,
1617 2863 1683 2906 vel
1707 2863 1877 2919 praestita
1909 2864 2055 2905 idonea
2084 2865 2274 2906 cautione
2302 2862 2355 2903 de
2389 2861 2462 2902 1110

1426 2923 1623 2968 solvendo
1640 2952 1653 2975 ,
1669 2937 1741 2978 per
1758 2935 2019 2979 quaecumque
2035 2933 2116 2964 tam
2135 2921 2295 2977 publica
2308 2949 2319 2967 2
2337 2923 2460 2975 quam

1424 2984 1611 3039 privata,
1643 2983 1767 3024 etiam
1796 2981 2027 3037 quorumvis
2070 2981 2259 3035 piorum,
2290 2980 2326 3019 &
2356 2978 2457 3018 alio-

1426 3056 1516 3085 rum
1533 3071 1547 3094 ,
1562 3053 1815 3097 quocumque
1842 3039 2057 3094 privilegio
2075 3038 2324 3081 suffultorum
2343 3036 2459 3077 loco·

1427 3115 1542 3152 rum,
1573 3103 1610 3142 δι
1639 3100 1899 3155 personarum
1927 3097 2071 3152 praedia
2089 3126 2102 3148 ,
2135 3097 2253 3145 loca,
2286 3095 2391 3140 vias,
2409 3092 2456 3132 li-

1427 3171 1491 3201 tus
1506 3187 1520 3210 ,
1552 3161 1593 3201 δι
1615 3170 1776 3205 terras,
1794 3157 1841 3199 ad
1859 3156 2054 3198 eumdem
2091 3159 2355 3198 Conventum
2386 3165 2455 3204 pa-

1423 3219 1526 3261 riter
1558 3218 1680 3268 duci,
1711 3217 1792 3258 fine
1820 3213 2050 3271 cujusquam
2082 3225 2244 3264 tamen,
2282 3211 2344 3251 vel
2384 3208 2458 3250 sal·

1423 3287 1509 3321 tem
1543 3277 1726 3326 refecto,
1752 3276 1792 3316 ἃς
1818 3271 1953 3318 soluto
1982 3273 2061 3315 illis
2078 3303 2091 3322 ‚
2117 3273 2166 3315 ad
2187 3284 2287 3326 quos
2310 3270 2458 3323 specta-

1421 3336 1566 3385 verit,
1597 3334 1704 3391 quod
1736 3334 1793 3375 eis
1823 3347 1896 3379 ver
1930 3330 2116 3390 praemiffa
2143 3327 2458 3385 quomodolibet

1417 3393 1675 3444 inferretur,
1693 3391 1914 3448 respective
1933 3393 2107 3440 damno,
2139 3399 2207 3430 aut
2241 3386 2335 3428 data
2367 3384 2453 3428 ido·

1417 3467 1494 3497 nea
1512 3451 1705 3496 cautione
1721 3452 1772 3495 de
1798 3450 2047 3499 reficiendo,
2063 3450 2100 3489 &
2125 3444 2324 3487 solvendo
2338 3443 2454 3486 dam·

1416 3527 1470 3557 no
1501 3510 1758 3566 hujusmodi,
1799 3509 1966 3558 facere,
2005 3510 2044 3548 &
2069 3519 2208 3548 curare
2235 3505 2393 3553 libere,
2417 3503 2458 3543 &

1417 3571 1533 3614 licite
1564 3569 1678 3627 poffit
1701 3598 1714 3619 ,
1738 3570 1780 3610 δι
1803 3570 1936 3610 valeat
1954 3595 1967 3617 ,
1994 3571 2153 3620 plenam
2170 3592 2184 3614 ,
2212 3565 2251 3605 ὅ(
2281 3561 2455 3615 amplam

1416 3626 1663 3672 facultatem
1677 3658 1691 3680 ,
1720 3628 1926 3671 licentiam
1940 3655 1952 3675 ‚
1971 3626 2011 3666 δι
2025 3622 2264 3677 potestatem
2277 3649 2291 3670 ,
2306 3633 2453 3664 tenore

1417 3687 1541 3745 praese
1555 3690 1684 3732 ntium
1714 3687 1847 3730 denuo
1877 3683 2174 3730 concedimus,
2203 3684 2244 3723 δι’
2276 3679 2458 3736 imperti·

1417 3761 1532 3791 mur.
1582 3750 1786 3792 Praeterea
1815 3746 1922 3787 dicto
1958 3741 2191 3786 conventui
2225 3741 2287 3785 sex
2318 3738 2455 3782 uncias

2349 3810 2399 3837 tx
