2710 4108
902 211 1676 331 Mediolanen'fis.

280 338 285 344 '
335 327 535 381 Ecclesia
560 325 1100 380 Monialium'dic‘tarum
1130 334 1291 380 Matri-

333 401 500 450 monii:
528 396 747 454 nffistere,
774 409 854 446 aut
884 400 1152 449 mulieribus
1191 397 1291 468 post

333 484 519 540 partum
539 464 802 518 benedicere
813 501 832 526 ,
853 467 1125 536 prohibetur
1137 504 1149 518 .

417 603 1128 663 Novantssmsts

361 736 503 781 Xortis
530 734 733 780 nonnullis
756 733 1043 780 controversiis
1073 732 1181 777 inter
1202 736 1292 778 Μο.

387 796 514 840 uiales
537 796 766 847 capucinas
782 794 976 838 Civitatis
1001 793 1187 837 Novaria:
1205 819 1221 843 ,
1250 794 1291 834 δε

260 854 489 897 Parochum
517 852 701 896 Ecclefiae
736 856 886 898 SanQoe
923 851 1070 897 Crucis
1106 849 1290 907 ejusdem

2145 245 2309 329 3²43

1350 331 1520 374 nialibus
1545 328 1724 385 eiusdem
1736 324 1904 371 Ordinis
1918 351 1933 377 ‚
1962 326 2198 375 affirmativa
2230 333 2378 375 nihilo-

1350 390 1480 431 minus
1491 389 1632 442 opinio
1645 400 1724 430 non
1738 385 1871 443 potest
1885 391 2113 441 procedere
2130 418 2144 441 ,
2158 391 2225 433 nili
2241 393 2278 434 in
2293 405 2377 435 ma·

1346 447 1450 490 teria
1460 444 1683 502 adaptabili
1698 472 1715 495 ,
1741 442 1871 502 qualis
1899 442 2087 499 profecti)
2119 462 2197 491 non
2222 450 2279 492 est
2292 462 2343 491 ea
2357 476 2374 500 ,

1346 504 1402 546 de
1411 517 1490 559 qua
1502 517 1608 546 nunc
1624 503 1783 557 agitur,
1798 514 1893 544 cum
1908 512 1969 544 tot
1982 503 2140 548 obstent
2158 509 2379 550 sacrarum

1352 561 1731 616 congregationum
1744 563 1925 603 Decreta
1938 587 1955 612 ,
1966 562 2112 617 quibus
2125 566 2380 616 prohibitum

1341 618 1408 662 est
1420 617 1520 661 dare
1549 618 1793 674 sepulturam
1808 618 1848 660 in
1868 619 2083 671 Ecclesris,
2112 621 2237 663 etiam
2259 634 2378 664 exte-

1345 676 1528 721 rioribus
1545 677 1807 727 Monhlium,
1828 685 2028 732 quatenus
2044 678 2186 735 aliquis
2201 680 2240 721 in
2255 693 2302 722 ea
2317 681 2380 722 se-

1349 734 1471 792 peliri
1486 733 1661 776 voluerit
1675 761 1691 785 ‚
1720 735 1831 792 juxta
1850 733 1932 777 late
1941 734 2111 779 deducta
2134 750 2207 792 per
2235 740 2378 793 Pigno-

1350 794 1436 837 tell.
1451 790 1624 842 Confide-
1643 806 1738 844 ¹77·
1754 803 1848 835 tom.
1863 807 1911 844 4.
1926 794 1968 835 δι
1991 793 2278 850 magistr-aliter
2303 808 2379 849 per

1351 849 1599 907 Eminentifi.
1614 853 1766 893 Petram
1782 850 1826 892 in
1839 856 2190 897 “masmanna
2213 853 2269 893 ad
2281 858 2381 897 Con-

263 913 459 956 Ciritatis
473 942 488 964 ,
523 912 630 954 inter
644 910 759 968 cujus
774 912 977 956 Parochiae
990 907 1087 953 fines
1107 908 1283 952 Ecclesia
1330 910 1422 969 stit.
1445 908 1680 968 Apost.paeg.
1701 911 1912 964 198.nnn.
1926 922 1993 960 27.
2010 910 2161 967 &stq.
2185 910 2226 951 8ι
2241 910 2278 952 in
2303 925 2383 961 eo,

261 971 437 1027 praedicti
454 970 684 1015 Monasterii
701 969 770 1013 fita
789 970 844 1013 est
857 999 871 1023 ,
901 968 1125 1015 deventum
1143 967 1218 1010 suit
1232 967 1283 1010 ad

263 1030 595 1086 subscriptionem
614 1039 787 1085 quatuor
802 1030 1018 1072 dubiorum
1033 1055 1047 1079 ,
1077 1027 1192 1081 super
1200 1027 1286 1082 qui·

262 1088 337 1131 bus
351 1090 544 1146 exquisita
555 1085 631 1129 fuit
645 1085 877 1130 informatio
892 1084 1195 1130 Eminentiffimi
1206 1087 1286 1127 Or-

262 1147 437 1199 dinarii,
463 1158 639 1201 cumque
668 1148 871 1190 Par-ochus
899 1146 972 1188 det
1004 1158 1140 1187 manus
1168 1145 1286 1200 super

262 1206 391 1261 prima
406 1215 519 1260 parte
533 1203 645 1247 tertii
659 1204 771 1247 dubii
785 1233 801 1255 ,
815 1218 970 1246 necnon
990 1205 1105 1258 super
1122 1213 1284 1260 quarto,

263 1274 353 1307 tota
368 1263 521 1307 idcirco
534 1262 807 1310 controverfia
823 1262 870 1305 ad
891 1262 1019 1318 prima
1032 1261 1113 1305 duo
1125 1291 1142 1313 ‚
1169 1259 1284 1312 &ad

264 1321 451 1365 ultimam
466 1321 578 1364 tertii
590 1329 747 1378 partem
761 1321 1016 1378 restringitur
1031 1347 1043 1362 .

320 1379 469 1436 Quoad
511 1380 683 1435 primum
728 1381 864 1436 itaque
891 1380 1059 1423 dubium
1089 1376 1287 1423 Mo'niales

262 1438 519 1495 praetendunt
534 1466 547 1490 ,
576 1438 685 1495 quod
697 1438 843 1482 delatis
868 1438 918 1481 ad
936 1437 1044 1482 suam
1061 1438 1286 1481 Ecclesiam

261 1498 540 1540 cadaveribus
552 1498 908 1547 Parocffianorum,
925 1496 1006 1541 five
1020 1500 1168 1542 Sanctae
1180 1499 1289 1539 Cru-

264 1556 324 1599 cis
338 1584 353 1606 ‚
381 1557 461 1598 five
474 1554 640 1598 alterius
660 1557 860 1599 Parochiae
874 1585 888 1608 ‚
912 1555 974 1613 jus
997 1555 1183 1599 funerum
1196 1566 1287 1598 cum

266 1617 434 1664 Cruce,
461 1614 501 1655 δι
526 1614 664 1666 stola,
698 1627 779 1657 non
809 1615 862 1658 ad
887 1617 1115 1659 Par-ochum
1145 1617 1292 1658 Ssnssae

262 1673 413 1715 Crucis
432 1701 448 1723 ,
478 1671 543 1715 sed
569 1672 617 1716 ad
643 1671 751 1714 suum
769 1673 1054 1717 tantummodo
1079 1672 1290 1718 Conseffa·

268 1731 372 1773 rium
401 1730 552 1773 debeat
577 1731 813 1788 pertinere,
838 1743 925 1775 tum
953 1745 1124 1788 propter
1150 1733 1290 1782 obser-

263 1791 461 1841 vantiam,
475 1790 677 1846 signanter
688 1790 878 1833 Civitatis
901 1790 1179 1835 Mediolanen.
1203 1800 1290 1833 tum

266 1848 362 1904 quia
388 1860 483 1890 cum
497 1859 580 1890 tam
603 1848 683 1892 haec
703 1853 821 1894 Sacra
838 1851 1116 1908 Congregatio
1128 1879 1144 1901 ‚
1156 1851 1291 1906 ‘quam

265 1907 347 1949 alia
362 1909 579 1950 Sacrorum
596 1908 766 1951 Rituum
782 1905 914 1963 saepius
929 1908 1146 1954 relblverit
1161 1936 1176 1959 ‚
1204 1905 1292 1953 offi-

264 1966 376 2008 cium
392 1963 506 2022 super
523 1963 802 2011 Cadaver-ibus
829 1968 869 2009 in
899 1967 1086 2012 Eccleliis
1113 1967 1294 2022 Regula·

263 2022 373 2066 rium
390 2021 595 2078 spectare,
611 2024 656 2067 ’δι
671 2027 883 2080 pertinere
907 2027 956 2071 ad
984 2026 1082 2082 ipsos
1112 2024 1295 2081 Regula-

269 2094 335 2124 res
349 2110 364 2133 ,
392 2082 432 2123 δι
445 2089 525 2123 non
541 2083 588 2124 ad
606 2085 783 2128 Curatos
800 2083 1116 2132 Defunstmum,
1143 2085 1202 2125 uti
1233 2083 1292 2123 vi·

266 2141 368 2183 dere
382 2139 440 2182 est
451 2144 494 2181 in
511 2139 791 2197 Constitutione
808 2157 877 2198 93.
900 2142 1115 2188 Alexandri
1133 2145 1202 2183 PP.
1216 2143 1295 2185 VII·

266 2198 375 2240 Bau.
388 2207 481 2247 torn.
497 2199 542 2241 6.
558 2199 606 2247 θ’
621 2198 961 2256 tn‘Constitutlone
975 2213 1043 2251 57.
1059 2201 1298 2245 wemmam
1337 2216 1339 2220 ¹

267 2256 507 2299 rodentem.
537 2257 578 2298 6.
606 2256 782 2299 Ballarli
794 2287 806 2298 .
837 2257 1018 2303 Censura
1048 2261 1127 2302 hoec
1156 2272 1299 2314 proce-

269 2315 370 2357 dens
384 2315 423 2356 in
435 2314 615 2356 terminis
629 2316 924 2359 monachorum
934 2347 949 2370 ‚
962 2320 1001 2360 δι
1014 2315 1297 2375 Regularium,

268 2370 458 2431 procedit
471 2372 594 2415 etiam
608 2373 648 2415 in
674 2374 857 2420 terminis
874 2377 1113 2420 Monialium
1127 2402 1142 2425 ‚
1167 2389 1298 2431 quan·

270 2431 327 2475 do
355 2429 405 2472 ad
435 2443 577 2474 earum
615 2431 816 2475 Eccleiias
840 2435 1069 2478 exteriores
1084 2433 1300 2478 Cadaver-a

270 2487 565 2532 Defunaorum
596 2489 840 2534 deferuntur
859 2522 877 2545 ,
907 2491 1019 2548 juxta
1049 2491 1299 2535 individuam

270 2546 560 2615 resolutionem
584 2547 701 2605 hujus
723 2551 851 2593 Sactae
872 2551 1211 2607 Congregat-ionis
1235 2550 1297 2593 dle

275 2608 456 2715 {323205
457 2609 507 2706 ’ἐξ
519 2607 600 2721 ,ξξὲ
607 2606 1009 2710 {213531220522513
1011 2609 1229 2723 {3:¹53}ss
1234 2623 1300 2708 2²21

265 2722 397 2781 [ἐσμ.
414 2723 453 2763 8.
469 2731 585 2775 pare.
612 2737 647 2765 1.
674 2733 766 2767 tom.
793 2738 826 2769 ι.
849 2739 959 2768 num.
987 2738 1056 2775 ²7·
1073 2724 1216 2780 &qu
1244 2723 1301 2769 Et

275 2781 366 2834 quia
382 2780 420 2821 in
434 2781 567 2835 primo
582 2781 709 2824 dubio
721 2782 851 2826 sermo
866 2785 988 2827 etiam
1003 2782 1048 2826 fit
1069 2783 1123 2826 de
1138 2787 1302 2839 Quam

277 2837 436 2880 fisnebri
454 2865 468 2888 ,
492 2852 577 2894 quae
594 2843 777 2884 Parocho
790 2841 997 2893 debetur,
1022 2840 1195 2885 subdunt
1212 2843 1304 2883 Mo·

275 2897 402 2939 niales
414 2920 429 2943 a
445 2896 553 2950 quod
566 2924 581 2948 ‚
597 2908 795 2954 quatenus
814 2902 1017 2943 Parochus
1030 2899 1206 2942 infillere
1228 2910 1303 2941 ve-

277 2956 327 2997 lit
341 2954 491 2996 ultima·
504 2955 795 2999 Constitutioni
808 2957 1039 3001 Sanetiffimi
1054 2956 1218 3000 Domini
1230 2969 1304 2999 no·

280 3014 346 3056 stri
366 3041 380 3064 ‚
394 3013 635 3067 abrogativae
650 3014 955 3069 privilegiorum
972 3015 1088 3070 super
1100 3028 1179 3058 non
1195 3014 1301 3057 solu·

275 3073 391 3114 tione
405 3084 482 3127 qua
489 3080 582 3120 rte,
614 3073 837 3128 supponere
849 3074 903 3116 de
929 3073 1161 3117 necestitate
1173 3072 1300 3116 debet

277 3128 449 3187 ipsarum
465 3132 766 3184 exemptionem
782 3158 798 3181 ,
829 3145 920 3174 cum
943 3131 1197 3176 constitutio
1207 3142 1302 3188 pro·

280 3188 405 3233 cedat
420 3215 435 3240 ‚
465 3185 659 3244 suppositi
675 3191 958 3244 exemptione.

339 3246 544 3289 Parochus
559 3257 731 3290 econtra·
756 3247 834 3291 sue
848 3248 1052 3305 petitionis
1067 3247 1300 3292 fundamen·

281 3314 369 3348 tum
383 3304 501 3361 super
516 3304 725 3348 delatione
740 3308 887 3350 Crucis
901 3336 916 3359 ‚
929 3308 970 3349 δι
983 3307 1103 3350 Stolae
1115 3335 1130 3358 ,
1160 3306 1303 3362 &iure

280 3362 468 3406 funerum
485 3390 501 3415 ‚
529 3364 735 3418 explendo
767 3365 806 3406 in
840 3364 1017 3408 Ecclesia
1038 3365 1308 3414 Meuianum,

283 3421 448 3476 quando
469 3420 520 3464 ad
550 3435 641 3464 eam
665 3421 906 3467 deferuntur
932 3422 1129 3466 cadavera
1156 3421 1309 3465 Deffln-

284 3482 441 3521 florum
454 3480 527 3521 sua:
540 3482 592 3523 Pa
600 3483 743 3524 rocbiae
755 3510 768 3532 ,
796 3485 876 3525 five
889 3482 1053 3524 alterius
1067 3510 1083 3532 ,
1102 3478 1307 3522 constituit

285 3538 325 3579 in
341 3536 522 3590 specifica
537 3538 787 3584 observantia
802 3540 997 3585 Civitatis
1020 3537 1275 3581 Novarienfis
1290 3562 1305 3587 ,

285 3597 327 3637 δι
338 3594 567 3639 Monasterii
579 3623 594 3646 ‚
608 3610 728 3653 quam
743 3600 955 3642 contendit
970 3611 1044 3652 pro
1057 3595 1096 3639 se
1111 3597 1305 3644 militares

287 3666 444 3696 necnon
461 3654 499 3705 in
522 3653 778 3708 dispositione
800 3658 924 3713 juris5
947 3653 1140 3712 quidquid
1163 3654 1302 3697 enims

286 3713 332 3753 sit
356 3713 396 3753 in
422 3710 604 3766 generali
627 3714 841 3769 questione
856 3743 870 3766 ,
893 3729 941 3758 an
970 3714 1180 3769 privilegia
1211 3722 1312 3752 con·

1342 966 1453 1026 quod
1466 969 1615 1011 attinet
1629 967 1680 1010 ad
1698 967 1921 1023 allegatam
1950 968 2242 1011 resolutionem
2266 969 2382 1025 hujus

1344 1034 1475 1073 Sacrae
1489 1027 1857 1083 congregationis,
1876 1025 2010 1069 subdit
2032 1027 2235 1070 Parochus
2251 1055 2266 1078 ,
2292 1040 2383 1069 eam

1344 1086 1395 1130 ad
1411 1082 1604 1131 summum
1619 1084 1686 1127 fibi
1701 1082 1807 1141 poffe
1824 1084 2035 1128 vindicare
2046 1085 2182 1128 locum
2198 1085 2236 1127 in
2253 1086 2385 1140 hypo-

1344 1143 1504 1192 thefi‚in
1521 1158 1599 1201 qua
1609 1142 1808 1187 Moniales
1822 1142 1895 1186 lint
1906 1142 2384 1202 subjeetaeRegularibus,

1344 1203 1458 1246 secus
1472 1214 1608 1246 antem
1625 1204 1664 1245 in
1676 1206 1766 1248 casu
1779 1231 1797 1254 ,
1819 1202 1858 1245 in
1887 1216 1968 1259 qno
1982 1202 2184 1246 versamur
2198 1230 2215 1253 ,
2244 1203 2284 1245 in
2301 1215 2384 1259 quo

1344 1262 1561 1314 Capucinae
1576 1275 1655 1304 non
1673 1260 1760 1302 sunt
1778 1262 2052 1317 Regularibus
2071 1259 2280 1317 subjecta,
2317 1259 2385 1303 sed

1344 1321 1592 1372 Ordinatio,
1621 1319 1967 1376 &Presbyterum
1991 1318 2211 1364 secularem
2234 1319 2385 1362 habent

1346 1382 1386 1422 in
1397 1377 1691 1422 Confeffarium
1703 1405 1720 1430 ‚
1742 1377 1798 1421 ita
1813 1406 1829 1431 ‚
1842 1388 1888 1421 ut
1902 1377 2276 1435 ‚quemadmodum
2294 1390 2388 1433 per·

1346 1439 1449 1481 tinet
1463 1437 1516 1481 ad
1531 1439 1758 1480 Parochum
1773 1435 1908 1481 sacer-e
1929 1437 2105 1480 officium
2120 1435 2146 1478 s
2138 1451 2238 1492 uper
2246 1435 2387 1479 Cada-

1349 1497 1510 1541 veribus
1525 1495 1822 1542 Defunstorum
1834 1522 1849 1544 ‚
1868 1496 1942 1553 qui
1964 1494 2184 1552 elegerunt
2200 1494 2309 1550 sepul
2321 1506 2387 1537 tu·

1351 1556 1484 1600 tamin
1502 1554 1693 1599 Ecclesiis
1721 1555 1991 1611 Regularium
2018 1553 2288 1610 subjectorum
2322 1552 2385 1608 ju-

1350 1613 1570 1659 risdietioni
1600 1613 1939 1665 Ordinatiorum,
1970 1614 2031 1655 uti
2068 1613 2243 1656 habetur
2267 1609 2381 1666 apud

1353 1675 1559 1718 Monaeell.
1573 1675 1620 1715 In
1634 1672 1886 1716 For-molario
1906 1675 2009 1716 Τοηι.
2024 1688 2064 1716 a·
2083 1681 2180 1728 pag.
2197 1669 2294 1711 mibi
2319 1681 2387 1714 ι7.

1349 1745 1456 1776 num.
1470 1744 1540 1784 7ο.
1570 1734 1611 1774 &
1624 1731 1673 1774 ad
1689 1731 1878 1775 eumdem
1903 1732 2133 1774 Parochum
2160 1728 2310 1785 spectat
2331 1724 2391 1768 fa·

1352 1804 1452 1835 cere
1463 1789 1642 1833 officium
1654 1786 1825 1834 funebre
1847 1789 1966 1846 super
1990 1789 2264 1833 cadaveribus
2281 1813 2295 1838 ‚
2327 1786 2389 1828 se-

1352 1849 1555 1909 peliendis
1588 1851 1630 1891 in
1660 1848 1853 1893 Ecclefiis
1871 1878 1886 1901 ,
1913 1850 1954 1891 &
1983 1848 2184 1892 oratoriis
2211 1844 2388 1901 publicis

1351 1907 1750 1951 Confraternitatum
1765 1939 1780 1961 ‚
1793 1908 1819 1950 fi
1840 1907 2105 1951 tumulandus
2118 1906 2177 1949 est
2190 1904 2390 1962 subjectus

1355 1967 1565 2015 Parocbo,
1594 1968 1701 2008 intra
1716 1966 1830 2023 cujus
1861 1966 1960 2008 fines
1990 1965 2049 2009 est
2075 1963 2252 2008 Ecclesia
2268 1989 2285 2011 ‚
2321 1960 2390 2004 vel

1355 2024 1594 2068 Oratorium
1608 2052 1624 2075 ‚
1653 2023 1764 2080 juxta
1800 2026 1977 2068 Decreta
2005 2024 2131 2068 Urbis
2149 2050 2165 2072 ‚
2194 2024 2234 2064 ἀ
2263 2021 2389 2064 Orbis

1357 2084 1448 2126 anni
1479 2094 1598 2138 1703.
1622 2079 1805 2139 impreffa
1832 2084 1873 2125 in
1907 2083 2063 2125 Bauer.
2093 2085 2133 2124 S.
2161 2084 2282 2124 Mene.
2301 2081 2392 2122 Cle-

1355 2147 1492 2185 mentis
1508 2145 1575 2184 XI.
1586 2151 1681 2196 pag.
1697 2143 1755 2190 56
1758 2156 1799 2197 3.
1827 2141 1878 2183 fic
1897 2147 1948 2183 ad
1965 2139 2139 2183 eundem
2155 2142 2282 2183 Par-oc
2290 2140 2390 2181 hum

1357 2199 1546 2258 predicta
1560 2200 1696 2243 omnia
1711 2200 1923 2255 pertinere
1938 2199 2114 2240 dicenda
2141 2200 2230 2240 sunt
2258 2197 2296 2239 in
2316 2199 2393 2253 hy-

1359 2258 1512 2313 pothefi
1530 2258 1669 2301 saltem
1683 2286 1698 2310 ‚
1723 2259 1762 2300 in
1779 2272 1855 2315 qua
1871 2257 2070 2301 cadavera
2084 2254 2324 2300 deterantur
2336 2253 2390 2299 ad

1357 2315 1582 2360 Ecclefiam
1610 2316 1847 2359 monialium
1875 2330 1956 2359 non
1982 2325 2291 2371 exemptarum,
2321 2312 2393 2356 sed

1358 2374 1583 2419 Ordinatio
1592 2374 1854 2433 subjectarum
1867 2405 1880 2418 .
1899 2377 1951 2417 Et
1963 2372 2185 2417 sermonem
2201 2371 2392 2416 babendo

1357 2435 1412 2477 de
1425 2445 1564 2489 quarta
1576 2431 1755 2478 fimet-ali
1770 2461 1787 2484 ‚
1818 2434 2024 2478 Parochus
2039 2433 2095 2476 ait
2111 2461 2126 2484 ‚
2148 2431 2189 2475 se
2213 2445 2295 2475 non
2324 2445 2394 2473 re·

1358 2492 1508 2536 cedere
1530 2495 1555 2536 a
1567 2490 1861 2536 consuetudine
1873 2492 2067 2535 Civitatis
2097 2491 2358 2534 Novarienfis
2373 2515 2390 2540 ,

1358 2551 1470 2609 juxta
1482 2564 1603 2608 quam
1616 2581 1632 2602 ,
1653 2551 1680 2593 sn
1697 2549 1960 2594 tumulandus
1984 2549 2220 2592 in-Eccleiia
2235 2549 2393 2591 Monia—

1359 2610 1459 2656 liu'm
1472 2609 1520 2653 fir
1531 2609 1585 2653 de
1596 2610 1671 2652 suoe
1693 2609 1899 2651 Parochiae
1911 2606 2092 2649 distr-iau
2105 2635 2120 2657 ‚
2143 2606 2213 2648 fibi
2234 2606 2387 2648 dantur

1358 2679 1443 2711 tres
1453 2681 1505 2711 ex
1519 2677 1690 2722 quatuor
1705 2666 1885 2721 partibus
1898 2676 2000 2707 cerae
2010 2687 2024 2709 2
2037 2673 2196 2706 retenta
2214 2674 2287 2718 per
2303 2666 2392 2704 Μο-

1362 2725 1489 2769 niales
1517 2724 1645 2766 altera
1669 2733 1813 2779 quarta
1850 2730 1966 2777 parte
1983 2735 2000 2775 3
2029 2722 2096 2764 sed
2129 2721 2154 2763 fi
2185 2720 2391 2763 tumulan-

1363 2783 1439 2825 dus
1473 2783 1518 2823 sst
1549 2779 1604 2823 de
1633 2779 1764 2823 aliena
1793 2780 1989 2823 Parochia
2010 2806 2025 2829 ,
2051 2789 2149 2821 tunc
2179 2779 2389 2821 Par-ochus

1361 2839 1588 2884 Cadavetis
1612 2839 1764 2895 recipit
1779 2851 1882 2881 cert
1906 2837 2174 2880 medietatem
2191 2862 2207 2886 ‚
2232 2838 2273 2878 δι
2286 2834 2395 2877 alte-

1363 2913 1405 2942 ra
1428 2896 1628 2941 medietas
1653 2896 1853 2940 dividitur
1881 2895 1988 2938 inter
2015 2894 2212 2938 Moniales
2226 2924 2240 2945 ,
2262 2896 2302 2936 &
2322 2893 2392 2933 Pa·

1362 2956 1533 2999 rochum
1573 2954 1699 3010 ipsum
1719 2982 1735 3006 ‚
1761 2955 1867 2997 intra
1902 2950 2015 3010 cujus
2043 2951 2250 2996 Parochiae
2291 2950 2391 2992 fines

1361 3013 1429 3057 fita
1441 3013 1496 3057 en
1517 3013 1691 3055 Ecclesia
1706 3010 1943 3055 Monialium
1964 3039 1976 3052 .

1420 3070 1569 3130 Qoad
1597 3069 1783 3125 exempla
1800 3067 2083 3113 Anniversaria
2095 3071 2136 3111 in
2160 3065 2389 3123 suffragium

1362 3128 1655 3173 Defianfiorum
1670 3128 1962 3172 tumulatorum
1976 3128 2016 3169 in
2036 3128 2215 3170 Ecclesia
2235 3129 2396 3168 Monia·

1359 3189 1459 3232 lium
1475 3186 1587 3244 juxta
1603 3201 1651 3230 ea
1662 3216 1676 3239 ‚
1688 3200 1776 3244 que
1787 3194 2065 3242 proponuntur
2079 3186 2118 3228 in
2133 3183 2306 3229 secundo
2316 3184 2392 3226 du-

1362 3249 1430 3290 bio
1446 3273 1463 3299 ‚
1490 3247 1697 3290 parochus
1723 3244 1856 3288 infinit
1870 3242 2154 3287 consuetudini
2170 3272 2185 3295 ,
2211 3242 2393 3285 redacta·

1364 3316 1445 3361 que
1457 3304 1624 3348 demum
1633 3304 1907 3347 controversia
1921 3301 1968 3348 ad
1984 3302 2169 3344 ultimam
2183 3301 2300 3343 tertii
2314 3300 2392 3342 du-

1366 3364 1608 3419 biipattem,
1627 3362 1854 3413 hocest,ad
1865 3360 1927 3418 jus
1939 3358 2287 3403 admininistrandi
2315 3363 2390 3402 Sa-

1365 3430 1571 3466 cramenta
1586 3430 1671 3463 tam
1689 3421 1822 3463 invita
1838 3448 1852 3471 ,
1877 3420 1997 3474 quam
2019 3418 2059 3459 in
2083 3426 2219 3460 morte
2235 3446 2249 3468 ,
2275 3417 2316 3460 δι
2340 3414 2393 3459 ad

1365 3479 1428 3537 jus
1442 3477 1651 3522 tribuendi
1668 3475 1915 3534 sepulturam
1930 3474 2077 3518 nonnul
2085 3474 2132 3517 iis
2147 3475 2364 3519 Tertiariis
2378 3503 2395 3527 ,

1365 3539 1433 3594 qui
1464 3535 1705 3580 Monialibus
1735 3535 1950 3579 inserviunt
1967 3561 1983 3582 ,
2014 3533 2154 3587 regula
2180 3531 2280 3590 juris
2308 3533 2363 3577 est
2377 3560 2395 3584 ,

1363 3594 1470 3649 quod
1484 3591 1623 3637 samnii
1638 3594 1903 3638 inservientes
1918 3590 2157 3635 Moniaiibus
2170 3618 2185 3643 ,
2200 3601 2395 3635 tenentur

1370 3649 1595 3698 satisfacere
1608 3664 1810 3708 precepto
1828 3649 2001 3694 paschali
2016 3651 2057 3691 in
2079 3650 2255 3693 Ecclelia
2274 3652 2395 3691 Paro·

1371 3710 1492 3755 chiali
1511 3740 1525 3761 ‚
1549 3712 1590 3751 δι
1603 3709 1710 3765 quod
1731 3710 1781 3753 ad
1797 3709 2020 3752 Par-ochum
2034 3711 2242 3763 pertinet,
2255 3705 2392 3749 iisdem

286 3767 388 3813 ceffa
403 3768 617 3826 Religiofis
630 3798 645 3823 ,
673 3770 852 3816 concessa
874 3774 999 3817 etiam
1020 3771 1313 3824 dicantus-Meg
1373 3769 1539 3814 infirmis
1554 3774 1809 3813 Sacramenta
1822 3765 2122 3818 administrare,
2140 3769 2178 3809 δι
2192 3766 2300 3823 quod
2319 3778 2395 3807 eo-

2246 3835 2336 3864 rum
