2762 4030
399 188 502 274 16

1101 249 1103 252 .
1180 169 1753 263 'Provincia'

331 307 430 349 difti
450 297 718 350 Simoncelli,
745 295 813 340 vel
827 293 1115 362 cujuscumque
1131 288 1300 337 alterius
1315 293 1370 335 de
1433 294 1614 338 sentibus
1656 308 1736 336 non
1773 291 1955 351 expressa
1971 325 1986 349 ‚
2015 297 2082 341 vel
2111 300 2302 346 totaliter
2317 318 2398 350 non
2414 307 2480 352 in-‘

331 366 402 409 illa
419 368 602 406 Romana
615 360 761 425 Curia,
776 356 978 423 veletiam
992 365 1111 420 extra
1125 358 1372 405 eani,eti'ain
1432 352 1539 421 serta
1566 351 1889 423 effeetus-earum
1902 358 2095 412 impediri
2121 361 2256 405 valeat
2271 391 2285 415 ,
2299 351 2477 420 quomo-¹

330 437 470 467 coram
500 424 675 463 Notario
692 416 888 474 publico,
913 412 1133 456 &testibus
1149 414 1291 469 sponte
1309 411 1370 454 fa·
1433 413 1593 457 dolibet
1621 413 1689 456 vel
1702 412 1858 459 differri
1884 418 1924 462 δι
1950 415 2163 474 dequibus
2178 435 2473 479 quorumcum-

331 489 434 526 <stam
452 491 574 523 vacet
588 477 765 530 ‚etiamsi
793 485 908 518 tanto
923 485 1110 532 tempore
1128 473 1367 524 vacaverit,

330 541 443 599 quod
462 539 548 597 ejus
576 538 747 582 collatio
762 536 875 594 juxta
893 534 1175 577 Lateranensis
1197 535 1359 575 Statuta

327 600 508 645 Concilii
535 597 753 641 adsedem
780 594 1007 650 praedictam
1025 591 1213 648 legitime
1226 591 1361 635 devo·

326 663 413 705 luta
426 690 441 712 a
458 657 620 716 ipsaque
638 654 820 699 Ecclesia
837 657 877 696 S.
895 651 1092 695 Bernardi
1113 650 1364 708 dispositioni

325 719 567 778 Apostolicae
592 714 823 772 specialiter
839 741 854 764 ‚
894 712 959 754 vel
983 711 1084 755 alias
1113 711 1363 767 generaliter

325 780 532 823 reservata
543 775 684 818 existat
699 803 713 826 ‚
737 776 774 815 δι
800 771 917 827 super
931 785 980 813 ea
997 772 1107 813 inter
1123 770 1278 826 aliquos
1296 770 1360 822 lis,

322 839 433 898 cujus
462 838 653 880 statutum
694 832 954 889 praesentibus
997 830 1137 873 haberi
1172 830 1359 874 volumus

321 915 398 957 pro
426 891 637 952 expresse,
662 893 840 948 pendeat
868 889 1045 932 indecisa
1083 919 1097 942 ,
1133 888 1360 932 dummodo

321 959 409 1016 ejus
428 954 634 1013 dispositio
646 951 696 994 ad
713 956 802 996 Nos
818 953 891 994 hae
906 951 996 993 vice
1008 950 1212 1005 pertineat
1226 978 1241 1001 ,
1266 963 1360 992 cum

321 1017 488 1061 annexis
505 1011 733 1072 huiusmodi
746 1027 791 1054 ac
808 1010 994 1054 omnibus
1008 1008 1166 1065 juribus
1181 1038 1196 1059 ³
1211 1011 1250 1050 &
1263 1023 1357 1064 per-

318 1078 454 1134 petuis
481 1072 674 1118 tenentiis
687 1073 762 1115 suis
789 1072 827 1113 in
842 1073 1048 1120 Domum,
1074 1070 1142 1112 vel
1158 1072 1357 1112 Conven-

318 1147 406 1181 tum
422 1135 516 1178 dieti
534 1131 699 1176 Ordinis
714 1132 766 1174 ad
781 1129 898 1172 instar
912 1129 1084 1172 aliorum
1100 1131 1325 1171 Domorum
1342 1157 1358 1179 ,

317 1200 360 1240 &
377 1200 700 1243 Conventuum,
727 1192 795 1232 seu
821 1189 1006 1232 locorum
1028 1187 1210 1242 ejusdem
1231 1186 1358 1230 Ordi-

317 1258 383 1300 nis
411 1268 505 1296 cum
521 1253 736 1302 omnibus,
761 1251 802 1290 &
819 1247 980 1302 singulis
1008 1248 1085 1289 suis
1113 1247 1359 1304 privilegiis,

319 1313 590 1357 facultatibus
607 1340 620 1361 ,
644 1312 684 1351 &
707 1306 1037 1362 exemptionibus
1053 1335 1067 1358 ,
1087 1306 1359 1349 immunitati-

316 1376 395 1418 bus
409 1400 424 1423 ,
450 1370 708 1413 libertatibus
724 1400 739 1419 ,
754 1364 1028 1420 Indulgentiis
1045 1394 1058 1418 ,
1074 1367 1201 1409 etiam
1218 1365 1360 1421 plena-

316 1435 393 1477 riis
407 1462 423 1484 ,
450 1444 493 1473 ac
511 1439 775 1486 peccatorum
793 1424 1087 1468 remiffionibus
1099 1456 1115 1477 ,
1140 1423 1361 1469 conceffio·

316 1494 464 1540 nibuS,
490 1488 682 1541 indultis,
705 1490 743 1529 &
769 1486 857 1528 aliis
871 1484 1014 1541 gratiis
1046 1484 1239 1527 universis
1267 1494 1351 1526 tam

317 1548 636 1599 Ecclesiasticis‚
662 1548 782 1604 quam
815 1544 1107 1600 temporalibus
1132 1543 1257 1586 solitis
1274 1573 1289 1594 ,
1311 1544 1351 1584 δε

317 1608 520 1654 consuetis
538 1635 552 1658 ,
579 1610 661 1649 sine
675 1605 844 1662 alicujus
859 1603 1093 1660 praejudicio
1106 1632 1120 1655 ,
1148 1602 1355 1659 Apostoli·-

315 1685 363 1713 ca
380 1667 655 1717 authoritate,
677 1677 823 1707 tenore
839 1663 1090 1720 praesentium
1108 1691 1122 1713 ‚
1148 1663 1355 1718 perpetuo

315 1729 509 1782 erigimus
523 1756 538 1777 ‚
562 1729 602 1768 &
616 1724 882 1767 instituimus:
900 1736 1070 1765 necnon
1088 1722 1353 1772 Gaudiano,

314 1792 354 1831 &
370 1788 576 1830 Fratribus
604 1786 643 1828 in
660 1788 793 1827 Domo
808 1786 848 1826 S.
865 1782 1002 1825 Mariae
1017 1781 1259 1837 degentibus
1276 1782 1355 1824 hu-

311 1846 513 1907 jusmodi,
541 1845 580 1888 se
596 1859 688 1888 cum
708 1843 895 1885 omnibus
926 1855 1068 1884 eorum
1097 1841 1321 1898 privilegiis
1340 1869 1354 1892 ,

310 1905 577 1950 fricultatibus
610 1934 624 1957 ‚
664 1905 705 1945 &
746 1901 1070 1957 exemptionibus
1102 1930 1114 1953 ,
1155 1900 1355 1950 indultis,

307 1965 586 2022 Indulgentiis
603 1993 617 2015 2
639 1963 830 2019 &gratiis
863 1962 910 2004 ab
926 1960 1071 2004 eadem
1090 1963 1225 2002 Domo
1251 1963 1354 2002 San-

309 2030 376 2068 &ae
406 2026 543 2068 Mariae
567 2024 618 2066 ad
648 2023 794 2066 dictam
825 2019 1049 2064 Ecclefiam
1091 2022 1225 2063 Sancti
1253 2021 1354 2061 Ber-

306 2085 429 2128 nardi
469 2079 768 2130 transferendi,
798 2079 1198 2135 inibiquedegendi‚
1223 2093 1269 2120 ac
1288 2079 1351 2134 ip·

305 2143 389 2186 sam
420 2142 642 2186 Ecclesiam
676 2143 714 2183 S.
734 2138 931 2182 Bernardi
959 2139 1010 2181 acl
1041 2138 1213 2194 ipsorum
1246 2139 1351 2179 Fra-

308 2214 420 2247 trum
437 2201 734 2245 habitationem
750 2196 969 2255 adaptandi
988 2227 1002 2251 ,
1027 2196 1251 2254 ampliandi
1266 2226 1280 2245 ,
1312 2198 1353 2238 &

306 2261 588 2313 reformandi,
616 2275 660 2305 ac
686 2259 809 2302 etiam
842 2259 952 2301 illam
976 2286 990 2308 ‚
1027 2260 1067 2299 δε
1091 2256 1199 2300 illius
1233 2255 1354 2299 situm

306 2321 521 2372 mutandi,
547 2323 584 2363 &
600 2319 772 2363 fabricas
789 2314 1025 2361 necessarias
1041 2347 1054 2370 ,
1082 2317 1242 2371 aliaque
1272 2315 1351 2359 ini-

304 2384 346 2425 bi
366 2412 379 2435 ,
401 2391 523 2439 prout
539 2378 689 2423 eisdem
707 2379 946 2423 Guardiano
959 2407 974 2430 ‚
996 2379 1037 2419 &
1053 2376 1261 2420 Fratribus
1280 2390 1350 2418 ex-

302 2441 477 2501 pediens
510 2440 720 2483 videbitur.
747 2467 762 2491 ,
802 2437 1010 2487 faciendi,
1035 2439 1076 2479 &
1109 2435 1344 2492 exequendi

303 2501 561 2548 authoritate
578 2526 592 2549 2
625 2501 664 2542 &
694 2509 843 2542 tenore
868 2495 1064 2554 praedietis
1095 2495 1306 2539 licentiam
1328 2522 1342 2544 ‚

301 2561 596 2611 &facultatem
619 2557 916 2609 concedimur»,
944 2556 1081 2613 eisque
1106 2554 1264 2612 pariter
1279 2555 1342 2596 in·-

301 2626 552 2682 dulgemus,
580 2637 663 2666 non
694 2619 942 2664 obstantibus
970 2617 1183 2660 voluntate
1216 2612 1343 2667 priori

300 2685 465 2745 praefata
482 2714 496 2735 ‚
535 2697 580 2726 ac
599 2678 882 2725 Lateranensis
898 2676 1077 2720 Concilii
1096 2706 1109 2728 ‚
1136 2670 1342 2717 novissime

297 2744 529 2794 celebrati,
556 2742 728 2783 uniones
742 2749 957 2796 perpetuas
971 2766 985 2788 ‚
999 2736 1068 2778 nisi
1083 2736 1121 2778 in
1140 2732 1294 2777 casibus
1317 2729 1341 2771 εὶ

295 2807 386 2866 jure
406 2800 604 2860 praemissis
620 2799 708 2843 fieri
736 2797 1049 2855 prohibentibus
1065 2824 1078 2846 ‚
1105 2809 1151 2837 ac
1167 2782 1238 2836 fel}
1250 2804 1338 2851 rec.

300 2863 498 2909 Bonifacii
527 2863 641 2917 Papae
656 2861 776 2902 vm.
794 2853 1103 2901 Praedecefforis
1120 2852 1268 2901 nostri,
1301 2851 1340 2891 ὃς

299 2925 388 2968 :iliis
427 2920 671 2978 Apostolicis
705 2916 1080 2961 Constitutionibus
1122 2909 1342 2957 contrariis

298 2981 604 3042 quibuscunque
618 3009 633 3030 ,
660 2988 730 3023 aut
747 3008 760 3030 ,
779 2977 803 3020 si
819 2977 943 3034 aliqui
961 2975 1081 3032 super
1102 2969 1344 3031 provisioni-

295 3045 372 3087 bus
385 3042 453 3084 sibi
467 3039 667 3083 faciendis
682 3039 735 3082 de
752 3036 976 3093 hujusmodi
995 3065 1009 3086 a
1021 3034 1089 3077 vel
1107 3032 1195 3077 aliis
1212 3033 1343 3073 Bene-

294 3102 399 3147 ficiis
416 3100 702 3144 Ecclesiasticis
731 3098 772 3142 in
798 3097 880 3140 illis
912 3096 1094 3153 partibus
1113 3089 1340 3149 speciales,

296 3162 364 3206 vel
394 3161 607 3219 generales
647 3159 760 3201 die‘cae
787 3157 903 3202 Sedis
927 3187 942 3208 ‚
992 3155 1059 3198 vel
1089 3157 1341 3208 Legatorum

299 3223 388 3279 ejus
418 3222 561 3263 literas
587 3217 851 3275 impetrarint
870 3246 884 3268 ‚
909 3215 1066 3259 etiamsi
1091 3226 1166 3270 per
1193 3222 1261 3251 eas
1290 3206 1342 3249 ad

296 3281 584 3326 inhibitionem
599 3309 614 3330 ,
644 3278 964 3321 reservationem
979 3307 993 3327 ,
1020 3277 1059 3317 &
1087 3272 1308 3315 decretum
1324 3296 1339 3318 ‚

295 3343 362 3383 vel
379 3341 476 3384 alias
491 3337 805 3396 quomodolibet
835 3336 882 3379 fit
905 3330 1133 3392 processum
1152 3358 1167 3382 ‚
1191 3326 1336 3384 quibus

297 3401 485 3442 omnibus
501 3428 515 3450 ‚
540 3401 580 3440 δε
593 3395 795 3455 processus
825 3396 989 3439 habitos
1006 3396 1123 3450 super
1140 3387 1303 3434 easdem
1319 3415 1337 3438 2

301 3473 346 3501 ac
362 3460 456 3502 inde
481 3457 620 3502 secuta
636 3470 913 3516 quaecunque,
929 3455 979 3498 ad
995 3454 1144 3498 dietam
1173 3453 1215 3494 S·
1234 3451 1336 3492 Ber-

300 3517 417 3559 nardi
446 3519 630 3563 volumus
659 3532 740 3561 non
758 3515 956 3570 extendi,
985 3512 1056 3558 sed
1084 3510 1244 3555 nullum
1262 3521 1336 3564 per

304 3578 383 3617 hoc
415 3576 502 3628 eis,
531 3578 666 3634 quoad
704 3574 994 3620 assecutionem
1032 3570 1334 3616 beneficiorum

307 3634 477 3676 :iliorum
507 3637 781 3692 praejudicium
809 3634 998 3692 generari
1023 3665 1038 3686 ,
1077 3637 1115 3676 &
1140 3629 1341 3688 quibusli-

1430 487 1511 530 que
1541 472 1640 520 totis
1655 473 1865 518 tenoribus
1894 477 2079 521 habenda
2097 480 2143 520 fit
2160 482 2198 523 in
2215 480 2362 526 nostris
2378 483 2473 527 lite.

1421 534 1479 576 ris
1511 534 1667 576 mentio
1681 532 1862 589 specialis
1877 547 1894 588 3
1909 538 1994 578 Nos
2015 538 2125 581 enim
2139 569 2153 591 ,
2169 551 2291 598 prout
2311 542 2394 595 est,
2416 543 2472 585 ir-

1422 594 1546 636 ritum
1562 593 1821 636 decernimus
1834 625 1851 646 ‚
1874 596 2044 639 &inane
2058 627 2074 648 ,
2092 597 2115 640 fi
2136 599 2249 644 secus
2268 603 2385 657 super
2403 601 2477 644 his-

1429 651 1453 722 ,ἃ
1481 666 1683 711 quoquam
1713 653 1852 720 quavis
1879 655 2129 701 authoritate
2157 659 2362 713 scienter,
2397 660 2470 704 vel

1427 723 1664 769 ignoranter
1679 713 1903 767 contigerit
1924 717 2120 759 attentari
2138 747 2150 760 .
2182 720 2385 764 Volumus
2401 727 2471 763 au:

1422 782 1527 824 tem,
1540 771 1649 827 quod
1665 781 1835 828 propter
1850 773 2100 816 erectionem
2117 804 2132 827 ‚
2144 770 2470 833 institutionem

1421 834 1462 876 ὃς
1495 830 1793 876 concessionem
1824 829 2050 887 hujusmodi
2079 834 2241 891 praefata
2280 837 2466 881 Ecclesia

1418 895 1458 934 S.
1477 889 1676 932 Bernardi
1700 889 1852 933 debitis
1875 904 1960 933 non
1988 889 2205 938 fraudetur
2228 896 2430 955 obsequiis
2448 926 2465 951 ‚

1418 949 1486 994 sed
1500 949 1612 992 illius
1638 949 1819 1005 congrue
1845 951 2138 1006 supportentur
2152 969 2277 999 onera
2292 956 2467 1000 consue-'

1418 1021 1458 1052 ta
1473 1039 1484 1050 .
1518 1008 1636 1051 Nulli
1665 1022 1764 1063 ergo
1782 1009 1994 1053 hominum
2009 1009 2135 1055 liceat
2149 1014 2254 1058 hanc
2270 1016 2461 1071 paginam

1417 1068 1556 1112 nostrae
1570 1066 1837 1110 absolutionis
1853 1096 1867 1120 ‚
1894 1069 2110 1114 ereetionis
2122 1101 2136 1124 ‚
2165 1073 2426 1117 institutionis
2444 1103 2461 1126 ·‚

1420 1126 1682 1171 conceffionis
1696 1157 1711 1180 ‚
1733 1127 1935 1171 &indulti
1952 1129 2172 1187 infringere
2186 1161 2201 1183 ,
2223 1131 2291 1176 vel
2306 1133 2345 1176 ei
2366 1132 2463 1176 ausu

1421 1186 1645 1231 temerario
1660 1187 1872 1230 contraire
1890 1188 1959 1241 3Si
1976 1191 2062 1245 quis
2077 1200 2211 1234 autem
2227 1193 2305 1236 hoc
2322 1198 2467 1243 asten-J

1421 1259 1511 1290 tare
1538 1246 1829 1303 praesumpserit
1852 1275 1866 1299 ‚
1901 1247 2223 1305 indignationem
2258 1253 2463 1310 Omnipo-

1421 1307 1547 1351 tentis
1564 1308 1672 1359 Dei,
1702 1321 1749 1350 ac
1766 1309 1983 1350 Beatorum
2000 1310 2138 1362 Petri,
2169 1312 2209 1353 δι
2221 1311 2337 1354 Pauli
2353 1313 2464 1368 Apo.

1422 1368 1623 1412 stolorum
1645 1364 1733 1422 ejus
1746 1366 1789 1408 se
1813 1368 1974 1411 noverit
1992 1369 2245 1412 incursurum
2261 1399 2273 1411 .
2302 1373 2458 1414 Datum

1422 1429 1565 1470 Romae
1601 1425 1710 1481 apud
1747 1427 1937 1469 Sant‘tum
1977 1429 2146 1471 Petrum
2172 1444 2277 1473 anno
2313 1433 2456 1472 Incar-

1418 1486 1594 1530 nationis
1642 1486 1867 1528 Dominicae
1911 1485 2130 1531 Millesimo
2179 1488 2459 1545 quingentesi-

1414 1561 1483 1589 mo
1498 1545 1744 1602 sexagesimo
1758 1545 1929 1602 septimo
1940 1574 1954 1597 ,
1972 1546 2285 1591 Tertiodecimo
2310 1547 2459 1592 Kalen-

1418 1606 1489 1650 das
1503 1604 1758 1708 c{Decembris
1771 1635 1788 1657 ,
1817 1603 2083 1649 Pontificatus
2112 1605 2249 1651 Nostri
2264 1607 2386 1651 Anno
2396 1605 2461 1653 se-'

1418 1680 1496 1710 cun
1534 1681 1560 1710 o
1574 1695 1586 1708 .

1781 1784 1899 1827 Intus
1924 1785 1962 1828 V.
1979 1783 2079 1842 Caest
2091 1785 2313 1827 Glorkirus
2325 1814 2337 1825 .

1474 1906 1622 1958 Autog.
1651 1903 1693 1943 in
1705 1905 1850 1944 secret.
1867 1903 1915 1944 R.
1933 1903 1979 1943 C.
1995 1900 2225 1957 Apostolicae
2251 1903 2360 1959 apud
2371 1908 2454 1948 σε.

1518 1960 1658 2019 sarem
1674 1964 1818 2003 Secrct.
1836 1960 1880 2002 de
1896 1972 1972 2016 quo
1988 1961 2300 2020 Bullaformata
2314 1967 2357 2005 in
2372 1967 2454 2008 Ar·

1529 2020 1633 2063 cbiv.
1651 2021 1870 2063 conventas
1884 2048 1897 2062 .

1417 2262 1498 2314 Ad
1526 2264 1755 2312 Moniales
1789 2262 2077 2331 Capuccinas
2092 2262 2136 2309 in
2152 2263 2319 2311 Monte
2337 2263 2454 2328 Qiae

1485 2335 1616 2383 rinali
1649 2334 1706 2382 de
1740 2332 1876 2387 Urbe
1909 2331 2206 2381 instituendas
2253 2348 2452 2399 quatuor

1482 2405 1714 2455 Moniales
1759 2401 1782 2451 ἐ
1814 2400 2098 2453 Monasterio
2130 2407 2177 2452 S.
2198 2405 2363 2453 Mariae
2394 2402 2453 2452 de

1471 2472 1730 2544 Jerusalem
1746 2473 1922 2522 dimitti
1943 2509 1958 2530 ,
1979 2492 2030 2521 ac
2047 2472 2104 2522 ad
2140 2473 2333 2523 Almam
2356 2476 2452 2528 Ur-

1478 2545 1583 2594 bem
1600 2543 1796 2592 conduci
1815 2579 1831 2601 ,
1849 2547 1899 2592 P.
1919 2544 2215 2592 Procuratori
2236 2543 2448 2601 Ordinis,

1475 2617 1587 2666 illuc
1613 2613 1825 2684 ablegato
1843 2614 2096 2663 committit
2112 2647 2126 2660 .

1462 2749 1501 2791 A
1531 2753 1651 2799 tergo
1667 2773 1678 2783 .
1749 2743 1904 2786 Dicho
1944 2743 2048 2788 Filio
2083 2741 2338 2799 Evangelistae
2365 2742 2396 2782 ἄ

1525 2802 1695 2848 Canobio
1710 2803 1869 2845 Ordinis
1885 2806 1968 2847 FF.
1992 2806 2114 2844 santo
2129 2802 2332 2859 Francis&

1587 2866 1892 2919 Capuccinorum
1907 2863 1949 2904 in
1966 2866 2140 2905 Romana
2157 2861 2281 2904 Curia

1786 2924 2044 2966 Procurator}
2054 2949 2067 2962 .

1472 3045 1988 3099 GREGORIUS
2042 3043 2147 3092 PP.
2202 3043 2398 3093 XIII.

1433 3210 1436 3213 ,
1509 3164 1669 3208 Βῖίσῖῖσ
1682 3165 1771 3211 Fila·
1788 3165 1991 3216 Salutem,
2020 3161 2068 3210 θ’
2085 3158 2346 3219 Apostolicam

1761 3222 2070 3266 Benediblt‘onrm
2085 3248 2097 3261 .

1522 3336 1724 3391 Upientes
1753 3336 1792 3378 in
1813 3332 2061 3377 Monasterio
2087 3328 2283 3387 nuper‘in
2301 3329 2447 3371 Monte

1535 3395 1745 3454 Qirinali
1773 3425 1788 3447 ‚
1828 3393 1895 3437 seu
1922 3391 2099 3437 Caballo
2126 3395 2360 3442 nuncupato
2390 3385 2446 3426 de

1399 3458 1520 3498 Urbe
1555 3453 1785 3498 construeto
1802 3482 1816 3506 ‚
1832 3468 1908 3510 pro
1923 3450 2170 3497 Monialibus
2199 3443 2447 3502 Capuccinis

1399 3514 1572 3557 Ordinis
1589 3518 1629 3557 S.
1645 3515 1778 3558 Clarae
1793 3517 1942 3558 restam
1960 3508 2124 3554 vivendi
2140 3518 2325 3549 normam
2343 3532 2358 3555 ,
2375 3517 2445 3545 re-

1401 3573 1672 3630 gularemque
1701 3573 1956 3631 disciplinam
1985 3565 2221 3617 introduci,
2246 3565 2286 3605 3<
2313 3565 2443 3606 intro-

1402 3634 1570 3678 ductam
1602 3632 1824 3685 custodiri,
1853 3629 1946 3674 Tibi
1970 3626 2234 3676 mandamuS‚
2267 3632 2315 3666 ut
2332 3625 2448 3665 Nea-s

306 3694 379 3735 bet
408 3693 495 3733 aliis
526 3696 750 3751 privilegiis
762 3726 777 3748 ,
801 3694 1068 3752 Indulgentiis
1086 3723 1101 3746 ,
1136 3692 1177 3732 &
1206 3690 1337 3734 literis
1400 3693 1531 3750 polim
1547 3692 1598 3737 ad
1612 3692 1905 3737 Monasterium
1920 3685 2164 3732 Monialium
2181 3686 2222 3727 S.
2240 3681 2376 3726 Mariae
2390 3680 2448 3724 de

305 3751 552 3806 Apostolicis
581 3755 839 3808 generalibus
855 3785 869 3809 2
898 3753 964 3798 vel
980 3752 1219 3810 specialibus
1233 3766 1338 3807 quo·
1391 3751 1624 3811 Jerusalem
1648 3752 1719 3795 sub
1747 3755 1787 3796 S.
1804 3750 1939 3793 Clarae
1952 3745 2095 3803 regula
2112 3745 2243 3801 prima
2284 3743 2447 3799 degen-

303 3823 571 3866 ruincumque
602 3822 791 3855 tenorum
811 3815 982 3858 existant
997 3842 1011 3867 ,
1030 3827 1107 3871 per
1126 3824 1213 3870 quae
1236 3824 1336 3869 prae·
1394 3813 1502 3855 tium
1519 3815 1581 3856 Te
1596 3809 1790 3857 conferas
1803 3837 1818 3863 2
1831 3809 1871 3851 δι
1892 3806 2138 3852 Monialibus
2153 3800 2335 3862 ejusdem
2351 3802 2445 3843 Mo-

2249 3861 2305 3904 de
2327 3861 2388 3916 ip-⁴
