2710 4108
331 245 628 376 rugcfiiaqvera
640 328 783 373 suntin
801 327 995 373 parochia
1008 328 1237 385 sepelienda
1253 355 1267 379 ,
1282 327 1354 369 nisi

330 395 381 434 ab
397 394 454 433 eis
470 391 595 432 fuerit
611 390 704 431 alibi
718 390 845 431 electa
859 387 1087 443 sepultura,
1118 387 1175 428 uti
1203 386 1352 429 resolu-

332 461 415 492 tum
430 449 503 490 suit
515 448 565 490 ab
581 449 654 490 hac
666 451 783 491 Sacra
798 447 1130 503 Congregatione
1142 445 1180 487 in
1198 445 1360 486 Barchi-

326 520 462 549 noncn.
487 519 552 550 21.
567 507 764 559 ‘Januarii
786 518 902 561 1723.
932 505 976 547 in
1001 505 1171 548 Laudcn.
1193 505 1360 558 ‘Jurt'um

1138 208 1676 298 Provincia
1705 208 1716 220 ”

1475 327 1539 372 Ad
1553 328 1756 372 Primum.
1786 327 1855 371 Ad
1885 327 2055 385 primam
2075 325 2188 369 dubii
2203 325 2447 384 partem'afa

1416 386 1639 440 firmative3
1664 386 1714 442 ad
1745 385 1959 429 secundam
1977 415 1991 438 2
2023 386 2252 443 negative3
2282 388 2333 430 ad
2363 398 2446 438 ter·

1421 448 1543 497 tiam,
1580 443 1965 489 servetursolitum.

1479 504 1540 547 Ad
1560 504 1781 549 'secundum
1800 532 1812 545 .
1845 503 2128 557 Affirmative,
2161 502 2290 561 quoad
2317 505 2447 547 Anni-

329 564 617 607 parochialium
636 578 700 619 14·
719 562 875 619 Aprilis
898 566 971 606 168
980 577 1017 612 5.
1051 567 1096 606 In
1117 565 1367 618 spoletana-v
1427 562 1642 607 versarium
1671 562 1855 606 reli-{lum
1881 565 1905 607 ὲ
1933 563 2144 606 Pedrellio
2174 563 2196 620 (
2218 562 2447 621 Testatore)

328 626 497 678 Uarium
537 624 820 665 Parachtalium
841 635 903 665 10.
918 623 1072 678 Apulis
1105 623 1222 678 1692.
1248 621 1301 671 &⁴
1323 624 1366 662 in
1425 624 1465 665 δι
1480 621 1611 678 quoad
1627 622 1701 665 alia
1727 620 2022 677 coadjuvemur
2037 623 2299 678 probationes
2314 649 2326 662 .

333 681 560 725 Ulixbonen.
580 680 778 724 Occident-
799 694 861 737 19·
887 680 1101 735 septembr.
1118 692 1232 731 ¹722·
1249 678 1363 725 nulli

333 741 471 782 habita
498 739 854 789 confideratione,
887 738 992 796 quod
1018 738 1159 781 famuli
1187 738 1360 794 praednc'ti

333 798 409 840 fint
429 797 616 841 Tertiarii
631 825 646 850 ,
672 812 763 840 cum
789 798 937 840 etenim
955 799 990 838 in
1007 797 1182 840 claustro
1205 811 1281 838 non
1302 798 1357 838 vi-

335 867 451 906 vant,
478 856 633 898 idcirco
649 867 856 899 remanent
873 855 1032 912 subjecti
1051 855 1231 898 Parocho
1244 884 1260 905 ‚
1274 865 1355 898 tam

330 915 464 971 quoad
482 919 769 965 Sacramenta,
800 914 916 970 quam
947 916 1078 970 quoad
1105 914 1273 962 funera,
1300 913 1361 955 uti

331 973 438 1015 bene
453 973 676 1028 perpendit
691 974 931 1032 Eminentiſs.
955 976 1070 1014 Petra
1095 973 1149 1014 ad
1171 970 1363 1026 Constitu-

332 1035 451 1074 tiones
470 1031 700 1089 Aposlolzcas
719 1034 865 1084 Tom.4.
875 1042 970 1086 pag.
985 1044 1086 1085 473.
1115 1045 1220 1072 num.
1238 1041 1276 1079 7.
1305 1030 1360 1072 Et

332 1089 371 1131 in
397 1091 578 1132 terminis
606 1092 746 1131 horum
783 1090 1077 1131 Tertiariorum
1100 1117 1113 1140 ‚
1144 1090 1210 1145 qui
1238 1085 1359 1129 inser·

330 1149 443 1191 viunt
462 1149 568 1189 hisce
585 1148 824 1190 Monialibus
841 1147 1058 1202 Capucinis
1074 1147 1263 1189 Civitatis
1275 1146 1360 1189 No·-

331 1206 451 1249 variae
479 1205 682 1262 respondit
705 1207 786 1248 haec
814 1210 934 1249 Sacra
973 1205 1254 1261 Congregatio
1290 1217 1358 1247 an·

328 1279 381 1308 no
403 1263 520 1314 1640.

387 1326 440 1364 At
454 1324 639 1376 punc-'tum
657 1321 713 1364 est
726 1350 741 1373 ,
763 1322 870 1377 quod
886 1352 901 1374 ‚
914 1321 1014 1364 teste
1028 1320 1350 1365 Eminentiffimo

329 1379 569 1430 Ordinatio,
597 1380 788 1422 Tertiarii
808 1380 866 1422 isti
884 1381 1081 1424 Habitum
1104 1383 1305 1435 recipiunt
1329 1381 1354 1425 ὲ

327 1438 516 1480 Patribus
534 1436 779 1480 Reformatis
795 1467 810 1490 ,
837 1440 876 1480 δι
892 1438 1080 1482 incedunt
1093 1439 1162 1482 sub
1185 1440 1354 1482 illorum

330 1499 469 1539 Cruce
494 1496 534 1537 in
550 1495 895 1551 Proceffionibus3
925 1512 1007 1553 quo
1033 1497 1157 1540 stante
1173 1526 1187 1549 ,
1220 1511 1354 1553 operae

329 1554 506 1609 pretium
521 1553 580 1596 est
593 1555 820 1609 ponderare
832 1583 845 1606 ,
861 1570 908 1598 an
924 1554 1035 1611 supra
1051 1557 1186 1599 relatae
1202 1556 1352 1611 regulae

326 1612 424 1669 juris
461 1612 590 1655 obstet
616 1613 863 1656 Constitutio
905 1615 1135 1657 Sanctiffimi
1183 1614 1349 1657 Domini

327 1669 490 1721 Nostri,
517 1669 628 1712 edita
643 1685 748 1714 anoo
762 1683 883 1722 1725.
908 1673 944 1714 in
959 1687 1036 1728 qua
1052 1673 1234 1716 universa
1263 1673 1347 1729 pri-

328 1728 475 1783 vilegia
489 1729 563 1770 toti
578 1730 870 1772 Tertiariorum
887 1733 1039 1784 coetui,
1055 1734 1092 1773 in
1109 1741 1191 1774 tres
1207 1735 1344 1775 status

325 1786 537 1838 distincto,
571 1787 827 1830 Saecularium
852 1787 1031 1841 scilicet,
1062 1789 1345 1845 Collegialiter

327 1845 559 1887 viventium
573 1873 586 1896 ‚
617 1846 655 1887 &
678 1847 968 1900 Regularium‚
985 1863 1006 1890 a
1021 1848 1196 1892 Summis
1211 1850 1354 1891 Ponti-

325 1902 466 1945 ficibus
479 1902 657 1945 concessa
673 1902 959 1948 confirmantur
971 1934 985 1958 ‚
997 1907 1147 1962 ipsique
1164 1908 1355 1949 Tertiarii

326 1959 565 2003 omnimodae
592 1960 882 2018 jurisdictioni,
911 1965 951 2004 &
979 1965 1160 2019 regimini
1183 1964 1353 2008 Ministri

325 2019 537 2063 Generalis
564 2020 687 2061 totius
700 2020 866 2062 Ordinis
888 2021 1088 2064 Minorum
1104 2052 1118 2074 ‚
1149 2038 1222 2078 pro
1249 2034 1355 2067 tem·

324 2091 426 2133 pore
458 2076 624 2120 extituri
639 2102 653 2126 2
684 2076 818 2121 denuo
843 2078 1108 2135 subjiciuntur
1123 2110 1138 2132 ,
1171 2083 1210 2124 &
1238 2096 1351 2125 com-

322 2135 568 2179 mendantur
583 2164 593 2175 .

372 2195 471 2250 Jura
499 2191 846 2245 circumferuntur
860 2225 874 2248 ‚
912 2199 1105 2252 quocirca
1138 2211 1236 2241 onus
1271 2201 1351 2243 erit

324 2253 411 2295 EE.
428 2254 520 2293 VV.
536 2252 765 2296 decernere
777 2283 788 2295 .

384 2314 415 2353 1.
450 2314 513 2352 An
538 2310 720 2366 occasione
743 2312 944 2355 delationis
965 2316 1208 2359 Cadaverum
1220 2316 1354 2368 live-4

323 2368 517 2412 Parocbiae
531 2368 681 2411 saneta
699 2373 834 2413 Crucis
848 2399 861 2421 ,
876 2372 965 2427 sive
994 2376 1131 2416 aliene
1157 2376 1210 2417 ad
1221 2377 1350 2418 Eccle-

309 2427 417 2486 stam
429 2430 658 2468 exteriorem
674 2428 914 2472 Monialt‘um
933 2436 1221 2488 Capuctnarum
1236 2437 1350 2476 Paro.

323 2485 389 2528 cho
406 2485 554 2527 sanfflae
571 2485 704 2528 Crucis
713 2492 914 2541 pertineat
925 2489 992 2546 jus
1011 2490 1196 2545 funerum
1221 2506 1349 2537 cum-2

325 2548 449 2587 cruce
464 2573 480 2594 ‚
511 2544 563 2591 ὠ·
579 2546 687 2586 stola
696 2544 902 2600 privativi?
921 2549 976 2590 ad
995 2541 1280 2606 'consistorium
1291 2552 1351 2593 di-

319 2601 473 2643 §larum
486 2601 720 2644 Monialium
733 2631 747 2653 ,
759 2604 836 2660 seu
849 2610 982 2659 potius
996 2607 1073 2664 ipsi
1081 2607 1316 2666 Confhſjario
1332 2639 1349 2662 ‚

321 2661 377 2709 όν
389 2673 440 2701 an
454 2660 696 2716 infiepposito
709 2661 895 2704 debeatur
923 2664 1000 2720 ipsi
1021 2660 1184 2708 Parocbo
1200 2677 1347 2721 quarta

308 2716 472 2776 funeris
487 2730 585 2759 ccrae
598 2746 612 2769 ‚
637 2722 757 2762 etiam
762 2719 899 2777 positar
901 2721 1024 2777 super
1043 2725 1187 2767 Altare
1199 2754 1215 2776 ,
1245 2725 1347 2782 esto,v

319 2777 425 2831 quod
435 2775 611 2819 Cadaver
616 2777 672 2826 lit
685 2779 823 2820 aliena
841 2780 1064 2824 Parocbiae?

325 2889 336 2898 .
377 2838 432 2877 11.
467 2833 644 2890 Anpofflt
658 2837 845 2879 Parocbus
869 2835 913 2879 in
935 2839 1063 2881 eadem
1082 2841 1269 2893 Ecclesia,
1300 2845 1349 2891 ὅ

319 2892 613 2951 msbfflagium
630 2894 917 2951 Defuanorum
930 2895 1031 2939 inibi
1043 2901 1347 2953 tumulatorum,

320 2953 472 3005 explere
491 2953 777 3006 Annivcrsaria
793 2967 880 2995 cum
899 2955 1028 3012 Officio
1042 2985 1056 3007 ‚
1083 2958 1132 3005 θ’
1160 2958 1277 3015 Mtffit
1302 2960 1346 3001 in

317 3019 439 3052 cantu
451 3039 465 3060 ,
489 3010 564 3051 live
575 3025 620 3051 ex
635 3012 830 3054 devotione
846 3014 1061 3058 Heredum
1073 3041 1087 3064 ‚
1104 3015 1193 3073 sive
1206 3031 1251 3059 ex
1266 3018 1346 3064 dil:

312 3067 499 3123 positione
514 3069 750 3124 Testatorum
768 3074 782 3113 ἓ

381 3130 399 3168 l
406 3129 421 3168 Ι
425 3130 453 3168 1.
486 3130 548 3169 An
561 3128 676 3169 liceat
688 3128 765 3182 ipsi
777 3132 938 3173 Parooho
962 3135 1005 3173 in
1019 3132 1217 3175 Sabbatha
1246 3138 1341 3177 san.

317 3187 376 3227 570
390 3185 604 3226 benedicere
623 3188 913 3240 Collocutoriis,
935 3201 1006 3232 aut
1028 3193 1176 3243 ‘Januae
1199 3195 1340 3236 Mona-

306 3244 424 3300 sterii
437 3273 452 3294 ,
470 3244 532 3284 vel
546 3244 720 3300 Hospitio
741 3245 1028 3290 Tertiariorum
1042 3253 1199 3291 connexi
1214 3279 1225 3300 ‚
1251 3262 1337 3295 tum

316 3306 432 3343 etiam
456 3303 658 3345 Tertiariis
673 3303 759 3359 ipst's
770 3305 1043 3363 administrare
1058 3312 1333 3363 Sacramenta,

303 3359 390 3413 sive
406 3365 447 3402 t‘n
464 3364 548 3403 vita
562 3390 577 3412 ,
602 3361 740 3407 sivein
759 3373 906 3415 morte,
937 3367 1139 3409 veleorum
1163 3373 1341 3421 exequias

307 3431 499 3473 peragere
506 3429 581 3472 pro
595 3423 744 3462 tumulo
757 3423 869 3462 intra
882 3424 1002 3480 ipsam
1019 3423 1248 3477 Ecclesiam?

377 3480 397 3518 1
407 3478 441 3517 V.
475 3483 538 3520 Aa
553 3480 682 3520 valeat
699 3480 887 3521 parochus
900 3487 942 3522 in
954 3482 1059 3524 lea
1076 3484 1234 3537 Ecclesia
1243 3484 1337 3542 affi-

304 3531 413 3589 stere
444 3536 711 3579 Matrimoniis
725 3567 736 3588 ‚
769 3540 830 3580 vet
861 3553 991 3581 eorum
1028 3542 1336 3587 denuntiationes

306 3590 470 3649 facere,
497 3604 566 3636 aut
594 3595 866 3639 benedifflones
898 3598 1118 3642 Mulierum
1134 3601 1223 3659 post
1233 3612 1338 3658 par-

316 3658 402 3693 tum
417 3678 432 3700 ‚
449 3653 510 3692 vel
510 3652 654 3702 similes
665 3657 866 3709 impertiri
879 3658 922 3696 in
936 3658 1025 3715 casu
1036 3687 1046 3699 .

373 3708 439 3750 Ad
468 3724 554 3765 quae
579 3724 645 3765 23·
677 3714 844 3768 Augusti
875 3715 967 3756 anni
1003 3729 1124 3769 ¹727·
1166 3719 1190 3763 ὲ
1217 3721 1339 3763 Sacra

312 3769 645 3824 Congregatione
657 3769 732 3815 fuit
747 3772 966 3817 resolutum
980 3804 992 3817 .

1473 679 1542 724 ‘Ad
1575 681 1744 723 tertium
1771 707 1783 719 .
1814 681 2042 734 Negative,
2069 680 2201 737 quoad
2229 681 2440 737 primam.»

1417 748 1598 795 partem,
1624 737 1723 781 &ad
1737 735 1982 789 secundam,
2010 738 2060 781 ad
2090 742 2302 782 Mentem.

1474 797 1540 840 Ad
1565 799 1770 851 Qiartum
1791 826 1805 835 .
1838 797 2067 851 Negative,
2092 799 2130 839 δι
2164 799 2337 855 amplius
2366 798 2439 843 in.»

1415 856 1600 898 omnibus
1621 868 1695 898 non
1701 863 1951 911 proponatur
1969 882 1982 896 .
2107 863 2119 876 ·

1679 1005 1730 1056 C.
1745 1007 1871 1058 Card.
1887 1005 2044 1075 Origus
2061 1004 2189 1074 Praefi

1796 1137 1836 1177 P.
1849 1135 1893 1176 de
1909 1133 2169 1178 Lambertinis
2183 1137 2326 1177 Secret-

1468 1303 1528 1344 Ex
1546 1301 1633 1344 Lib.
1649 1313 1717 1351 77.
1729 1303 1886 1344 Dee-ret.
1901 1304 2042 1342 Secret.
2056 1303 2094 1341 S.
2103 1303 2242 1356 Congr.
2246 1300 2327 1359 jol.
2344 1312 2364 1352 3
2369 1299 2443 1357 96,

1522 1362 1622 1413 458.
1642 1360 1801 1412 517.&
1825 1361 1866 1402 in
1880 1360 2058 1418 thesauro
2085 1359 2257 1417 Resolut.
2287 1367 2381 1402 tom.
2392 1373 2441 1414 4.

1512 1415 1597 1476 fol.
1613 1423 1679 1464 82·
1696 1419 1749 1470 ά
1771 1431 1865 1475 ¹03.

1406 1770 1484 1824 Ad
1499 1769 1941 1821 commendationem
1957 1767 2262 1838 F.Augustini
2280 1770 2442 1819 Mariae

1483 1839 1509 1892 a
1536 1845 1726 1910 Lugano
1763 1856 1984 1892 attentam
2028 1843 2311 1890 voluntatem
2340 1839 2365 1887 ἂ
2395 1837 2440 1889 se

1482 1914 1611 1982 geri,
1649 1911 1939 1962 Sereniffimae
1974 1913 2256 1980 Hungariae,
2295 1910 2444 1959 Bohe-

1482 1983 1585 2031 miae
1614 1982 1705 2034 &a
1734 1985 1919 2052 Reginae
1949 1981 2109 2033 Mariae
2134 1979 2358 2032 Therefiae
2370 1996 2440 2029 re-

1482 2049 1664 2103 scribit.
1906 2070 1908 2074 ’

1470 2180 1507 2221 Α
1538 2181 1676 2235 Tergo
1694 2210 1706 2222 .
1737 2179 1982 2234 Chariss'imae
2003 2182 2046 2221 in
2073 2177 2224 2234 christo
2263 2179 2384 2222 Filiae

1523 2238 1660 2295 nostra
1674 2243 1823 2283 Maria·
1842 2237 2025 2288 Therest'ae
2040 2263 2055 2285 s
2071 2239 2118 2286 θ’
2131 2237 2322 2279 Bohemiae

1740 2295 1901 2355 Reginae
1926 2295 2076 2354 Illustri
2088 2324 2100 2337 .

1412 2414 1971 2473 BENEDICTUS
2019 2417 2237 2465 PAPA
2287 2415 2432 2464 XIV.

1412 2544 1649 2602 Charfiima
1688 2543 1732 2586 in
1757 2541 1909 2601 Christo
1937 2540 2050 2585 Filia
2074 2541 2201 2597 nostra
2222 2541 2397 2583 salutem
2412 2568 2431 2591 ,

1582 2603 1631 2652 θ’
1647 2603 1905 2661 Apostoltcam
1930 2601 2235 2645 Benedib‘t‘ioncm
2250 2627 2262 2640 .

1547 2719 1666 2763 Fficia
1692 2719 1914 2776 Maiestatis
1932 2721 2028 2763 Tuae
2057 2716 2078 2760 ἃ
2114 2716 2243 2761 Nobis
2269 2713 2434 2771 plurimi

1562 2778 1660 2822 fiunt
1689 2807 1705 2831 ,
1745 2781 1782 2821 δι
1811 2776 1900 2820 fieri
1932 2774 2113 2833 profecto
2139 2776 2292 2819 debent
2321 2786 2334 2815 ε
2378 2771 2430 2814 fic

1408 2846 1513 2883 enim
1541 2838 1711 2893 postulat
1727 2867 1740 2889 ,
1772 2839 1810 2880 &
1828 2835 2031 2892 Religiosa
2050 2838 2137 2878 Tua
2154 2835 2194 2878 in
2220 2836 2333 2883 vos,
2364 2839 2432 2873 at·-

1407 2911 1486 2953 que
1500 2896 1770 2953 Apostolicam
1793 2895 1946 2938 Sedem
1966 2894 2219 2938 observantia
2234 2919 2248 2939 ³
2279 2893 2318 2933 δι
2335 2889 2433 2932 infi-

1407 2965 1446 2998 ta
1463 2956 1593 2998 animo
1609 2954 1742 2998 nostro
1756 2954 1894 3011 opinio
1907 2981 1922 3004 ,
1937 2954 2142 2998 neminem
2159 2954 2228 2994 abs
2246 2952 2306 2992 Te
2321 2961 2435 3014 com-

1403 3013 1640 3057 mendatum
1667 3013 1714 3057 iri
1741 3040 1756 3063 ‚
1795 3026 1915 3070 quem
1940 3012 2054 3069 regia
2091 3010 2340 3072 benignitate
2367 3005 2430 3047 di·

1405 3087 1529 3129 gnum
1554 3086 1634 3115 non
1660 3072 1917 3128 reputaveris
1931 3101 1943 3114 .
1975 3075 2120 3126 Itaque
2139 3083 2217 3112 non
2236 3066 2427 3130 dubites3

1401 3132 1497 3186 quin
1521 3130 1663 3174 sedulo
1700 3132 1899 3174 rationem
1926 3130 2102 3173 habituri
2132 3127 2247 3170 fimus
2279 3123 2427 3166 Dileen

1400 3190 1491 3232 Filii
1507 3189 1712 3245 Augustini
1732 3189 1864 3234 Mariae
1893 3187 1915 3231 ἂ
1934 3191 2130 3244 Lugano,
2161 3182 2316 3228 Sodalis
2345 3184 2431 3247 Ca-

1397 3249 1531 3303 pucini
1557 3275 1572 3298 ‚
1605 3248 1672 3291 ubi
1701 3246 1754 3290 de
1776 3248 1913 3304 aliquo
1937 3245 2130 3303 eligendo
2150 3240 2350 3295 Episcopo
2383 3253 2424 3280 in

1395 3308 1564 3349 Ditione
1591 3315 1658 3349 tua
1685 3305 1977 3349 Mediolanensi
2006 3299 2316 3364 deliberandum
2333 3300 2426 3366 Isio-

1402 3366 1459 3407 bis
1490 3365 1614 3409 suerit
1630 3393 1641 3405 .
1676 3367 1792 3408 Tunc
1817 3364 2006 3420 liquidem
2022 3389 2037 3412 ‚
2068 3371 2112 3402 ut
2134 3358 2155 3401 i
2175 3358 2303 3400 Nobis
2329 3356 2426 3398 dili-

1398 3433 1543 3479 genter
1569 3424 1673 3479 petis
1699 3452 1714 3476 ‚
1758 3422 1808 3466 ad
1832 3422 1921 3478 ejus
1947 3422 2181 3484 virtutem-2
2224 3426 2424 3483 partaque

1396 3483 1465 3525 fibi
1490 3484 1634 3526 merita
1658 3510 1671 3532 ,
1709 3480 1931 3538 gravissimo
1957 3475 2176 3533 Maiestatis
2194 3477 2290 3517 Tuae
2314 3473 2425 3516 testi·

1397 3542 1535 3584 monio
1557 3541 1824 3597 comprobata
1854 3567 1870 3590 ‚
1909 3534 2101 3579 accurate
2130 3534 2420 3588 respiciemus,

1397 3601 1648 3656 &quantum
1675 3613 1748 3655 pro
1773 3609 1906 3640 rerum
1933 3593 2166 3637 conditione
2191 3591 2278 3635 fieri
2304 3601 2423 3648 pote—

1397 3659 1453 3700 rit
1474 3685 1488 3708 a
1518 3658 1700 3701 dabimus
1724 3668 1918 3713 operam,
1949 3664 1993 3696 ut
2024 3651 2422 3695 commendationem

1400 3718 1530 3759 Tuam
1556 3730 1633 3759 non
1649 3716 1745 3760 leve
1765 3714 1870 3771 apud
1884 3717 1970 3759 Nos
1983 3710 2142 3770 pondus
2167 3707 2344 3755 habuisse
2359 3709 2425 3752 in-

1398 3775 1609 3831 telligatur
1627 3803 1639 3817 .
2256 3829 2365 3871 Inte.
2414 3811 2419 3817 ,
2438 3803 2456 3811 2
