<?xml version="1.0" encoding="UTF-8"?>
<!DOCTYPE html PUBLIC "-//W3C//DTD XHTML 1.0 Transitional//EN"
    "http://www.w3.org/TR/xhtml1/DTD/xhtml1-transitional.dtd">
<html xmlns="http://www.w3.org/1999/xhtml" xml:lang="en" lang="en">
 <head>
  <title>
</title>
<meta http-equiv="Content-Type" content="text/html;charset=utf-8" />
  <meta name='ocr-system' content='tesseract 3.04.00' />
  <meta name='ocr-capabilities' content='ocr_page ocr_carea ocr_par ocr_line ocrx_word'/>
</head>
<body>
  <div class='ocr_page' id='page_1' title='image "./bullariumordinis02cath/bullariumordinis02cath_0475.png"; bbox 0 0 2710 4108; ppageno 0'>
   <div class='ocr_carea' id='block_1_1' title="bbox 1108 155 1595 271">
    <p class='ocr_par' dir='ltr' id='par_1_1' title="bbox 1108 155 1595 271">
     <span class='ocr_line' id='line_1_1' title="bbox 1108 155 1595 271; baseline 0.002 -28"><span class='ocrx_word' id='word_1_1' title='bbox 1108 155 1595 271; x_wconf 70' lang='lat' dir='ltr'>Tuscia.</span> 
     </span>
    </p>
   </div>
   <div class='ocr_carea' id='block_1_2' title="bbox 288 268 1312 1044">
    <p class='ocr_par' dir='ltr' id='par_1_2' title="bbox 288 268 1312 611">
     <span class='ocr_line' id='line_1_2' title="bbox 288 268 1312 344; baseline -0.007 -17"><span class='ocrx_word' id='word_1_2' title='bbox 288 269 538 327; x_wconf 72' lang='lat' dir='ltr'>Ecclesiam</span> <span class='ocrx_word' id='word_1_3' title='bbox 563 274 613 324; x_wconf 84' lang='lat' dir='ltr'>S.</span> <span class='ocrx_word' id='word_1_4' title='bbox 636 268 878 322; x_wconf 71' lang='lat' dir='ltr'>Michaelis</span> <span class='ocrx_word' id='word_1_5' title='bbox 905 268 963 320; x_wconf 85' lang='lat' dir='ltr'>de</span> <span class='ocrx_word' id='word_1_6' title='bbox 994 268 1150 321; x_wconf 79' lang='lat' dir='ltr'>Monte</span> <span class='ocrx_word' id='word_1_7' title='bbox 1169 275 1312 344; x_wconf 72' lang='lat' dir='ltr'>Riffi,</span> 
     </span>
     <span class='ocr_line' id='line_1_3' title="bbox 351 341 1311 419; baseline -0.001 -23"><span class='ocrx_word' id='word_1_8' title='bbox 351 362 495 419; x_wconf 79' lang='lat' dir='ltr'>prope</span> <span class='ocrx_word' id='word_1_9' title='bbox 506 341 747 411; x_wconf 87' lang='lat' dir='ltr'>oppidum,</span> <span class='ocrx_word' id='word_1_10' title='bbox 769 341 963 391; x_wconf 89' lang='lat' dir='ltr'>Peccioli</span> <span class='ocrx_word' id='word_1_11' title='bbox 986 359 1311 410; x_wconf 82' lang='lat' dir='ltr'>nuncupatum,</span> 
     </span>
     <span class='ocr_line' id='line_1_4' title="bbox 351 411 1310 485; baseline -0.011 -20"><span class='ocrx_word' id='word_1_12' title='bbox 351 416 435 485; x_wconf 66' lang='lat' dir='ltr'>per</span> <span class='ocrx_word' id='word_1_13' title='bbox 466 413 656 463; x_wconf 74' lang='lat' dir='ltr'>modum</span> <span class='ocrx_word' id='word_1_14' title='bbox 690 411 964 480; x_wconf 64' lang='lat' dir='ltr'>capellanie</span> <span class='ocrx_word' id='word_1_15' title='bbox 990 446 1007 469; x_wconf 86' lang='lat'>,</span> <span class='ocrx_word' id='word_1_16' title='bbox 1050 413 1310 479; x_wconf 71' lang='lat' dir='ltr'>Praepofitu.</span> 
     </span>
     <span class='ocr_line' id='line_1_5' title="bbox 354 477 1308 550; baseline -0.004 -13"><span class='ocrx_word' id='word_1_17' title='bbox 354 502 414 537; x_wconf 71' lang='grc' dir='ltr'>τε</span> <span class='ocrx_word' id='word_1_18' title='bbox 445 486 494 534; x_wconf 86' lang='lat' dir='ltr'>S.</span> <span class='ocrx_word' id='word_1_19' title='bbox 523 484 738 533; x_wconf 82' lang='lat' dir='ltr'>Amerani</span> <span class='ocrx_word' id='word_1_20' title='bbox 769 477 967 545; x_wconf 87' lang='lat' dir='ltr'>ejusdem</span> <span class='ocrx_word' id='word_1_21' title='bbox 995 483 1150 550; x_wconf 81' lang='lat' dir='ltr'>oppidi</span> <span class='ocrx_word' id='word_1_22' title='bbox 1175 501 1308 534; x_wconf 83' lang='lat' dir='ltr'>anne·</span> 
     </span>
     <span class='ocr_line' id='line_1_6' title="bbox 352 549 1307 611; baseline -0.004 -6"><span class='ocrx_word' id='word_1_23' title='bbox 352 568 457 605; x_wconf 70' lang='lat' dir='ltr'>xant</span> <span class='ocrx_word' id='word_1_24' title='bbox 480 549 682 603; x_wconf 78' lang='lat' dir='ltr'>dissolvit</span> <span class='ocrx_word' id='word_1_25' title='bbox 704 570 723 611; x_wconf 67' lang='grc' dir='ltr'>ς</span> <span class='ocrx_word' id='word_1_26' title='bbox 761 567 865 602; x_wconf 85' lang='lat' dir='ltr'>eam</span> <span class='ocrx_word' id='word_1_27' title='bbox 888 549 1025 601; x_wconf 80' lang='lat' dir='ltr'>salvis</span> <span class='ocrx_word' id='word_1_28' title='bbox 1050 551 1307 603; x_wconf 84' lang='lat' dir='ltr'>redditibus</span> 
     </span>
    </p>

    <p class='ocr_par' dir='ltr' id='par_1_3' title="bbox 350 619 1306 688">
     <span class='ocr_line' id='line_1_7' title="bbox 350 619 1306 688; baseline -0.001 -15"><span class='ocrx_word' id='word_1_29' title='bbox 350 620 422 683; x_wconf 86' lang='lat' dir='ltr'>(fi</span> <span class='ocrx_word' id='word_1_30' title='bbox 480 623 527 672; x_wconf 88' lang='lat' dir='ltr'>ui</span> <span class='ocrx_word' id='word_1_31' title='bbox 552 619 900 684; x_wconf 83' lang='lat' dir='ltr'>forent)eidem</span> <span class='ocrx_word' id='word_1_32' title='bbox 917 620 1223 688; x_wconf 81' lang='lat' dir='ltr'>Praepofiturae</span> <span class='ocrx_word' id='word_1_33' title='bbox 1245 641 1306 672; x_wconf 86' lang='lat' dir='ltr'>re·</span> 
     </span>
    </p>

    <p class='ocr_par' dir='ltr' id='par_1_4' title="bbox 350 640 1304 761">
     <span class='ocr_line' id='line_1_8' title="bbox 350 640 1304 761; baseline -0.001 -18"><span class='ocrx_word' id='word_1_34' title='bbox 350 640 573 745; x_wconf 48' lang='lat' dir='ltr'>maniarii</span> <span class='ocrx_word' id='word_1_35' title='bbox 600 691 832 743; x_wconf 79' lang='lat' dir='ltr'>Fratribus</span> <span class='ocrx_word' id='word_1_36' title='bbox 862 689 1049 743; x_wconf 88' lang='lat' dir='ltr'>concedi</span> <span class='ocrx_word' id='word_1_37' title='bbox 1074 692 1304 761; x_wconf 79' lang='lat' dir='ltr'>indulget;</span> 
     </span>
    </p>

    <p class='ocr_par' dir='ltr' id='par_1_5' title="bbox 351 760 1304 905">
     <span class='ocr_line' id='line_1_9' title="bbox 351 760 1304 828; baseline -0.003 -15"><span class='ocrx_word' id='word_1_38' title='bbox 351 781 406 814; x_wconf 86' lang='lat' dir='ltr'>ac</span> <span class='ocrx_word' id='word_1_39' title='bbox 439 765 615 813; x_wconf 75' lang='lat' dir='ltr'>Fratres</span> <span class='ocrx_word' id='word_1_40' title='bbox 646 760 827 813; x_wconf 87' lang='lat' dir='ltr'>eosdem</span> <span class='ocrx_word' id='word_1_41' title='bbox 869 760 1081 812; x_wconf 87' lang='lat' dir='ltr'>omnibus</span> <span class='ocrx_word' id='word_1_42' title='bbox 1119 764 1304 828; x_wconf 88' lang='lat' dir='ltr'>privile·</span> 
     </span>
     <span class='ocr_line' id='line_1_10' title="bbox 352 831 1303 905; baseline -0.004 -21"><span class='ocrx_word' id='word_1_43' title='bbox 352 835 474 905; x_wconf 81' lang='lat' dir='ltr'>giis,</span> <span class='ocrx_word' id='word_1_44' title='bbox 501 831 552 887; x_wconf 72' lang='grc' dir='ltr'>ἆ</span> <span class='ocrx_word' id='word_1_45' title='bbox 586 832 721 884; x_wconf 79' lang='lat' dir='ltr'>ludul</span> <span class='ocrx_word' id='word_1_46' title='bbox 757 835 887 884; x_wconf 81' lang='lat' dir='ltr'>entiis</span> <span class='ocrx_word' id='word_1_47' title='bbox 913 868 931 892; x_wconf 90' lang='lat'>,</span> <span class='ocrx_word' id='word_1_48' title='bbox 973 833 1074 882; x_wconf 82' lang='lat' dir='ltr'>aliis</span> <span class='ocrx_word' id='word_1_49' title='bbox 1109 833 1303 882; x_wconf 83' lang='lat' dir='ltr'>Ordinis</span> 
     </span>
    </p>

    <p class='ocr_par' dir='ltr' id='par_1_6' title="bbox 350 901 1303 962">
     <span class='ocr_line' id='line_1_11' title="bbox 350 901 1303 962; baseline -0.004 -6"><span class='ocrx_word' id='word_1_50' title='bbox 350 902 560 956; x_wconf 81' lang='lat' dir='ltr'>Bcclefiis</span> <span class='ocrx_word' id='word_1_51' title='bbox 589 920 726 954; x_wconf 89' lang='lat' dir='ltr'>conce</span> <span class='ocrx_word' id='word_1_52' title='bbox 781 922 833 962; x_wconf 85' lang='lat' dir='ltr'>s,</span> <span class='ocrx_word' id='word_1_53' title='bbox 866 901 916 955; x_wconf 85' lang='lat'>&amp;</span> <span class='ocrx_word' id='word_1_54' title='bbox 938 901 1237 952; x_wconf 84' lang='lat' dir='ltr'>concedendis</span> <span class='ocrx_word' id='word_1_55' title='bbox 1257 904 1303 952; x_wconf 89' lang='lat' dir='ltr'>in</span> 
     </span>
    </p>

    <p class='ocr_par' dir='ltr' id='par_1_7' title="bbox 353 971 1238 1044">
     <span class='ocr_line' id='line_1_12' title="bbox 353 971 1238 1044; baseline -0.003 -18"><span class='ocrx_word' id='word_1_56' title='bbox 353 993 407 1026; x_wconf 85' lang='lat' dir='ltr'>ea</span> <span class='ocrx_word' id='word_1_57' title='bbox 433 971 553 1035; x_wconf 86' lang='lat' dir='ltr'>frui,</span> <span class='ocrx_word' id='word_1_58' title='bbox 586 971 636 1027; x_wconf 67' lang='grc' dir='ltr'>ὅ(</span> <span class='ocrx_word' id='word_1_59' title='bbox 662 974 863 1044; x_wconf 83' lang='lat' dir='ltr'>gaudere</span> <span class='ocrx_word' id='word_1_60' title='bbox 889 972 982 1026; x_wconf 69' lang='grc' dir='ltr'>ὅτε.</span> <span class='ocrx_word' id='word_1_61' title='bbox 1011 971 1238 1023; x_wconf 82' lang='lat' dir='ltr'>declarat.</span> 
     </span>
    </p>
   </div>
   <div class='ocr_carea' id='block_1_3' title="bbox 290 1161 1311 1218">
    <p class='ocr_par' dir='ltr' id='par_1_8' title="bbox 290 1161 1311 1218">
     <span class='ocr_line' id='line_1_13' title="bbox 290 1161 1311 1218; baseline -0.004 -3"><span class='ocrx_word' id='word_1_62' title='bbox 290 1163 790 1218; x_wconf 74' lang='lat' dir='ltr'>GREGORIUS</span> <span class='ocrx_word' id='word_1_63' title='bbox 826 1161 1311 1216; x_wconf 82' lang='lat' dir='ltr'>EPISCOPUS.</span> 
     </span>
    </p>
   </div>
   <div class='ocr_carea' id='block_1_4' title="bbox 547 1347 1072 1395">
    <p class='ocr_par' dir='ltr' id='par_1_9' title="bbox 547 1347 1072 1395">
     <span class='ocr_line' id='line_1_14' title="bbox 547 1347 1072 1395; baseline -0.011 0"><span class='ocrx_word' id='word_1_64' title='bbox 547 1353 700 1395; x_wconf 78' lang='lat' dir='ltr'>Servus</span> <span class='ocrx_word' id='word_1_65' title='bbox 723 1352 942 1394; x_wconf 81' lang='lat' dir='ltr'>Servorum</span> <span class='ocrx_word' id='word_1_66' title='bbox 965 1347 1072 1390; x_wconf 84' lang='lat' dir='ltr'>Dei.</span> 
     </span>
    </p>
   </div>
   <div class='ocr_carea' id='block_1_5' title="bbox 459 1522 1140 1582">
    <p class='ocr_par' dir='ltr' id='par_1_10' title="bbox 459 1522 1140 1582">
     <span class='ocr_line' id='line_1_15' title="bbox 459 1522 1140 1582; baseline -0.001 -14"><span class='ocrx_word' id='word_1_67' title='bbox 459 1524 530 1568; x_wconf 73' lang='lat' dir='ltr'>Aa</span> <span class='ocrx_word' id='word_1_68' title='bbox 546 1533 780 1582; x_wconf 75' lang='lat' dir='ltr'>perpetuam</span> <span class='ocrx_word' id='word_1_69' title='bbox 808 1525 870 1569; x_wconf 81' lang='lat' dir='ltr'>rei</span> <span class='ocrx_word' id='word_1_70' title='bbox 895 1522 1140 1568; x_wconf 73' lang='lat' dir='ltr'>memoriam.</span> 
     </span>
    </p>
   </div>
   <div class='ocr_carea' id='block_1_6' title="bbox 279 1671 1316 3363">
    <p class='ocr_par' dir='ltr' id='par_1_11' title="bbox 284 1671 1307 1965">
     <span class='ocr_line' id='line_1_16' title="bbox 378 1671 1307 1728; baseline 0 -14"><span class='ocrx_word' id='word_1_71' title='bbox 378 1673 431 1714; x_wconf 82' lang='lat' dir='ltr'>lis</span> <span class='ocrx_word' id='word_1_72' title='bbox 457 1671 655 1716; x_wconf 77' lang='lat' dir='ltr'>Fidelium</span> <span class='ocrx_word' id='word_1_73' title='bbox 678 1673 783 1716; x_wconf 80' lang='lat' dir='ltr'>votis</span> <span class='ocrx_word' id='word_1_74' title='bbox 805 1698 821 1719; x_wconf 83' lang='lat'>‚</span> <span class='ocrx_word' id='word_1_75' title='bbox 849 1685 935 1728; x_wconf 86' lang='lat' dir='ltr'>quae</span> <span class='ocrx_word' id='word_1_76' title='bbox 962 1671 1191 1727; x_wconf 85' lang='lat' dir='ltr'>Religionis</span> <span class='ocrx_word' id='word_1_77' title='bbox 1217 1687 1307 1728; x_wconf 84' lang='lat' dir='ltr'>pro-</span> 
     </span>
     <span class='ocr_line' id='line_1_17' title="bbox 406 1730 1306 1788; baseline -0.001 -15"><span class='ocrx_word' id='word_1_78' title='bbox 406 1732 660 1788; x_wconf 77' lang='lat' dir='ltr'>pagationem</span> <span class='ocrx_word' id='word_1_79' title='bbox 679 1761 697 1782; x_wconf 87' lang='lat'>,</span> <span class='ocrx_word' id='word_1_80' title='bbox 728 1730 861 1774; x_wconf 82' lang='lat' dir='ltr'>Divini</span> <span class='ocrx_word' id='word_1_81' title='bbox 883 1743 1047 1787; x_wconf 87' lang='lat' dir='ltr'>quoque</span> <span class='ocrx_word' id='word_1_82' title='bbox 1064 1731 1196 1773; x_wconf 87' lang='lat' dir='ltr'>cultus</span> <span class='ocrx_word' id='word_1_83' title='bbox 1210 1745 1306 1786; x_wconf 77' lang='lat' dir='ltr'>aug-</span> 
     </span>
     <span class='ocr_line' id='line_1_18' title="bbox 284 1787 1298 1846; baseline -0.002 -13"><span class='ocrx_word' id='word_1_84' title='bbox 284 1800 467 1833; x_wconf 85' lang='lat' dir='ltr'>mentum</span> <span class='ocrx_word' id='word_1_85' title='bbox 490 1788 728 1846; x_wconf 84' lang='lat' dir='ltr'>respiciunt‚</span> <span class='ocrx_word' id='word_1_86' title='bbox 757 1800 800 1832; x_wconf 88' lang='lat' dir='ltr'>ut</span> <span class='ocrx_word' id='word_1_87' title='bbox 815 1798 999 1843; x_wconf 85' lang='lat' dir='ltr'>optatum</span> <span class='ocrx_word' id='word_1_88' title='bbox 1014 1787 1298 1832; x_wconf 75' lang='lat' dir='ltr'>lbrtianturef</span> 
     </span>
     <span class='ocr_line' id='line_1_19' title="bbox 285 1846 1306 1900; baseline -0.001 -8"><span class='ocrx_word' id='word_1_89' title='bbox 285 1848 436 1892; x_wconf 62' lang='lat' dir='ltr'>festum</span> <span class='ocrx_word' id='word_1_90' title='bbox 452 1876 466 1900; x_wconf 87' lang='lat'>,</span> <span class='ocrx_word' id='word_1_91' title='bbox 496 1847 672 1891; x_wconf 80' lang='lat' dir='ltr'>libenter</span> <span class='ocrx_word' id='word_1_92' title='bbox 697 1849 932 1900; x_wconf 76' lang='lat' dir='ltr'>annuimus,</span> <span class='ocrx_word' id='word_1_93' title='bbox 961 1862 1008 1891; x_wconf 87' lang='lat' dir='ltr'>ac</span> <span class='ocrx_word' id='word_1_94' title='bbox 1031 1861 1080 1891; x_wconf 82' lang='lat' dir='ltr'>ea</span> <span class='ocrx_word' id='word_1_95' title='bbox 1100 1846 1306 1893; x_wconf 82' lang='lat' dir='ltr'>favoribus</span> 
     </span>
     <span class='ocr_line' id='line_1_20' title="bbox 287 1902 850 1965; baseline 0.002 -17"><span class='ocrx_word' id='word_1_96' title='bbox 287 1902 565 1965; x_wconf 80' lang='lat' dir='ltr'>prosequimur</span> <span class='ocrx_word' id='word_1_97' title='bbox 587 1908 850 1962; x_wconf 83' lang='lat' dir='ltr'>opportunis.</span> 
     </span>
    </p>

    <p class='ocr_par' dir='ltr' id='par_1_12' title="bbox 279 1963 1316 3363">
     <span class='ocr_line' id='line_1_21' title="bbox 346 1963 1307 2021; baseline -0.001 -12"><span class='ocrx_word' id='word_1_98' title='bbox 346 1965 534 2009; x_wconf 72' lang='lat' dir='ltr'>Exhibita</span> <span class='ocrx_word' id='word_1_99' title='bbox 563 1963 755 2021; x_wconf 87' lang='lat' dir='ltr'>fiquidem</span> <span class='ocrx_word' id='word_1_100' title='bbox 781 1964 910 2009; x_wconf 85' lang='lat' dir='ltr'>Nobis</span> <span class='ocrx_word' id='word_1_101' title='bbox 939 1979 1066 2019; x_wconf 84' lang='lat' dir='ltr'>nuper</span> <span class='ocrx_word' id='word_1_102' title='bbox 1092 1979 1169 2020; x_wconf 87' lang='lat' dir='ltr'>pro</span> <span class='ocrx_word' id='word_1_103' title='bbox 1190 1977 1307 2021; x_wconf 85' lang='lat' dir='ltr'>parte</span> 
     </span>
     <span class='ocr_line' id='line_1_22' title="bbox 283 2023 1307 2068; baseline 0.001 -1"><span class='ocrx_word' id='word_1_104' title='bbox 283 2023 538 2067; x_wconf 70' lang='lat' dir='ltr'>Diieaomm</span> <span class='ocrx_word' id='word_1_105' title='bbox 557 2024 749 2066; x_wconf 73' lang='lat' dir='ltr'>Filiorum</span> <span class='ocrx_word' id='word_1_106' title='bbox 762 2023 947 2067; x_wconf 90' lang='lat' dir='ltr'>moderni</span> <span class='ocrx_word' id='word_1_107' title='bbox 968 2024 1118 2067; x_wconf 86' lang='lat' dir='ltr'>Vicarii</span> <span class='ocrx_word' id='word_1_108' title='bbox 1137 2026 1307 2068; x_wconf 80' lang='lat' dir='ltr'>Provin-</span> 
     </span>
     <span class='ocr_line' id='line_1_23' title="bbox 279 2081 1306 2138; baseline 0.005 -14"><span class='ocrx_word' id='word_1_109' title='bbox 279 2081 392 2125; x_wconf 83' lang='lat' dir='ltr'>cialis</span> <span class='ocrx_word' id='word_1_110' title='bbox 413 2082 577 2124; x_wconf 79' lang='lat' dir='ltr'>Ordinis</span> <span class='ocrx_word' id='word_1_111' title='bbox 601 2083 679 2124; x_wconf 82' lang='lat' dir='ltr'>FF.</span> <span class='ocrx_word' id='word_1_112' title='bbox 706 2083 937 2132; x_wconf 84' lang='lat' dir='ltr'>Minorum,</span> <span class='ocrx_word' id='word_1_113' title='bbox 971 2084 1306 2138; x_wconf 80' lang='lat' dir='ltr'>Capucinorum...</span> 
     </span>
     <span class='ocr_line' id='line_1_24' title="bbox 282 2139 1306 2197; baseline 0.002 -15"><span class='ocrx_word' id='word_1_114' title='bbox 282 2152 604 2197; x_wconf 87' lang='lat' dir='ltr'>nuncupatorum</span> <span class='ocrx_word' id='word_1_115' title='bbox 616 2170 629 2191; x_wconf 82' lang='lat'>,</span> <span class='ocrx_word' id='word_1_116' title='bbox 648 2141 869 2184; x_wconf 78' lang='lat' dir='ltr'>Provinciae</span> <span class='ocrx_word' id='word_1_117' title='bbox 883 2139 1031 2183; x_wconf 81' lang='lat' dir='ltr'>Tusciae</span> <span class='ocrx_word' id='word_1_118' title='bbox 1046 2155 1117 2192; x_wconf 86' lang='lat' dir='ltr'>,ac</span> <span class='ocrx_word' id='word_1_119' title='bbox 1136 2144 1306 2186; x_wconf 78' lang='lat' dir='ltr'>Univer-</span> 
     </span>
     <span class='ocr_line' id='line_1_25' title="bbox 282 2198 1309 2255; baseline 0.002 -15"><span class='ocrx_word' id='word_1_120' title='bbox 282 2199 433 2252; x_wconf 84' lang='lat' dir='ltr'>litatis,</span> <span class='ocrx_word' id='word_1_121' title='bbox 461 2201 502 2240; x_wconf 87' lang='lat'>&amp;</span> <span class='ocrx_word' id='word_1_122' title='bbox 525 2199 744 2241; x_wconf 84' lang='lat' dir='ltr'>Hominum</span> <span class='ocrx_word' id='word_1_123' title='bbox 757 2198 907 2255; x_wconf 83' lang='lat' dir='ltr'>Oppidi</span> <span class='ocrx_word' id='word_1_124' title='bbox 935 2199 1111 2242; x_wconf 84' lang='lat' dir='ltr'>Peccioli</span> <span class='ocrx_word' id='word_1_125' title='bbox 1139 2201 1309 2242; x_wconf 85' lang='lat' dir='ltr'>Vulter-</span> 
     </span>
     <span class='ocr_line' id='line_1_26' title="bbox 284 2255 1310 2314; baseline 0.002 -15"><span class='ocrx_word' id='word_1_126' title='bbox 284 2272 425 2300; x_wconf 82' lang='lat' dir='ltr'>ranen-</span> <span class='ocrx_word' id='word_1_127' title='bbox 454 2257 587 2299; x_wconf 79' lang='lat' dir='ltr'>oioec.</span> <span class='ocrx_word' id='word_1_128' title='bbox 618 2255 763 2311; x_wconf 88' lang='lat' dir='ltr'>petitio</span> <span class='ocrx_word' id='word_1_129' title='bbox 793 2256 1027 2299; x_wconf 87' lang='lat' dir='ltr'>continebat</span> <span class='ocrx_word' id='word_1_130' title='bbox 1056 2270 1073 2310; x_wconf 89' lang='lat'>;</span> <span class='ocrx_word' id='word_1_131' title='bbox 1109 2258 1216 2314; x_wconf 85' lang='lat' dir='ltr'>quod</span> <span class='ocrx_word' id='word_1_132' title='bbox 1244 2258 1310 2314; x_wconf 79' lang='lat' dir='ltr'>ipsi</span> 
     </span>
     <span class='ocr_line' id='line_1_27' title="bbox 284 2314 1312 2371; baseline -0.002 -11"><span class='ocrx_word' id='word_1_133' title='bbox 284 2314 559 2366; x_wconf 74' lang='lat' dir='ltr'>Univerfitas,</span> <span class='ocrx_word' id='word_1_134' title='bbox 572 2315 613 2355; x_wconf 72' lang='grc' dir='ltr'>δι</span> <span class='ocrx_word' id='word_1_135' title='bbox 630 2314 822 2357; x_wconf 76' lang='lat' dir='ltr'>Homines</span> <span class='ocrx_word' id='word_1_136' title='bbox 842 2315 906 2371; x_wconf 68' lang='lat' dir='ltr'>pis</span> <span class='ocrx_word' id='word_1_137' title='bbox 928 2314 1149 2359; x_wconf 80' lang='lat' dir='ltr'>devotione</span> <span class='ocrx_word' id='word_1_138' title='bbox 1170 2317 1278 2360; x_wconf 66' lang='lat' dir='ltr'>dufli</span> <span class='ocrx_word' id='word_1_139' title='bbox 1295 2344 1312 2368; x_wconf 86' lang='lat'>,</span> 
     </span>
     <span class='ocr_line' id='line_1_28' title="bbox 285 2372 1308 2429; baseline 0.001 -12"><span class='ocrx_word' id='word_1_140' title='bbox 285 2387 333 2417; x_wconf 89' lang='lat' dir='ltr'>ac</span> <span class='ocrx_word' id='word_1_141' title='bbox 358 2387 432 2429; x_wconf 91' lang='lat' dir='ltr'>pro</span> <span class='ocrx_word' id='word_1_142' title='bbox 452 2386 595 2416; x_wconf 86' lang='lat' dir='ltr'>eorum</span> <span class='ocrx_word' id='word_1_143' title='bbox 619 2372 826 2427; x_wconf 77' lang='lat' dir='ltr'>spirituali</span> <span class='ocrx_word' id='word_1_144' title='bbox 849 2372 1124 2417; x_wconf 88' lang='lat' dir='ltr'>consolatione</span> <span class='ocrx_word' id='word_1_145' title='bbox 1151 2374 1201 2417; x_wconf 88' lang='lat' dir='ltr'>ad</span> <span class='ocrx_word' id='word_1_146' title='bbox 1233 2377 1308 2418; x_wconf 89' lang='lat' dir='ltr'>Dei</span> 
     </span>
     <span class='ocr_line' id='line_1_29' title="bbox 285 2431 1309 2489; baseline -0.001 -13"><span class='ocrx_word' id='word_1_147' title='bbox 285 2431 449 2476; x_wconf 78' lang='lat' dir='ltr'>laudem</span> <span class='ocrx_word' id='word_1_148' title='bbox 476 2459 490 2483; x_wconf 89' lang='lat'>,</span> <span class='ocrx_word' id='word_1_149' title='bbox 518 2432 559 2474; x_wconf 76' lang='grc' dir='ltr'>δι</span> <span class='ocrx_word' id='word_1_150' title='bbox 587 2432 633 2473; x_wconf 81' lang='grc' dir='ltr'>Β.</span> <span class='ocrx_word' id='word_1_151' title='bbox 656 2433 796 2475; x_wconf 80' lang='lat' dir='ltr'>Mariae</span> <span class='ocrx_word' id='word_1_152' title='bbox 821 2432 996 2487; x_wconf 82' lang='lat' dir='ltr'>Virginis</span> <span class='ocrx_word' id='word_1_153' title='bbox 1020 2432 1216 2489; x_wconf 78' lang='lat' dir='ltr'>gloriam,</span> <span class='ocrx_word' id='word_1_154' title='bbox 1247 2444 1309 2476; x_wconf 90' lang='lat' dir='ltr'>to-</span> 
     </span>
     <span class='ocr_line' id='line_1_30' title="bbox 284 2489 1309 2547; baseline 0 -13"><span class='ocrx_word' id='word_1_155' title='bbox 284 2489 439 2547; x_wconf 85' lang='lat' dir='ltr'>tiusque</span> <span class='ocrx_word' id='word_1_156' title='bbox 459 2489 655 2533; x_wconf 82' lang='lat' dir='ltr'>Coelestis</span> <span class='ocrx_word' id='word_1_157' title='bbox 683 2489 813 2532; x_wconf 80' lang='lat' dir='ltr'>Curiae</span> <span class='ocrx_word' id='word_1_158' title='bbox 841 2491 1037 2533; x_wconf 84' lang='lat' dir='ltr'>honorem</span> <span class='ocrx_word' id='word_1_159' title='bbox 1069 2517 1084 2540; x_wconf 90' lang='lat'>,</span> <span class='ocrx_word' id='word_1_160' title='bbox 1123 2493 1161 2532; x_wconf 88' lang='lat'>&amp;</span> <span class='ocrx_word' id='word_1_161' title='bbox 1191 2491 1309 2547; x_wconf 80' lang='lat' dir='ltr'>ipsius</span> 
     </span>
     <span class='ocr_line' id='line_1_31' title="bbox 284 2547 1307 2605; baseline 0 -13"><span class='ocrx_word' id='word_1_162' title='bbox 284 2548 450 2592; x_wconf 81' lang='lat' dir='ltr'>Ordinis</span> <span class='ocrx_word' id='word_1_163' title='bbox 467 2547 797 2604; x_wconf 69' lang='lat' dir='ltr'>propagationem</span> <span class='ocrx_word' id='word_1_164' title='bbox 814 2576 829 2599; x_wconf 90' lang='lat'><strong>‚</strong></span> <span class='ocrx_word' id='word_1_165' title='bbox 858 2562 905 2590; x_wconf 86' lang='lat' dir='ltr'>ac</span> <span class='ocrx_word' id='word_1_166' title='bbox 921 2547 1045 2591; x_wconf 85' lang='lat' dir='ltr'>divini</span> <span class='ocrx_word' id='word_1_167' title='bbox 1062 2549 1307 2605; x_wconf 82' lang='lat' dir='ltr'>cultusaug-</span> 
     </span>
     <span class='ocr_line' id='line_1_32' title="bbox 283 2604 1307 2719; baseline -0.001 -11"><span class='ocrx_word' id='word_1_168' title='bbox 283 2604 866 2710; x_wconf 54' lang='lat' dir='ltr'>azztffisffiigf&#39;ffl</span> <span class='ocrx_word' id='word_1_169' title='bbox 895 2605 1307 2719; x_wconf 49' lang='lat' dir='ltr'>{aff‘it‘li‘ssi&#39;mss</span> 
     </span>
     <span class='ocr_line' id='line_1_33' title="bbox 284 2678 1303 2778; baseline -0.002 -11"><span class='ocrx_word' id='word_1_170' title='bbox 284 2738 351 2767; x_wconf 86' lang='lat' dir='ltr'>ros</span> <span class='ocrx_word' id='word_1_171' title='bbox 365 2722 458 2765; x_wconf 74' lang='lat' dir='ltr'>dieti</span> <span class='ocrx_word' id='word_1_172' title='bbox 473 2722 621 2778; x_wconf 86' lang='lat' dir='ltr'>Oppidi</span> <span class='ocrx_word' id='word_1_173' title='bbox 638 2678 843 2778; x_wconf 52' lang='lat' dir='ltr'>perifetuoe</span> <span class='ocrx_word' id='word_1_174' title='bbox 855 2678 1103 2777; x_wconf 57' lang='lat' dir='ltr'>gapena’niae</span> <span class='ocrx_word' id='word_1_175' title='bbox 1115 2751 1131 2773; x_wconf 92' lang='lat'>,</span> <span class='ocrx_word' id='word_1_176' title='bbox 1150 2721 1220 2764; x_wconf 88' lang='lat' dir='ltr'>sub</span> <span class='ocrx_word' id='word_1_177' title='bbox 1247 2724 1303 2766; x_wconf 90' lang='lat' dir='ltr'>in·</span> 
     </span>
     <span class='ocr_line' id='line_1_34' title="bbox 284 2780 1306 2837; baseline -0.001 -13"><span class='ocrx_word' id='word_1_178' title='bbox 284 2781 501 2824; x_wconf 83' lang='lat' dir='ltr'>vocatione</span> <span class='ocrx_word' id='word_1_179' title='bbox 527 2785 567 2823; x_wconf 87' lang='lat' dir='ltr'>S.</span> <span class='ocrx_word' id='word_1_180' title='bbox 584 2782 748 2831; x_wconf 71' lang='lat' dir='ltr'>Mariae,</span> <span class='ocrx_word' id='word_1_181' title='bbox 777 2782 817 2823; x_wconf 71' lang='grc' dir='ltr'>δι</span> <span class='ocrx_word' id='word_1_182' title='bbox 835 2780 1002 2837; x_wconf 78' lang='lat' dir='ltr'>jacobi,</span> <span class='ocrx_word' id='word_1_183' title='bbox 1033 2780 1072 2821; x_wconf 82' lang='lat' dir='ltr'>in</span> <span class='ocrx_word' id='word_1_184' title='bbox 1099 2780 1275 2824; x_wconf 69' lang='lat' dir='ltr'>Ecclesia</span> <span class='ocrx_word' id='word_1_185' title='bbox 1290 2810 1306 2833; x_wconf 83' lang='lat'>,</span> 
     </span>
     <span class='ocr_line' id='line_1_35' title="bbox 286 2837 1309 2896; baseline 0.001 -14"><span class='ocrx_word' id='word_1_186' title='bbox 286 2838 547 2896; x_wconf 76' lang='lat' dir='ltr'>Prepofieura</span> <span class='ocrx_word' id='word_1_187' title='bbox 570 2849 793 2895; x_wconf 85' lang='lat' dir='ltr'>nuncupata</span> <span class='ocrx_word' id='word_1_188' title='bbox 806 2842 846 2881; x_wconf 88' lang='lat' dir='ltr'>S.</span> <span class='ocrx_word' id='word_1_189' title='bbox 865 2837 1056 2880; x_wconf 80' lang='lat' dir='ltr'>Amerani</span> <span class='ocrx_word' id='word_1_190' title='bbox 1071 2838 1251 2894; x_wconf 84' lang='lat' dir='ltr'>Oppidi,</span> <span class='ocrx_word' id='word_1_191' title='bbox 1271 2841 1309 2883; x_wconf 72' lang='grc' dir='ltr'>δι</span> 
     </span>
     <span class='ocr_line' id='line_1_36' title="bbox 285 2895 1310 2953; baseline -0.001 -12"><span class='ocrx_word' id='word_1_192' title='bbox 285 2898 421 2942; x_wconf 86' lang='lat' dir='ltr'>Dioec·</span> <span class='ocrx_word' id='word_1_193' title='bbox 436 2895 711 2953; x_wconf 72' lang='lat' dir='ltr'>praedie&#39;torum</span> <span class='ocrx_word' id='word_1_194' title='bbox 735 2899 937 2951; x_wconf 75' lang='lat' dir='ltr'>pei-petuo</span> <span class='ocrx_word' id='word_1_195' title='bbox 962 2897 1143 2947; x_wconf 85' lang='lat' dir='ltr'>unitam,</span> <span class='ocrx_word' id='word_1_196' title='bbox 1171 2898 1213 2938; x_wconf 71' lang='grc' dir='ltr'>δι</span> <span class='ocrx_word' id='word_1_197' title='bbox 1238 2912 1310 2940; x_wconf 89' lang='lat' dir='ltr'>an·</span> 
     </span>
     <span class='ocr_line' id='line_1_37' title="bbox 283 2952 1313 3010; baseline 0 -13"><span class='ocrx_word' id='word_1_198' title='bbox 283 2970 445 3006; x_wconf 77' lang='lat' dir='ltr'>nexam,</span> <span class='ocrx_word' id='word_1_199' title='bbox 457 2969 575 2998; x_wconf 88' lang='lat' dir='ltr'>unam</span> <span class='ocrx_word' id='word_1_200' title='bbox 595 2956 767 2997; x_wconf 86' lang='lat' dir='ltr'>Domum</span> <span class='ocrx_word' id='word_1_201' title='bbox 780 2954 874 2997; x_wconf 72' lang='lat' dir='ltr'>dieti</span> <span class='ocrx_word' id='word_1_202' title='bbox 890 2952 1057 2996; x_wconf 85' lang='lat' dir='ltr'>Ordinis</span> <span class='ocrx_word' id='word_1_203' title='bbox 1069 2978 1086 3000; x_wconf 84' lang='lat'><strong>‚</strong></span> <span class='ocrx_word' id='word_1_204' title='bbox 1100 2967 1176 3010; x_wconf 90' lang='lat' dir='ltr'>pro</span> <span class='ocrx_word' id='word_1_205' title='bbox 1199 2956 1313 2997; x_wconf 90' lang='lat' dir='ltr'>unius</span> 
     </span>
     <span class='ocr_line' id='line_1_38' title="bbox 286 3010 1311 3068; baseline 0.002 -13"><span class='ocrx_word' id='word_1_206' title='bbox 286 3014 460 3059; x_wconf 81' lang='lat' dir='ltr'>Ministri</span> <span class='ocrx_word' id='word_1_207' title='bbox 474 3043 489 3064; x_wconf 93' lang='lat'>‚</span> <span class='ocrx_word' id='word_1_208' title='bbox 520 3012 585 3056; x_wconf 88' lang='lat' dir='ltr'>seu</span> <span class='ocrx_word' id='word_1_209' title='bbox 608 3011 831 3055; x_wconf 82' lang='lat' dir='ltr'>Guardiani</span> <span class='ocrx_word' id='word_1_210' title='bbox 846 3040 862 3063; x_wconf 92' lang='lat'>,</span> <span class='ocrx_word' id='word_1_211' title='bbox 889 3012 931 3053; x_wconf 73' lang='grc' dir='ltr'>δι</span> <span class='ocrx_word' id='word_1_212' title='bbox 955 3010 1109 3068; x_wconf 87' lang='lat' dir='ltr'>aliquot</span> <span class='ocrx_word' id='word_1_213' title='bbox 1132 3013 1311 3057; x_wconf 81' lang='lat' dir='ltr'>Fratrum</span> 
     </span>
     <span class='ocr_line' id='line_1_39' title="bbox 287 3068 1311 3131; baseline -0.003 -15"><span class='ocrx_word' id='word_1_214' title='bbox 287 3071 384 3131; x_wconf 84' lang='lat' dir='ltr'>ejus</span> <span class='ocrx_word' id='word_1_215' title='bbox 378 3071 469 3115; x_wconf 90' lang='lat' dir='ltr'>dem</span> <span class='ocrx_word' id='word_1_216' title='bbox 485 3070 654 3114; x_wconf 78' lang='lat' dir='ltr'>Ordinis</span> <span class='ocrx_word' id='word_1_217' title='bbox 668 3068 919 3113; x_wconf 72' lang='lat' dir='ltr'>habitatione</span> <span class='ocrx_word' id='word_1_218' title='bbox 937 3068 989 3114; x_wconf 83' lang='lat' dir='ltr'>de</span> <span class='ocrx_word' id='word_1_219' title='bbox 1004 3069 1084 3111; x_wconf 89' lang='lat' dir='ltr'>loci</span> <span class='ocrx_word' id='word_1_220' title='bbox 1102 3070 1311 3113; x_wconf 78' lang='lat' dir='ltr'>Ordinarii</span> 
     </span>
     <span class='ocr_line' id='line_1_40' title="bbox 290 3124 1309 3180; baseline -0.005 -5"><span class='ocrx_word' id='word_1_221' title='bbox 290 3128 483 3176; x_wconf 87' lang='lat' dir='ltr'>consensu</span> <span class='ocrx_word' id='word_1_222' title='bbox 499 3127 672 3172; x_wconf 76' lang='lat' dir='ltr'>construi</span> <span class='ocrx_word' id='word_1_223' title='bbox 691 3158 708 3180; x_wconf 89' lang='lat'>‚</span> <span class='ocrx_word' id='word_1_224' title='bbox 752 3129 790 3169; x_wconf 85' lang='lat'>&amp;</span> <span class='ocrx_word' id='word_1_225' title='bbox 827 3125 1013 3169; x_wconf 72' lang='lat' dir='ltr'>aedificari</span> <span class='ocrx_word' id='word_1_226' title='bbox 1047 3124 1186 3170; x_wconf 88' lang='lat' dir='ltr'>sacere</span> <span class='ocrx_word' id='word_1_227' title='bbox 1209 3127 1309 3171; x_wconf 89' lang='lat' dir='ltr'>sum·</span> 
     </span>
     <span class='ocr_line' id='line_1_41' title="bbox 289 3184 1311 3244; baseline -0.002 -12"><span class='ocrx_word' id='word_1_228' title='bbox 289 3202 456 3244; x_wconf 86' lang='lat' dir='ltr'>mopere</span> <span class='ocrx_word' id='word_1_229' title='bbox 476 3185 705 3230; x_wconf 72' lang='lat' dir='ltr'>desiderant</span> <span class='ocrx_word' id='word_1_230' title='bbox 721 3213 735 3237; x_wconf 88' lang='lat'>‚</span> <span class='ocrx_word' id='word_1_231' title='bbox 763 3187 801 3227; x_wconf 73' lang='grc' dir='ltr'>δι</span> <span class='ocrx_word' id='word_1_232' title='bbox 815 3186 865 3228; x_wconf 91' lang='lat' dir='ltr'>ad</span> <span class='ocrx_word' id='word_1_233' title='bbox 883 3184 1067 3228; x_wconf 65' lang='lat' dir='ltr'>effrenum</span> <span class='ocrx_word' id='word_1_234' title='bbox 1080 3185 1311 3240; x_wconf 74' lang='lat' dir='ltr'>pramiffum</span> 
     </span>
     <span class='ocr_line' id='line_1_42' title="bbox 285 3242 1315 3299; baseline -0.01 -7"><span class='ocrx_word' id='word_1_235' title='bbox 285 3248 469 3292; x_wconf 64' lang='lat' dir='ltr'>Diiet‘tns</span> <span class='ocrx_word' id='word_1_236' title='bbox 484 3246 606 3288; x_wconf 76' lang='lat' dir='ltr'>Pilius</span> <span class='ocrx_word' id='word_1_237' title='bbox 622 3243 814 3286; x_wconf 80' lang='lat' dir='ltr'>Nicolaus</span> <span class='ocrx_word' id='word_1_238' title='bbox 830 3242 1057 3287; x_wconf 78' lang='lat' dir='ltr'>Franciscus</span> <span class='ocrx_word' id='word_1_239' title='bbox 1072 3245 1208 3299; x_wconf 77' lang='lat' dir='ltr'>Spina,</span> <span class='ocrx_word' id='word_1_240' title='bbox 1224 3258 1315 3299; x_wconf 71' lang='lat' dir='ltr'>per.</span> 
     </span>
     <span class='ocr_line' id='line_1_43' title="bbox 286 3299 1316 3363; baseline -0.003 -16"><span class='ocrx_word' id='word_1_241' title='bbox 286 3317 432 3363; x_wconf 84' lang='lat' dir='ltr'>petuus</span> <span class='ocrx_word' id='word_1_242' title='bbox 443 3303 688 3360; x_wconf 78' lang='lat' dir='ltr'>capellanus</span> <span class='ocrx_word' id='word_1_243' title='bbox 714 3301 866 3343; x_wconf 67' lang='lat' dir='ltr'>indicia</span> <span class='ocrx_word' id='word_1_244' title='bbox 886 3299 1061 3342; x_wconf 73' lang='lat' dir='ltr'>Ecclesia</span> <span class='ocrx_word' id='word_1_245' title='bbox 1087 3304 1126 3344; x_wconf 87' lang='lat' dir='ltr'>S.</span> <span class='ocrx_word' id='word_1_246' title='bbox 1142 3304 1316 3344; x_wconf 82' lang='lat' dir='ltr'>Amera·</span> 
     </span>
    </p>
   </div>
   <div class='ocr_carea' id='block_1_7' title="bbox 288 3359 1318 3415">
    <p class='ocr_par' dir='ltr' id='par_1_13' title="bbox 288 3359 1318 3415">
     <span class='ocr_line' id='line_1_44' title="bbox 288 3359 1318 3415; baseline -0.007 -8"><span class='ocrx_word' id='word_1_247' title='bbox 288 3365 352 3415; x_wconf 86' lang='lat' dir='ltr'>ni,</span> <span class='ocrx_word' id='word_1_248' title='bbox 370 3361 532 3406; x_wconf 88' lang='lat' dir='ltr'>eosdem</span> <span class='ocrx_word' id='word_1_249' title='bbox 547 3362 853 3405; x_wconf 78' lang='lat' dir='ltr'>Univerfitatem</span> <span class='ocrx_word' id='word_1_250' title='bbox 868 3388 883 3409; x_wconf 91' lang='lat'>,</span> <span class='ocrx_word' id='word_1_251' title='bbox 911 3360 951 3400; x_wconf 75' lang='grc' dir='ltr'>δι</span> <span class='ocrx_word' id='word_1_252' title='bbox 968 3359 1164 3401; x_wconf 82' lang='lat' dir='ltr'>Homines</span> <span class='ocrx_word' id='word_1_253' title='bbox 1188 3360 1225 3401; x_wconf 91' lang='lat' dir='ltr'>in</span> <span class='ocrx_word' id='word_1_254' title='bbox 1244 3374 1318 3403; x_wconf 86' lang='lat' dir='ltr'>eo-</span> 
     </span>
    </p>
   </div>
   <div class='ocr_carea' id='block_1_8' title="bbox 287 3415 1316 3756">
    <p class='ocr_par' dir='ltr' id='par_1_14' title="bbox 287 3415 1316 3756">
     <span class='ocr_line' id='line_1_45' title="bbox 290 3415 1316 3483; baseline -0.003 -18"><span class='ocrx_word' id='word_1_255' title='bbox 290 3436 380 3466; x_wconf 84' lang='lat' dir='ltr'>rum</span> <span class='ocrx_word' id='word_1_256' title='bbox 408 3419 596 3463; x_wconf 75' lang='lat' dir='ltr'>laudabili</span> <span class='ocrx_word' id='word_1_257' title='bbox 614 3419 815 3475; x_wconf 70' lang='lat' dir='ltr'>proposito</span> <span class='ocrx_word' id='word_1_258' title='bbox 841 3415 1063 3483; x_wconf 74' lang='lat' dir='ltr'>hujusmodi</span> <span class='ocrx_word' id='word_1_259' title='bbox 1091 3416 1316 3462; x_wconf 77' lang='lat' dir='ltr'>confovere</span> 
     </span>
     <span class='ocr_line' id='line_1_46' title="bbox 290 3475 1315 3579; baseline -0.001 -1"><span class='ocrx_word' id='word_1_260' title='bbox 290 3479 455 3577; x_wconf 44' lang='lat' dir='ltr'>“isti“</span> <span class='ocrx_word' id='word_1_261' title='bbox 472 3475 1315 3579; x_wconf 47' lang='grc' dir='ltr'>ὲῑᾶἐῖἽξὲἐοἭἛῗὲἑέὲςὲἵεὶῖἲίῑῖξῖ</span> 
     </span>
     <span class='ocr_line' id='line_1_47' title="bbox 287 3541 1316 3656; baseline -0.005 -16"><span class='ocrx_word' id='word_1_262' title='bbox 287 3541 790 3651; x_wconf 48' lang='lat' dir='ltr'>¹c‘i&#39;ilatielriioquomodolibet</span> <span class='ocrx_word' id='word_1_263' title='bbox 838 3588 1080 3648; x_wconf 73' lang='lat' dir='ltr'>pertinentia</span> <span class='ocrx_word' id='word_1_264' title='bbox 1130 3562 1206 3656; x_wconf 62' lang='lat' dir='ltr'>prii</span> <span class='ocrx_word' id='word_1_265' title='bbox 1245 3605 1316 3635; x_wconf 86' lang='lat' dir='ltr'>ea-</span> 
     </span>
     <span class='ocr_line' id='line_1_48' title="bbox 292 3646 1313 3707; baseline -0.006 -11"><span class='ocrx_word' id='word_1_266' title='bbox 292 3655 388 3697; x_wconf 75' lang='lat' dir='ltr'>dem</span> <span class='ocrx_word' id='word_1_267' title='bbox 420 3652 658 3700; x_wconf 77' lang='lat' dir='ltr'>Capeliania</span> <span class='ocrx_word' id='word_1_268' title='bbox 696 3661 926 3695; x_wconf 76' lang='lat' dir='ltr'>remaneant</span> <span class='ocrx_word' id='word_1_269' title='bbox 964 3646 1197 3691; x_wconf 84' lang='lat' dir='ltr'>consentire</span> <span class='ocrx_word' id='word_1_270' title='bbox 1241 3662 1313 3707; x_wconf 85' lang='lat' dir='ltr'>pa-</span> 
     </span>
     <span class='ocr_line' id='line_1_49' title="bbox 293 3710 584 3756; baseline -0.017 0"><span class='ocrx_word' id='word_1_271' title='bbox 293 3724 406 3756; x_wconf 84' lang='lat' dir='ltr'>ratus</span> <span class='ocrx_word' id='word_1_272' title='bbox 423 3710 551 3754; x_wconf 84' lang='lat' dir='ltr'>existit</span> <span class='ocrx_word' id='word_1_273' title='bbox 573 3739 584 3751; x_wconf 96' lang='lat'>.</span> 
     </span>
    </p>
   </div>
   <div class='ocr_carea' id='block_1_9' title="bbox 1362 192 2403 3703">
    <p class='ocr_par' dir='ltr' id='par_1_15' title="bbox 1362 192 2403 3703">
     <span class='ocr_line' id='line_1_50' title="bbox 1429 192 2396 334; baseline 0.002 -17"><span class='ocrx_word' id='word_1_274' title='bbox 1429 279 1571 334; x_wconf 86' lang='lat' dir='ltr'>Qare</span> <span class='ocrx_word' id='word_1_275' title='bbox 1596 287 1673 331; x_wconf 88' lang='lat' dir='ltr'>pro</span> <span class='ocrx_word' id='word_1_276' title='bbox 1689 281 1802 329; x_wconf 86' lang='lat' dir='ltr'>parte</span> <span class='ocrx_word' id='word_1_277' title='bbox 1827 272 2006 323; x_wconf 79' lang='lat' dir='ltr'>vicarii,</span> <span class='ocrx_word' id='word_1_278' title='bbox 2033 288 2080 317; x_wconf 88' lang='lat' dir='ltr'>ac</span> <span class='ocrx_word' id='word_1_279' title='bbox 2114 192 2396 319; x_wconf 67' lang='lat' dir='ltr'>Uni4veri&#39;it5nis</span> 
     </span>
     <span class='ocr_line' id='line_1_51' title="bbox 1369 332 2397 387; baseline 0.002 -13"><span class='ocrx_word' id='word_1_280' title='bbox 1369 335 1408 374; x_wconf 86' lang='lat'>&amp;</span> <span class='ocrx_word' id='word_1_281' title='bbox 1425 334 1646 376; x_wconf 80' lang='lat' dir='ltr'>Hominum</span> <span class='ocrx_word' id='word_1_282' title='bbox 1673 332 1950 387; x_wconf 70' lang='lat' dir='ltr'>praediflorum</span> <span class='ocrx_word' id='word_1_283' title='bbox 1975 334 2103 375; x_wconf 84' lang='lat' dir='ltr'>Nobis</span> <span class='ocrx_word' id='word_1_284' title='bbox 2131 332 2206 377; x_wconf 85' lang='lat' dir='ltr'>fuit</span> <span class='ocrx_word' id='word_1_285' title='bbox 2234 336 2397 377; x_wconf 84' lang='lat' dir='ltr'>humili-</span> 
     </span>
     <span class='ocr_line' id='line_1_52' title="bbox 1370 389 2401 449; baseline 0.004 -17"><span class='ocrx_word' id='word_1_286' title='bbox 1370 400 1437 432; x_wconf 89' lang='lat' dir='ltr'>ter</span> <span class='ocrx_word' id='word_1_287' title='bbox 1460 389 1752 448; x_wconf 79' lang='lat' dir='ltr'>supplicatum,</span> <span class='ocrx_word' id='word_1_288' title='bbox 1781 399 1981 447; x_wconf 81' lang='lat' dir='ltr'>quatenus</span> <span class='ocrx_word' id='word_1_289' title='bbox 2002 405 2141 434; x_wconf 84' lang='lat' dir='ltr'>eorum</span> <span class='ocrx_word' id='word_1_290' title='bbox 2161 395 2228 449; x_wconf 85' lang='lat' dir='ltr'>pio</span> <span class='ocrx_word' id='word_1_291' title='bbox 2242 394 2401 436; x_wconf 82' lang='lat' dir='ltr'>defide-</span> 
     </span>
     <span class='ocr_line' id='line_1_53' title="bbox 1370 447 2399 508; baseline 0.004 -18"><span class='ocrx_word' id='word_1_292' title='bbox 1370 449 1491 490; x_wconf 84' lang='lat' dir='ltr'>rioin</span> <span class='ocrx_word' id='word_1_293' title='bbox 1505 447 1703 504; x_wconf 69' lang='lat' dir='ltr'>premiffis</span> <span class='ocrx_word' id='word_1_294' title='bbox 1729 460 1943 499; x_wconf 87' lang='lat' dir='ltr'>annuere,</span> <span class='ocrx_word' id='word_1_295' title='bbox 1972 448 2143 505; x_wconf 76' lang='lat' dir='ltr'>aliasque</span> <span class='ocrx_word' id='word_1_296' title='bbox 2169 452 2399 508; x_wconf 74' lang='lat' dir='ltr'>opportune</span> 
     </span>
     <span class='ocr_line' id='line_1_54' title="bbox 1368 504 2400 564; baseline 0.003 -16"><span class='ocrx_word' id='word_1_297' title='bbox 1368 506 1617 562; x_wconf 77' lang='lat' dir='ltr'>providere,</span> <span class='ocrx_word' id='word_1_298' title='bbox 1647 506 1702 549; x_wconf 90' lang='lat' dir='ltr'>de</span> <span class='ocrx_word' id='word_1_299' title='bbox 1730 504 1987 562; x_wconf 78' lang='lat' dir='ltr'>benignitate</span> <span class='ocrx_word' id='word_1_300' title='bbox 2000 507 2228 560; x_wconf 74' lang='lat' dir='ltr'>Apostolica</span> <span class='ocrx_word' id='word_1_301' title='bbox 2258 510 2400 564; x_wconf 84' lang='lat' dir='ltr'>digna·</span> 
     </span>
     <span class='ocr_line' id='line_1_55' title="bbox 1367 563 2403 620; baseline 0.004 -15"><span class='ocrx_word' id='word_1_302' title='bbox 1367 576 1534 606; x_wconf 82' lang='lat' dir='ltr'>remur.</span> <span class='ocrx_word' id='word_1_303' title='bbox 1565 566 1653 607; x_wconf 82' lang='lat' dir='ltr'>Nos</span> <span class='ocrx_word' id='word_1_304' title='bbox 1668 565 1823 620; x_wconf 87' lang='lat' dir='ltr'>igitur,</span> <span class='ocrx_word' id='word_1_305' title='bbox 1853 564 1923 619; x_wconf 89' lang='lat' dir='ltr'>qui</span> <span class='ocrx_word' id='word_1_306' title='bbox 1949 563 2102 606; x_wconf 89' lang='lat' dir='ltr'>dudum</span> <span class='ocrx_word' id='word_1_307' title='bbox 2116 566 2224 608; x_wconf 89' lang='lat' dir='ltr'>inter</span> <span class='ocrx_word' id='word_1_308' title='bbox 2237 569 2315 608; x_wconf 91' lang='lat' dir='ltr'>alia</span> <span class='ocrx_word' id='word_1_309' title='bbox 2330 582 2403 609; x_wconf 81' lang='lat' dir='ltr'>vo-</span> 
     </span>
     <span class='ocr_line' id='line_1_56' title="bbox 1366 620 2397 678; baseline 0.002 -14"><span class='ocrx_word' id='word_1_310' title='bbox 1366 621 1542 672; x_wconf 85' lang='lat' dir='ltr'>luimus,</span> <span class='ocrx_word' id='word_1_311' title='bbox 1571 622 1679 678; x_wconf 88' lang='lat' dir='ltr'>quod</span> <span class='ocrx_word' id='word_1_312' title='bbox 1699 630 1889 677; x_wconf 86' lang='lat' dir='ltr'>petentes</span> <span class='ocrx_word' id='word_1_313' title='bbox 1911 620 2106 664; x_wconf 81' lang='lat' dir='ltr'>beneficia</span> <span class='ocrx_word' id='word_1_314' title='bbox 2128 623 2397 667; x_wconf 82' lang='lat' dir='ltr'>Ecclefiastica</span> 
     </span>
     <span class='ocr_line' id='line_1_57' title="bbox 1364 679 2399 735; baseline 0.002 -13"><span class='ocrx_word' id='word_1_315' title='bbox 1364 679 1454 722; x_wconf 87' lang='lat' dir='ltr'>aliis</span> <span class='ocrx_word' id='word_1_316' title='bbox 1470 679 1605 731; x_wconf 88' lang='lat' dir='ltr'>uniri,</span> <span class='ocrx_word' id='word_1_317' title='bbox 1635 689 1881 723; x_wconf 83' lang='lat' dir='ltr'>tenerentur</span> <span class='ocrx_word' id='word_1_318' title='bbox 1909 681 2137 735; x_wconf 83' lang='lat' dir='ltr'>exprimere</span> <span class='ocrx_word' id='word_1_319' title='bbox 2164 695 2304 724; x_wconf 82' lang='lat' dir='ltr'>verum</span> <span class='ocrx_word' id='word_1_320' title='bbox 2329 696 2399 724; x_wconf 84' lang='lat' dir='ltr'>an-</span> 
     </span>
     <span class='ocr_line' id='line_1_58' title="bbox 1364 736 2402 783; baseline 0.001 -3"><span class='ocrx_word' id='word_1_321' title='bbox 1364 750 1489 780; x_wconf 88' lang='lat' dir='ltr'>nuum</span> <span class='ocrx_word' id='word_1_322' title='bbox 1527 737 1711 780; x_wconf 77' lang='lat' dir='ltr'>valorem</span> <span class='ocrx_word' id='word_1_323' title='bbox 1754 736 1972 782; x_wconf 89' lang='lat' dir='ltr'>secundum</span> <span class='ocrx_word' id='word_1_324' title='bbox 2012 752 2266 783; x_wconf 87' lang='lat' dir='ltr'>communem</span> <span class='ocrx_word' id='word_1_325' title='bbox 2304 739 2402 781; x_wconf 81' lang='lat' dir='ltr'>aesti-</span> 
     </span>
     <span class='ocr_line' id='line_1_59' title="bbox 1364 795 2401 852; baseline 0.001 -14"><span class='ocrx_word' id='word_1_326' title='bbox 1364 797 1583 838; x_wconf 87' lang='lat' dir='ltr'>mationem</span> <span class='ocrx_word' id='word_1_327' title='bbox 1599 823 1615 847; x_wconf 91' lang='lat'>,</span> <span class='ocrx_word' id='word_1_328' title='bbox 1626 795 1806 852; x_wconf 84' lang='lat' dir='ltr'>alioquin</span> <span class='ocrx_word' id='word_1_329' title='bbox 1821 796 1919 839; x_wconf 90' lang='lat' dir='ltr'>unio</span> <span class='ocrx_word' id='word_1_330' title='bbox 1929 810 2007 838; x_wconf 89' lang='lat' dir='ltr'>non</span> <span class='ocrx_word' id='word_1_331' title='bbox 2025 796 2184 840; x_wconf 81' lang='lat' dir='ltr'>valeret</span> <span class='ocrx_word' id='word_1_332' title='bbox 2200 824 2216 846; x_wconf 82' lang='lat'>‚</span> <span class='ocrx_word' id='word_1_333' title='bbox 2244 799 2284 839; x_wconf 74' lang='grc' dir='ltr'>δι</span> <span class='ocrx_word' id='word_1_334' title='bbox 2298 799 2401 839; x_wconf 82' lang='lat' dir='ltr'>lem-</span> 
     </span>
     <span class='ocr_line' id='line_1_60' title="bbox 1362 853 2399 911; baseline 0.001 -16"><span class='ocrx_word' id='word_1_335' title='bbox 1362 868 1437 911; x_wconf 92' lang='lat' dir='ltr'>per</span> <span class='ocrx_word' id='word_1_336' title='bbox 1464 854 1503 895; x_wconf 91' lang='lat' dir='ltr'>in</span> <span class='ocrx_word' id='word_1_337' title='bbox 1533 854 1746 896; x_wconf 85' lang='lat' dir='ltr'>unionibus</span> <span class='ocrx_word' id='word_1_338' title='bbox 1778 853 1998 896; x_wconf 72' lang='lat' dir='ltr'>commistio</span> <span class='ocrx_word' id='word_1_339' title='bbox 2018 853 2139 898; x_wconf 84' lang='lat' dir='ltr'>fieret</span> <span class='ocrx_word' id='word_1_340' title='bbox 2163 855 2213 897; x_wconf 87' lang='lat' dir='ltr'>ad</span> <span class='ocrx_word' id='word_1_341' title='bbox 2236 867 2399 911; x_wconf 84' lang='lat' dir='ltr'>partes,</span> 
     </span>
     <span class='ocr_line' id='line_1_61' title="bbox 1373 911 2402 969; baseline 0 -14"><span class='ocrx_word' id='word_1_342' title='bbox 1373 912 1547 964; x_wconf 76' lang='lat' dir='ltr'>vocatis,</span> <span class='ocrx_word' id='word_1_343' title='bbox 1576 925 1749 969; x_wconf 88' lang='lat' dir='ltr'>quorum</span> <span class='ocrx_word' id='word_1_344' title='bbox 1786 911 2018 955; x_wconf 76' lang='lat' dir='ltr'>intereiset:</span> <span class='ocrx_word' id='word_1_345' title='bbox 2049 913 2196 969; x_wconf 89' lang='lat' dir='ltr'>quique</span> <span class='ocrx_word' id='word_1_346' title='bbox 2214 914 2402 968; x_wconf 74' lang='lat' dir='ltr'>Religio-</span> 
     </span>
     <span class='ocr_line' id='line_1_62' title="bbox 1371 971 2400 1027; baseline 0.001 -15"><span class='ocrx_word' id='word_1_347' title='bbox 1371 973 1430 1013; x_wconf 87' lang='lat' dir='ltr'>nis</span> <span class='ocrx_word' id='word_1_348' title='bbox 1445 971 1774 1027; x_wconf 79' lang='lat' dir='ltr'>propagationem</span> <span class='ocrx_word' id='word_1_349' title='bbox 1788 999 1805 1021; x_wconf 92' lang='lat'>,</span> <span class='ocrx_word' id='word_1_350' title='bbox 1837 984 1881 1011; x_wconf 91' lang='lat' dir='ltr'>ac</span> <span class='ocrx_word' id='word_1_351' title='bbox 1904 971 2042 1012; x_wconf 78' lang='lat' dir='ltr'>Divini</span> <span class='ocrx_word' id='word_1_352' title='bbox 2061 972 2196 1014; x_wconf 87' lang='lat' dir='ltr'>cultus</span> <span class='ocrx_word' id='word_1_353' title='bbox 2210 986 2400 1027; x_wconf 86' lang='lat' dir='ltr'>augmen-</span> 
     </span>
     <span class='ocr_line' id='line_1_63' title="bbox 1370 1027 2400 1084; baseline -0.002 -12"><span class='ocrx_word' id='word_1_354' title='bbox 1370 1039 1457 1072; x_wconf 89' lang='lat' dir='ltr'>tum</span> <span class='ocrx_word' id='word_1_355' title='bbox 1474 1058 1488 1080; x_wconf 87' lang='lat'>,</span> <span class='ocrx_word' id='word_1_356' title='bbox 1518 1029 1656 1071; x_wconf 83' lang='lat' dir='ltr'>nostris</span> <span class='ocrx_word' id='word_1_357' title='bbox 1684 1027 1921 1084; x_wconf 81' lang='lat' dir='ltr'>potiilimum</span> <span class='ocrx_word' id='word_1_358' title='bbox 1954 1030 2206 1084; x_wconf 82' lang='lat' dir='ltr'>temporibus</span> <span class='ocrx_word' id='word_1_359' title='bbox 2232 1057 2245 1079; x_wconf 88' lang='lat'>,</span> <span class='ocrx_word' id='word_1_360' title='bbox 2273 1029 2400 1071; x_wconf 83' lang='lat' dir='ltr'>lince-</span> 
     </span>
     <span class='ocr_line' id='line_1_64' title="bbox 1370 1086 2402 1144; baseline -0.004 -13"><span class='ocrx_word' id='word_1_361' title='bbox 1370 1089 1426 1131; x_wconf 89' lang='lat' dir='ltr'>ris</span> <span class='ocrx_word' id='word_1_362' title='bbox 1439 1086 1643 1131; x_wconf 65' lang='lat' dir='ltr'>affefitibus</span> <span class='ocrx_word' id='word_1_363' title='bbox 1660 1098 1899 1143; x_wconf 81' lang='lat' dir='ltr'>exoptamus</span> <span class='ocrx_word' id='word_1_364' title='bbox 1915 1115 1931 1139; x_wconf 92' lang='lat'>,</span> <span class='ocrx_word' id='word_1_365' title='bbox 1962 1088 2073 1144; x_wconf 86' lang='lat' dir='ltr'>pium</span> <span class='ocrx_word' id='word_1_366' title='bbox 2091 1086 2370 1130; x_wconf 83' lang='lat' dir='ltr'>Univerfitatis</span> <span class='ocrx_word' id='word_1_367' title='bbox 2386 1114 2402 1138; x_wconf 94' lang='lat'>,</span> 
     </span>
     <span class='ocr_line' id='line_1_65' title="bbox 1370 1145 2401 1202; baseline -0.003 -13"><span class='ocrx_word' id='word_1_368' title='bbox 1370 1160 1416 1189; x_wconf 87' lang='lat' dir='ltr'>ac</span> <span class='ocrx_word' id='word_1_369' title='bbox 1441 1146 1659 1190; x_wconf 86' lang='lat' dir='ltr'>Hominum</span> <span class='ocrx_word' id='word_1_370' title='bbox 1686 1145 1965 1202; x_wconf 62' lang='lat' dir='ltr'>predictorum</span> <span class='ocrx_word' id='word_1_371' title='bbox 2005 1145 2244 1188; x_wconf 84' lang='lat' dir='ltr'>desiderium</span> <span class='ocrx_word' id='word_1_372' title='bbox 2271 1146 2401 1200; x_wconf 88' lang='lat' dir='ltr'>pluri·</span> 
     </span>
     <span class='ocr_line' id='line_1_66' title="bbox 1369 1204 2399 1259; baseline 0 -14"><span class='ocrx_word' id='word_1_373' title='bbox 1369 1218 1480 1247; x_wconf 89' lang='lat' dir='ltr'>mum</span> <span class='ocrx_word' id='word_1_374' title='bbox 1496 1205 1535 1246; x_wconf 89' lang='lat' dir='ltr'>in</span> <span class='ocrx_word' id='word_1_375' title='bbox 1552 1204 1730 1246; x_wconf 89' lang='lat' dir='ltr'>Domino</span> <span class='ocrx_word' id='word_1_376' title='bbox 1748 1204 2086 1247; x_wconf 84' lang='lat' dir='ltr'>commendantes</span> <span class='ocrx_word' id='word_1_377' title='bbox 2095 1233 2113 1255; x_wconf 95' lang='lat'>,</span> <span class='ocrx_word' id='word_1_378' title='bbox 2143 1205 2399 1259; x_wconf 89' lang='lat' dir='ltr'>ipsorumque</span> 
     </span>
     <span class='ocr_line' id='line_1_67' title="bbox 1371 1258 2398 1317; baseline -0.002 -12"><span class='ocrx_word' id='word_1_379' title='bbox 1371 1264 1411 1305; x_wconf 76' lang='grc' dir='ltr'>δι</span> <span class='ocrx_word' id='word_1_380' title='bbox 1426 1262 1639 1317; x_wconf 81' lang='lat' dir='ltr'>singulares</span> <span class='ocrx_word' id='word_1_381' title='bbox 1663 1262 1855 1306; x_wconf 84' lang='lat' dir='ltr'>Personas</span> <span class='ocrx_word' id='word_1_382' title='bbox 1868 1292 1886 1313; x_wconf 91' lang='lat'>,</span> <span class='ocrx_word' id='word_1_383' title='bbox 1917 1278 1962 1306; x_wconf 86' lang='lat' dir='ltr'>ac</span> <span class='ocrx_word' id='word_1_384' title='bbox 1976 1264 2126 1307; x_wconf 69' lang='lat' dir='ltr'>dictum</span> <span class='ocrx_word' id='word_1_385' title='bbox 2143 1263 2347 1305; x_wconf 84' lang='lat' dir='ltr'>Vicarium</span> <span class='ocrx_word' id='word_1_386' title='bbox 2374 1258 2398 1303; x_wconf 66' lang='grc' dir='ltr'>ἃ</span> 
     </span>
     <span class='ocr_line' id='line_1_68' title="bbox 1371 1320 2396 1377; baseline 0 -15"><span class='ocrx_word' id='word_1_387' title='bbox 1371 1323 1573 1377; x_wconf 79' lang='lat' dir='ltr'>quibusvis</span> <span class='ocrx_word' id='word_1_388' title='bbox 1607 1323 2031 1365; x_wconf 80' lang='lat' dir='ltr'>excommunicationis</span> <span class='ocrx_word' id='word_1_389' title='bbox 2050 1351 2065 1374; x_wconf 91' lang='lat'>,</span> <span class='ocrx_word' id='word_1_390' title='bbox 2108 1320 2396 1376; x_wconf 80' lang='lat' dir='ltr'>suspenfionis,</span> 
     </span>
     <span class='ocr_line' id='line_1_69' title="bbox 1370 1379 2398 1436; baseline -0.002 -14"><span class='ocrx_word' id='word_1_391' title='bbox 1370 1382 1411 1422; x_wconf 77' lang='grc' dir='ltr'>δι</span> <span class='ocrx_word' id='word_1_392' title='bbox 1432 1380 1632 1422; x_wconf 73' lang='lat' dir='ltr'>interdic&#39;ti</span> <span class='ocrx_word' id='word_1_393' title='bbox 1654 1406 1671 1430; x_wconf 85' lang='lat'>,</span> <span class='ocrx_word' id='word_1_394' title='bbox 1710 1379 1878 1436; x_wconf 89' lang='lat' dir='ltr'>aliisque</span> <span class='ocrx_word' id='word_1_395' title='bbox 1904 1380 2187 1424; x_wconf 78' lang='lat' dir='ltr'>Ecclefiasticis</span> <span class='ocrx_word' id='word_1_396' title='bbox 2219 1382 2398 1421; x_wconf 85' lang='lat' dir='ltr'>Senten-</span> 
     </span>
     <span class='ocr_line' id='line_1_70' title="bbox 1369 1437 2391 1495; baseline -0.004 -14"><span class='ocrx_word' id='word_1_397' title='bbox 1369 1440 1470 1489; x_wconf 87' lang='lat' dir='ltr'>tiis,</span> <span class='ocrx_word' id='word_1_398' title='bbox 1498 1438 1706 1490; x_wconf 81' lang='lat' dir='ltr'>censuris,</span> <span class='ocrx_word' id='word_1_399' title='bbox 1733 1439 1775 1480; x_wconf 87' lang='lat'>&amp;</span> <span class='ocrx_word' id='word_1_400' title='bbox 1801 1439 1934 1493; x_wconf 83' lang='lat' dir='ltr'>poenis</span> <span class='ocrx_word' id='word_1_401' title='bbox 1961 1437 1984 1481; x_wconf 67' lang='lat' dir='ltr'>d</span> <span class='ocrx_word' id='word_1_402' title='bbox 2009 1438 2124 1495; x_wconf 87' lang='lat' dir='ltr'>jure,</span> <span class='ocrx_word' id='word_1_403' title='bbox 2157 1437 2222 1481; x_wconf 82' lang='lat' dir='ltr'>vel</span> <span class='ocrx_word' id='word_1_404' title='bbox 2250 1440 2300 1479; x_wconf 91' lang='lat' dir='ltr'>ab</span> <span class='ocrx_word' id='word_1_405' title='bbox 2317 1439 2391 1478; x_wconf 78' lang='lat' dir='ltr'>lio·</span> 
     </span>
     <span class='ocr_line' id='line_1_71' title="bbox 1372 1493 2395 1553; baseline -0.004 -13"><span class='ocrx_word' id='word_1_406' title='bbox 1372 1498 1509 1545; x_wconf 81' lang='lat' dir='ltr'>mine,</span> <span class='ocrx_word' id='word_1_407' title='bbox 1538 1497 1676 1553; x_wconf 85' lang='lat' dir='ltr'>quavis</span> <span class='ocrx_word' id='word_1_408' title='bbox 1699 1498 1907 1539; x_wconf 71' lang='lat' dir='ltr'>occasione</span> <span class='ocrx_word' id='word_1_409' title='bbox 1934 1522 1950 1545; x_wconf 76' lang='lat'>‚</span> <span class='ocrx_word' id='word_1_410' title='bbox 1980 1499 2046 1540; x_wconf 88' lang='lat' dir='ltr'>vel</span> <span class='ocrx_word' id='word_1_411' title='bbox 2075 1495 2186 1541; x_wconf 86' lang='lat' dir='ltr'>causa</span> <span class='ocrx_word' id='word_1_412' title='bbox 2212 1497 2305 1538; x_wconf 87' lang='lat' dir='ltr'>latis</span> <span class='ocrx_word' id='word_1_413' title='bbox 2325 1524 2339 1547; x_wconf 93' lang='lat'>,</span> <span class='ocrx_word' id='word_1_414' title='bbox 2371 1493 2395 1536; x_wconf 84' lang='lat' dir='ltr'>fi</span> 
     </span>
     <span class='ocr_line' id='line_1_72' title="bbox 1370 1553 2397 1613; baseline -0.002 -16"><span class='ocrx_word' id='word_1_415' title='bbox 1370 1556 1513 1613; x_wconf 86' lang='lat' dir='ltr'>quibus</span> <span class='ocrx_word' id='word_1_416' title='bbox 1541 1554 1849 1611; x_wconf 85' lang='lat' dir='ltr'>quomodolibet</span> <span class='ocrx_word' id='word_1_417' title='bbox 1885 1554 2063 1598; x_wconf 87' lang='lat' dir='ltr'>innodati</span> <span class='ocrx_word' id='word_1_418' title='bbox 2095 1556 2262 1599; x_wconf 77' lang='lat' dir='ltr'>existunt</span> <span class='ocrx_word' id='word_1_419' title='bbox 2288 1583 2302 1605; x_wconf 85' lang='lat'>,</span> <span class='ocrx_word' id='word_1_420' title='bbox 2346 1553 2397 1595; x_wconf 87' lang='lat' dir='ltr'>ad</span> 
     </span>
     <span class='ocr_line' id='line_1_73' title="bbox 1371 1613 2398 1669; baseline -0.004 -12"><span class='ocrx_word' id='word_1_421' title='bbox 1371 1613 1555 1657; x_wconf 70' lang='lat' dir='ltr'>effectum</span> <span class='ocrx_word' id='word_1_422' title='bbox 1569 1614 1816 1669; x_wconf 85' lang='lat' dir='ltr'>praesentium</span> <span class='ocrx_word' id='word_1_423' title='bbox 1833 1614 2028 1658; x_wconf 86' lang='lat' dir='ltr'>duntaxat</span> <span class='ocrx_word' id='word_1_424' title='bbox 2052 1614 2398 1668; x_wconf 89' lang='lat' dir='ltr'>consequendum,</span> 
     </span>
     <span class='ocr_line' id='line_1_74' title="bbox 1369 1670 2400 1725; baseline -0.005 -10"><span class='ocrx_word' id='word_1_425' title='bbox 1369 1674 1512 1715; x_wconf 82' lang='lat' dir='ltr'>harum</span> <span class='ocrx_word' id='word_1_426' title='bbox 1538 1670 1642 1714; x_wconf 87' lang='lat' dir='ltr'>serie</span> <span class='ocrx_word' id='word_1_427' title='bbox 1669 1670 1930 1715; x_wconf 75' lang='lat' dir='ltr'>absolventes</span> <span class='ocrx_word' id='word_1_428' title='bbox 1957 1703 1974 1725; x_wconf 88' lang='lat'>,</span> <span class='ocrx_word' id='word_1_429' title='bbox 2014 1675 2052 1714; x_wconf 86' lang='lat'>&amp;</span> <span class='ocrx_word' id='word_1_430' title='bbox 2079 1672 2285 1715; x_wconf 84' lang='lat' dir='ltr'>absolutos</span> <span class='ocrx_word' id='word_1_431' title='bbox 2312 1670 2400 1711; x_wconf 88' lang='lat' dir='ltr'>sore</span> 
     </span>
     <span class='ocr_line' id='line_1_75' title="bbox 1366 1728 2399 1788; baseline -0.008 -13"><span class='ocrx_word' id='word_1_432' title='bbox 1366 1732 1575 1775; x_wconf 87' lang='lat' dir='ltr'>censentes</span> <span class='ocrx_word' id='word_1_433' title='bbox 1603 1759 1620 1781; x_wconf 90' lang='lat'>,</span> <span class='ocrx_word' id='word_1_434' title='bbox 1651 1729 1874 1787; x_wconf 85' lang='lat' dir='ltr'>hujusmodi</span> <span class='ocrx_word' id='word_1_435' title='bbox 1904 1731 2254 1788; x_wconf 86' lang='lat' dir='ltr'>supplicationibus</span> <span class='ocrx_word' id='word_1_436' title='bbox 2283 1728 2399 1770; x_wconf 86' lang='lat' dir='ltr'>incli-</span> 
     </span>
     <span class='ocr_line' id='line_1_76' title="bbox 1366 1785 2396 1843; baseline -0.007 -9"><span class='ocrx_word' id='word_1_437' title='bbox 1366 1791 1445 1833; x_wconf 87' lang='lat' dir='ltr'>nati</span> <span class='ocrx_word' id='word_1_438' title='bbox 1470 1819 1485 1840; x_wconf 92' lang='lat'>‚</span> <span class='ocrx_word' id='word_1_439' title='bbox 1515 1792 1706 1832; x_wconf 88' lang='lat' dir='ltr'>unionem</span> <span class='ocrx_word' id='word_1_440' title='bbox 1743 1819 1760 1841; x_wconf 89' lang='lat'>,</span> <span class='ocrx_word' id='word_1_441' title='bbox 1801 1791 1842 1831; x_wconf 78' lang='grc' dir='ltr'>δι</span> <span class='ocrx_word' id='word_1_442' title='bbox 1869 1790 2135 1832; x_wconf 87' lang='lat' dir='ltr'>annexionem</span> <span class='ocrx_word' id='word_1_443' title='bbox 2171 1785 2396 1843; x_wconf 87' lang='lat' dir='ltr'>hujusmodi</span> 
     </span>
     <span class='ocr_line' id='line_1_77' title="bbox 1365 1844 2397 1895; baseline -0.005 -5"><span class='ocrx_word' id='word_1_444' title='bbox 1365 1849 1481 1892; x_wconf 77' lang='lat' dir='ltr'>salvis</span> <span class='ocrx_word' id='word_1_445' title='bbox 1501 1858 1637 1891; x_wconf 80' lang='lat' dir='ltr'>tamen</span> <span class='ocrx_word' id='word_1_446' title='bbox 1650 1849 1950 1891; x_wconf 83' lang='lat' dir='ltr'>remanentibus</span> <span class='ocrx_word' id='word_1_447' title='bbox 1965 1847 2157 1891; x_wconf 71' lang='lat' dir='ltr'>srut‘tibus</span> <span class='ocrx_word' id='word_1_448' title='bbox 2170 1873 2185 1895; x_wconf 81' lang='lat'>‚</span> <span class='ocrx_word' id='word_1_449' title='bbox 2217 1844 2397 1887; x_wconf 89' lang='lat' dir='ltr'>redditi-</span> 
     </span>
     <span class='ocr_line' id='line_1_78' title="bbox 1367 1903 2399 1963; baseline -0.005 -14"><span class='ocrx_word' id='word_1_450' title='bbox 1367 1909 1466 1956; x_wconf 86' lang='lat' dir='ltr'>bus,</span> <span class='ocrx_word' id='word_1_451' title='bbox 1495 1908 1537 1948; x_wconf 85' lang='lat'>&amp;</span> <span class='ocrx_word' id='word_1_452' title='bbox 1553 1908 1816 1963; x_wconf 85' lang='lat' dir='ltr'>proventibus</span> <span class='ocrx_word' id='word_1_453' title='bbox 1840 1906 2033 1962; x_wconf 72' lang='lat' dir='ltr'>praediCtis</span> <span class='ocrx_word' id='word_1_454' title='bbox 2049 1920 2124 1962; x_wconf 89' lang='lat' dir='ltr'>pro</span> <span class='ocrx_word' id='word_1_455' title='bbox 2148 1903 2289 1948; x_wconf 86' lang='lat' dir='ltr'>eadem</span> <span class='ocrx_word' id='word_1_456' title='bbox 2315 1905 2399 1945; x_wconf 79' lang='lat' dir='ltr'>Ca-</span> 
     </span>
     <span class='ocr_line' id='line_1_79' title="bbox 1367 1964 2396 2021; baseline -0.007 -13"><span class='ocrx_word' id='word_1_457' title='bbox 1367 1966 1575 2021; x_wconf 63' lang='lat' dir='ltr'>pensan,</span> <span class='ocrx_word' id='word_1_458' title='bbox 1604 1964 1701 2007; x_wconf 68' lang='lat' dir='ltr'>dieti</span> <span class='ocrx_word' id='word_1_459' title='bbox 1730 1965 1892 2007; x_wconf 82' lang='lat' dir='ltr'>Nicolai</span> <span class='ocrx_word' id='word_1_460' title='bbox 1919 1965 2117 2010; x_wconf 83' lang='lat' dir='ltr'>Francisci</span> <span class='ocrx_word' id='word_1_461' title='bbox 2144 1964 2193 2005; x_wconf 86' lang='lat' dir='ltr'>ad</span> <span class='ocrx_word' id='word_1_462' title='bbox 2220 1965 2296 2005; x_wconf 90' lang='lat' dir='ltr'>hoc</span> <span class='ocrx_word' id='word_1_463' title='bbox 2324 1975 2396 2002; x_wconf 85' lang='lat' dir='ltr'>ex·</span> 
     </span>
     <span class='ocr_line' id='line_1_80' title="bbox 1365 2017 2394 2080; baseline -0.006 -15"><span class='ocrx_word' id='word_1_464' title='bbox 1365 2021 1492 2080; x_wconf 81' lang='lat' dir='ltr'>preffo</span> <span class='ocrx_word' id='word_1_465' title='bbox 1518 2023 1744 2067; x_wconf 86' lang='lat' dir='ltr'>accedente</span> <span class='ocrx_word' id='word_1_466' title='bbox 1770 2022 1993 2075; x_wconf 83' lang='lat' dir='ltr'>consensu,</span> <span class='ocrx_word' id='word_1_467' title='bbox 2023 2025 2163 2066; x_wconf 83' lang='lat' dir='ltr'>harum</span> <span class='ocrx_word' id='word_1_468' title='bbox 2186 2021 2286 2063; x_wconf 88' lang='lat' dir='ltr'>serie</span> <span class='ocrx_word' id='word_1_469' title='bbox 2310 2017 2394 2060; x_wconf 90' lang='lat' dir='ltr'>dis-</span> 
     </span>
     <span class='ocr_line' id='line_1_81' title="bbox 1367 2081 2393 2136; baseline -0.008 -10"><span class='ocrx_word' id='word_1_470' title='bbox 1367 2082 1585 2134; x_wconf 88' lang='lat' dir='ltr'>solvimus,</span> <span class='ocrx_word' id='word_1_471' title='bbox 1615 2096 1660 2123; x_wconf 90' lang='lat' dir='ltr'>ac</span> <span class='ocrx_word' id='word_1_472' title='bbox 1677 2083 1802 2136; x_wconf 68' lang='lat' dir='ltr'>propit</span> <span class='ocrx_word' id='word_1_473' title='bbox 1827 2082 1976 2123; x_wconf 61' lang='lat' dir='ltr'>difftam</span> <span class='ocrx_word' id='word_1_474' title='bbox 1991 2081 2211 2124; x_wconf 79' lang='lat' dir='ltr'>Ecciefiam</span> <span class='ocrx_word' id='word_1_475' title='bbox 2229 2106 2243 2130; x_wconf 91' lang='lat'>,</span> <span class='ocrx_word' id='word_1_476' title='bbox 2274 2091 2393 2120; x_wconf 87' lang='lat' dir='ltr'>unam</span> 
     </span>
     <span class='ocr_line' id='line_1_82' title="bbox 1370 2138 2392 2195; baseline -0.006 -11"><span class='ocrx_word' id='word_1_477' title='bbox 1370 2145 1549 2184; x_wconf 87' lang='lat' dir='ltr'>Domum</span> <span class='ocrx_word' id='word_1_478' title='bbox 1575 2139 1750 2195; x_wconf 82' lang='lat' dir='ltr'>ejusdem</span> <span class='ocrx_word' id='word_1_479' title='bbox 1772 2141 1968 2191; x_wconf 86' lang='lat' dir='ltr'>Ordinis,</span> <span class='ocrx_word' id='word_1_480' title='bbox 1996 2152 2089 2181; x_wconf 87' lang='lat' dir='ltr'>cum</span> <span class='ocrx_word' id='word_1_481' title='bbox 2116 2138 2392 2185; x_wconf 67' lang='lat' dir='ltr'>Dormstorio,</span> 
     </span>
     <span class='ocr_line' id='line_1_83' title="bbox 1373 2192 2398 2251; baseline -0.007 -10"><span class='ocrx_word' id='word_1_482' title='bbox 1373 2197 1639 2249; x_wconf 62' lang='lat' dir='ltr'>Refeeqorio,</span> <span class='ocrx_word' id='word_1_483' title='bbox 1669 2199 1828 2251; x_wconf 87' lang='lat' dir='ltr'>bortis,</span> <span class='ocrx_word' id='word_1_484' title='bbox 1857 2198 2108 2248; x_wconf 87' lang='lat' dir='ltr'>hortalitiis,</span> <span class='ocrx_word' id='word_1_485' title='bbox 2139 2193 2302 2250; x_wconf 81' lang='lat' dir='ltr'>aliisque</span> <span class='ocrx_word' id='word_1_486' title='bbox 2319 2192 2398 2236; x_wconf 86' lang='lat' dir='ltr'>of-</span> 
     </span>
     <span class='ocr_line' id='line_1_84' title="bbox 1370 2253 2398 2312; baseline -0.006 -12"><span class='ocrx_word' id='word_1_487' title='bbox 1370 2257 1502 2301; x_wconf 83' lang='lat' dir='ltr'>ficinis</span> <span class='ocrx_word' id='word_1_488' title='bbox 1527 2255 1783 2306; x_wconf 75' lang='lat' dir='ltr'>necessariis,</span> <span class='ocrx_word' id='word_1_489' title='bbox 1815 2271 1888 2312; x_wconf 92' lang='lat' dir='ltr'>pro</span> <span class='ocrx_word' id='word_1_490' title='bbox 1906 2256 2074 2300; x_wconf 87' lang='lat' dir='ltr'>Ministri</span> <span class='ocrx_word' id='word_1_491' title='bbox 2101 2254 2164 2296; x_wconf 90' lang='lat' dir='ltr'>seu</span> <span class='ocrx_word' id='word_1_492' title='bbox 2190 2253 2398 2297; x_wconf 84' lang='lat' dir='ltr'>Guardia·</span> 
     </span>
     <span class='ocr_line' id='line_1_85' title="bbox 1371 2313 2394 2369; baseline -0.002 -11"><span class='ocrx_word' id='word_1_493' title='bbox 1371 2316 1441 2367; x_wconf 90' lang='lat' dir='ltr'>ni,</span> <span class='ocrx_word' id='word_1_494' title='bbox 1469 2318 1511 2358; x_wconf 79' lang='grc' dir='ltr'>δι</span> <span class='ocrx_word' id='word_1_495' title='bbox 1536 2317 1722 2358; x_wconf 82' lang='lat' dir='ltr'>Fratrum</span> <span class='ocrx_word' id='word_1_496' title='bbox 1751 2314 2029 2369; x_wconf 63' lang='lat' dir='ltr'>praedictorum</span> <span class='ocrx_word' id='word_1_497' title='bbox 2056 2313 2360 2356; x_wconf 60' lang='lat' dir='ltr'>habitatione„-</span> <span class='ocrx_word' id='word_1_498' title='bbox 2378 2339 2394 2362; x_wconf 85' lang='lat'><strong>‚</strong></span> 
     </span>
     <span class='ocr_line' id='line_1_86' title="bbox 1370 2370 2396 2430; baseline -0.005 -14"><span class='ocrx_word' id='word_1_499' title='bbox 1370 2388 1443 2429; x_wconf 88' lang='lat' dir='ltr'>per</span> <span class='ocrx_word' id='word_1_500' title='bbox 1454 2375 1558 2430; x_wconf 85' lang='lat' dir='ltr'>ipsos</span> <span class='ocrx_word' id='word_1_501' title='bbox 1574 2374 1950 2425; x_wconf 79' lang='lat' dir='ltr'>Univerfitatem‚&amp;</span> <span class='ocrx_word' id='word_1_502' title='bbox 1963 2373 2145 2415; x_wconf 85' lang='lat' dir='ltr'>homines</span> <span class='ocrx_word' id='word_1_503' title='bbox 2157 2372 2210 2413; x_wconf 85' lang='lat' dir='ltr'>de</span> <span class='ocrx_word' id='word_1_504' title='bbox 2228 2370 2396 2413; x_wconf 88' lang='lat' dir='ltr'>licentia</span> 
     </span>
     <span class='ocr_line' id='line_1_87' title="bbox 1369 2426 2393 2482; baseline -0.008 -7"><span class='ocrx_word' id='word_1_505' title='bbox 1369 2432 1575 2475; x_wconf 86' lang='lat' dir='ltr'>Ordinarii</span> <span class='ocrx_word' id='word_1_506' title='bbox 1587 2433 1666 2475; x_wconf 91' lang='lat' dir='ltr'>loci</span> <span class='ocrx_word' id='word_1_507' title='bbox 1679 2430 1954 2475; x_wconf 75' lang='lat' dir='ltr'>aedificandam</span> <span class='ocrx_word' id='word_1_508' title='bbox 1969 2461 1985 2482; x_wconf 91' lang='lat'>‚</span> <span class='ocrx_word' id='word_1_509' title='bbox 1998 2432 2040 2475; x_wconf 74' lang='grc' dir='ltr'>δι</span> <span class='ocrx_word' id='word_1_510' title='bbox 2056 2426 2360 2473; x_wconf 75' lang='lat' dir='ltr'>construendam</span> <span class='ocrx_word' id='word_1_511' title='bbox 2377 2456 2393 2477; x_wconf 91' lang='lat'>,</span> 
     </span>
     <span class='ocr_line' id='line_1_88' title="bbox 1367 2486 2397 2547; baseline -0.01 -12"><span class='ocrx_word' id='word_1_512' title='bbox 1367 2491 1597 2547; x_wconf 76' lang='lat' dir='ltr'>Apostolica</span> <span class='ocrx_word' id='word_1_513' title='bbox 1625 2493 1879 2533; x_wconf 66' lang='lat' dir='ltr'>Austoritate</span> <span class='ocrx_word' id='word_1_514' title='bbox 1912 2518 1928 2541; x_wconf 90' lang='lat'>,</span> <span class='ocrx_word' id='word_1_515' title='bbox 1967 2500 2112 2531; x_wconf 86' lang='lat' dir='ltr'>tenore</span> <span class='ocrx_word' id='word_1_516' title='bbox 2143 2486 2397 2543; x_wconf 84' lang='lat' dir='ltr'>praesentium</span> 
     </span>
     <span class='ocr_line' id='line_1_89' title="bbox 1366 2542 2399 2604; baseline -0.011 -12"><span class='ocrx_word' id='word_1_517' title='bbox 1366 2548 1449 2592; x_wconf 82' lang='lat' dir='ltr'>line</span> <span class='ocrx_word' id='word_1_518' title='bbox 1477 2548 1645 2604; x_wconf 80' lang='lat' dir='ltr'>alicujus</span> <span class='ocrx_word' id='word_1_519' title='bbox 1669 2548 1900 2603; x_wconf 67' lang='lat' dir='ltr'>praejudicio</span> <span class='ocrx_word' id='word_1_520' title='bbox 1913 2548 2104 2600; x_wconf 86' lang='lat' dir='ltr'>erigimus</span> <span class='ocrx_word' id='word_1_521' title='bbox 2121 2574 2138 2595; x_wconf 92' lang='lat'>,</span> <span class='ocrx_word' id='word_1_522' title='bbox 2169 2547 2209 2586; x_wconf 77' lang='grc' dir='ltr'>δι</span> <span class='ocrx_word' id='word_1_523' title='bbox 2228 2542 2399 2585; x_wconf 79' lang='lat' dir='ltr'>institui·</span> 
     </span>
     <span class='ocr_line' id='line_1_90' title="bbox 1365 2599 2399 2662; baseline -0.01 -13"><span class='ocrx_word' id='word_1_524' title='bbox 1365 2620 1481 2657; x_wconf 87' lang='lat' dir='ltr'>mus,</span> <span class='ocrx_word' id='word_1_525' title='bbox 1509 2606 1652 2662; x_wconf 88' lang='lat' dir='ltr'>illique</span> <span class='ocrx_word' id='word_1_526' title='bbox 1676 2605 1726 2647; x_wconf 81' lang='lat' dir='ltr'>iic</span> <span class='ocrx_word' id='word_1_527' title='bbox 1739 2608 1913 2653; x_wconf 67' lang='lat' dir='ltr'>erestae,</span> <span class='ocrx_word' id='word_1_528' title='bbox 1940 2606 1981 2646; x_wconf 75' lang='grc' dir='ltr'>δι</span> <span class='ocrx_word' id='word_1_529' title='bbox 2007 2604 2217 2650; x_wconf 75' lang='lat' dir='ltr'>instituta,</span> <span class='ocrx_word' id='word_1_530' title='bbox 2248 2599 2399 2642; x_wconf 85' lang='lat' dir='ltr'>Eccle-</span> 
     </span>
     <span class='ocr_line' id='line_1_91' title="bbox 1364 2658 2396 2719; baseline -0.009 -13"><span class='ocrx_word' id='word_1_531' title='bbox 1364 2666 1457 2707; x_wconf 72' lang='lat' dir='ltr'>siam</span> <span class='ocrx_word' id='word_1_532' title='bbox 1483 2667 1524 2708; x_wconf 88' lang='lat' dir='ltr'>S.</span> <span class='ocrx_word' id='word_1_533' title='bbox 1556 2663 1768 2706; x_wconf 84' lang='lat' dir='ltr'>Michaelis</span> <span class='ocrx_word' id='word_1_534' title='bbox 1796 2661 2051 2719; x_wconf 87' lang='lat' dir='ltr'>hujusmodi,</span> <span class='ocrx_word' id='word_1_535' title='bbox 2082 2674 2168 2714; x_wconf 69' lang='lat' dir='ltr'>que</span> <span class='ocrx_word' id='word_1_536' title='bbox 2195 2658 2273 2700; x_wconf 82' lang='lat' dir='ltr'>fine</span> <span class='ocrx_word' id='word_1_537' title='bbox 2301 2669 2396 2698; x_wconf 84' lang='lat' dir='ltr'>cura</span> 
     </span>
     <span class='ocr_line' id='line_1_92' title="bbox 1367 2718 2398 2775; baseline -0.01 -11"><span class='ocrx_word' id='word_1_538' title='bbox 1367 2722 1422 2764; x_wconf 85' lang='lat' dir='ltr'>est</span> <span class='ocrx_word' id='word_1_539' title='bbox 1440 2746 1456 2767; x_wconf 65' lang='lat' dir='ltr'>s</span> <span class='ocrx_word' id='word_1_540' title='bbox 1486 2735 1533 2763; x_wconf 91' lang='lat' dir='ltr'>ac</span> <span class='ocrx_word' id='word_1_541' title='bbox 1562 2719 1671 2775; x_wconf 84' lang='lat' dir='ltr'>cujus</span> <span class='ocrx_word' id='word_1_542' title='bbox 1693 2718 1875 2772; x_wconf 66' lang='lat' dir='ltr'>fruetus,</span> <span class='ocrx_word' id='word_1_543' title='bbox 1906 2719 2125 2768; x_wconf 88' lang='lat' dir='ltr'>redditus,</span> <span class='ocrx_word' id='word_1_544' title='bbox 2157 2718 2195 2759; x_wconf 75' lang='grc' dir='ltr'>δι</span> <span class='ocrx_word' id='word_1_545' title='bbox 2223 2728 2398 2770; x_wconf 86' lang='lat' dir='ltr'>proven·</span> 
     </span>
     <span class='ocr_line' id='line_1_93' title="bbox 1369 2768 2403 2835; baseline -0.012 -13"><span class='ocrx_word' id='word_1_546' title='bbox 1369 2790 1436 2822; x_wconf 91' lang='lat' dir='ltr'>tus</span> <span class='ocrx_word' id='word_1_547' title='bbox 1451 2804 1466 2825; x_wconf 76' lang='lat'><strong>‚</strong></span> <span class='ocrx_word' id='word_1_548' title='bbox 1480 2790 1524 2821; x_wconf 93' lang='lat' dir='ltr'>ut</span> <span class='ocrx_word' id='word_1_549' title='bbox 1539 2776 1722 2821; x_wconf 71' lang='lat' dir='ltr'>asseritur</span> <span class='ocrx_word' id='word_1_550' title='bbox 1734 2807 1747 2828; x_wconf 93' lang='lat'>‚</span> <span class='ocrx_word' id='word_1_551' title='bbox 1763 2778 1863 2820; x_wconf 91' lang='lat' dir='ltr'>nulli</span> <span class='ocrx_word' id='word_1_552' title='bbox 1878 2776 1964 2820; x_wconf 87' lang='lat' dir='ltr'>sunt</span> <span class='ocrx_word' id='word_1_553' title='bbox 1982 2807 1998 2829; x_wconf 88' lang='lat'>,</span> <span class='ocrx_word' id='word_1_554' title='bbox 2014 2790 2086 2829; x_wconf 89' lang='lat' dir='ltr'>pro</span> <span class='ocrx_word' id='word_1_555' title='bbox 2103 2772 2281 2817; x_wconf 80' lang='lat' dir='ltr'>Ecclesia</span> <span class='ocrx_word' id='word_1_556' title='bbox 2299 2768 2403 2835; x_wconf 63' lang='lat' dir='ltr'>ejusl-</span> 
     </span>
     <span class='ocr_line' id='line_1_94' title="bbox 1370 2829 2401 2887; baseline -0.012 -6"><span class='ocrx_word' id='word_1_557' title='bbox 1370 2838 1464 2881; x_wconf 75' lang='lat' dir='ltr'>dem</span> <span class='ocrx_word' id='word_1_558' title='bbox 1483 2833 1635 2878; x_wconf 71' lang='lat' dir='ltr'>Domus</span> <span class='ocrx_word' id='word_1_559' title='bbox 1651 2864 1666 2887; x_wconf 88' lang='lat'><strong>‚</strong></span> <span class='ocrx_word' id='word_1_560' title='bbox 1697 2837 1939 2879; x_wconf 70' lang='lat' dir='ltr'>auctoritaie</span> <span class='ocrx_word' id='word_1_561' title='bbox 1956 2862 1972 2885; x_wconf 86' lang='lat'><strong>‚</strong></span> <span class='ocrx_word' id='word_1_562' title='bbox 1999 2836 2040 2875; x_wconf 74' lang='grc' dir='ltr'>δι</span> <span class='ocrx_word' id='word_1_563' title='bbox 2068 2844 2212 2874; x_wconf 83' lang='lat' dir='ltr'>tenore</span> <span class='ocrx_word' id='word_1_564' title='bbox 2229 2829 2401 2885; x_wconf 67' lang='lat' dir='ltr'>pramis-</span> 
     </span>
     <span class='ocr_line' id='line_1_95' title="bbox 1373 2886 2401 2948; baseline -0.012 -10"><span class='ocrx_word' id='word_1_565' title='bbox 1373 2897 1421 2938; x_wconf 82' lang='lat' dir='ltr'>sis</span> <span class='ocrx_word' id='word_1_566' title='bbox 1447 2894 1707 2937; x_wconf 89' lang='lat' dir='ltr'>concedimus</span> <span class='ocrx_word' id='word_1_567' title='bbox 1731 2921 1745 2944; x_wconf 90' lang='lat'><strong>‚</strong></span> <span class='ocrx_word' id='word_1_568' title='bbox 1774 2895 1815 2935; x_wconf 74' lang='grc' dir='ltr'>δι</span> <span class='ocrx_word' id='word_1_569' title='bbox 1840 2893 2100 2948; x_wconf 80' lang='lat' dir='ltr'>affignamus3</span> <span class='ocrx_word' id='word_1_570' title='bbox 2134 2891 2187 2932; x_wconf 86' lang='lat' dir='ltr'>ita</span> <span class='ocrx_word' id='word_1_571' title='bbox 2217 2887 2324 2943; x_wconf 86' lang='lat' dir='ltr'>quod</span> <span class='ocrx_word' id='word_1_572' title='bbox 2353 2886 2401 2926; x_wconf 85' lang='lat' dir='ltr'>li-</span> 
     </span>
     <span class='ocr_line' id='line_1_96' title="bbox 1373 2949 2398 3002; baseline -0.01 -5"><span class='ocrx_word' id='word_1_573' title='bbox 1373 2963 1465 2997; x_wconf 88' lang='lat' dir='ltr'>ceat</span> <span class='ocrx_word' id='word_1_574' title='bbox 1480 2951 1629 2994; x_wconf 88' lang='lat' dir='ltr'>eisdem</span> <span class='ocrx_word' id='word_1_575' title='bbox 1646 2952 1813 2994; x_wconf 88' lang='lat' dir='ltr'>Vicario</span> <span class='ocrx_word' id='word_1_576' title='bbox 1829 2979 1845 3002; x_wconf 91' lang='lat'>‚</span> <span class='ocrx_word' id='word_1_577' title='bbox 1873 2965 1918 2992; x_wconf 92' lang='lat' dir='ltr'>ac</span> <span class='ocrx_word' id='word_1_578' title='bbox 1934 2949 2117 2994; x_wconf 80' lang='lat' dir='ltr'>Ministro</span> <span class='ocrx_word' id='word_1_579' title='bbox 2131 2977 2146 2999; x_wconf 88' lang='lat'>,</span> <span class='ocrx_word' id='word_1_580' title='bbox 2176 2949 2243 2989; x_wconf 91' lang='lat' dir='ltr'>seu</span> <span class='ocrx_word' id='word_1_581' title='bbox 2260 2950 2398 2988; x_wconf 75' lang='lat' dir='ltr'>Guar-</span> 
     </span>
     <span class='ocr_line' id='line_1_97' title="bbox 1370 3001 2396 3059; baseline -0.009 -7"><span class='ocrx_word' id='word_1_582' title='bbox 1370 3012 1492 3053; x_wconf 85' lang='lat' dir='ltr'>diano</span> <span class='ocrx_word' id='word_1_583' title='bbox 1506 3011 1571 3059; x_wconf 74' lang='grc' dir='ltr'>,δι</span> <span class='ocrx_word' id='word_1_584' title='bbox 1585 3009 1792 3052; x_wconf 83' lang='lat' dir='ltr'>Fratribus</span> <span class='ocrx_word' id='word_1_585' title='bbox 1807 3009 1901 3050; x_wconf 87' lang='lat' dir='ltr'>inibi</span> <span class='ocrx_word' id='word_1_586' title='bbox 1917 3006 2235 3055; x_wconf 85' lang='lat' dir='ltr'>introducendis,</span> <span class='ocrx_word' id='word_1_587' title='bbox 2252 3019 2323 3059; x_wconf 87' lang='lat' dir='ltr'>per</span> <span class='ocrx_word' id='word_1_588' title='bbox 2338 3001 2396 3053; x_wconf 88' lang='lat' dir='ltr'>se,</span> 
     </span>
     <span class='ocr_line' id='line_1_98' title="bbox 1372 3063 2399 3123; baseline -0.011 -12"><span class='ocrx_word' id='word_1_589' title='bbox 1372 3068 1438 3111; x_wconf 78' lang='lat' dir='ltr'>vel</span> <span class='ocrx_word' id='word_1_590' title='bbox 1455 3082 1526 3123; x_wconf 88' lang='lat' dir='ltr'>per</span> <span class='ocrx_word' id='word_1_591' title='bbox 1539 3068 1662 3109; x_wconf 89' lang='lat' dir='ltr'>alium</span> <span class='ocrx_word' id='word_1_592' title='bbox 1677 3095 1693 3118; x_wconf 90' lang='lat'>,</span> <span class='ocrx_word' id='word_1_593' title='bbox 1716 3064 1777 3110; x_wconf 75' lang='lat' dir='ltr'>{eu</span> <span class='ocrx_word' id='word_1_594' title='bbox 1793 3066 1894 3109; x_wconf 86' lang='lat' dir='ltr'>alios</span> <span class='ocrx_word' id='word_1_595' title='bbox 1909 3094 1924 3116; x_wconf 88' lang='lat'>‚</span> <span class='ocrx_word' id='word_1_596' title='bbox 1954 3064 2134 3121; x_wconf 83' lang='lat' dir='ltr'>ejusdem</span> <span class='ocrx_word' id='word_1_597' title='bbox 2148 3063 2312 3105; x_wconf 86' lang='lat' dir='ltr'>Ordinis</span> <span class='ocrx_word' id='word_1_598' title='bbox 2327 3075 2399 3102; x_wconf 88' lang='lat' dir='ltr'>no-</span> 
     </span>
     <span class='ocr_line' id='line_1_99' title="bbox 1372 3122 2400 3180; baseline -0.008 -12"><span class='ocrx_word' id='word_1_599' title='bbox 1372 3128 1479 3168; x_wconf 86' lang='lat' dir='ltr'>mine</span> <span class='ocrx_word' id='word_1_600' title='bbox 1494 3155 1510 3176; x_wconf 90' lang='lat'>,</span> <span class='ocrx_word' id='word_1_601' title='bbox 1539 3124 1796 3180; x_wconf 83' lang='lat' dir='ltr'>corporalem</span> <span class='ocrx_word' id='word_1_602' title='bbox 1813 3123 2083 3180; x_wconf 81' lang='lat' dir='ltr'>poffeffionem</span> <span class='ocrx_word' id='word_1_603' title='bbox 2100 3122 2281 3165; x_wconf 70' lang='lat' dir='ltr'>Ecclesia</span> <span class='ocrx_word' id='word_1_604' title='bbox 2298 3125 2400 3164; x_wconf 78' lang='lat' dir='ltr'>san·</span> 
     </span>
     <span class='ocr_line' id='line_1_100' title="bbox 1373 3178 2400 3238; baseline -0.01 -11"><span class='ocrx_word' id='word_1_605' title='bbox 1373 3186 1426 3227; x_wconf 69' lang='lat' dir='ltr'>cti</span> <span class='ocrx_word' id='word_1_606' title='bbox 1441 3183 1651 3227; x_wconf 79' lang='lat' dir='ltr'>Michaelis</span> <span class='ocrx_word' id='word_1_607' title='bbox 1667 3213 1683 3234; x_wconf 94' lang='lat'>,</span> <span class='ocrx_word' id='word_1_608' title='bbox 1713 3183 1754 3224; x_wconf 80' lang='grc' dir='ltr'>δι</span> <span class='ocrx_word' id='word_1_609' title='bbox 1778 3185 1932 3225; x_wconf 90' lang='lat' dir='ltr'>Domus</span> <span class='ocrx_word' id='word_1_610' title='bbox 1959 3183 2149 3238; x_wconf 67' lang='lat' dir='ltr'>praedissae</span> <span class='ocrx_word' id='word_1_611' title='bbox 2175 3178 2305 3222; x_wconf 73' lang='lat' dir='ltr'>liber&#39;e</span> <span class='ocrx_word' id='word_1_612' title='bbox 2331 3190 2400 3231; x_wconf 90' lang='lat' dir='ltr'>ap-</span> 
     </span>
     <span class='ocr_line' id='line_1_101' title="bbox 1374 3233 2396 3299; baseline -0.01 -15"><span class='ocrx_word' id='word_1_613' title='bbox 1374 3241 1628 3299; x_wconf 82' lang='lat' dir='ltr'>prehendere</span> <span class='ocrx_word' id='word_1_614' title='bbox 1653 3270 1668 3292; x_wconf 86' lang='lat'>‚</span> <span class='ocrx_word' id='word_1_615' title='bbox 1697 3242 1738 3283; x_wconf 85' lang='lat'>&amp;</span> <span class='ocrx_word' id='word_1_616' title='bbox 1759 3242 1955 3297; x_wconf 77' lang='lat' dir='ltr'>perpetuo</span> <span class='ocrx_word' id='word_1_617' title='bbox 1977 3241 2156 3282; x_wconf 87' lang='lat' dir='ltr'>retinere</span> <span class='ocrx_word' id='word_1_618' title='bbox 2178 3266 2192 3288; x_wconf 90' lang='lat'>‚</span> <span class='ocrx_word' id='word_1_619' title='bbox 2222 3233 2396 3287; x_wconf 75' lang='lat' dir='ltr'>cuiusvis</span> 
     </span>
     <span class='ocr_line' id='line_1_102' title="bbox 1375 3291 2397 3354; baseline -0.01 -10"><span class='ocrx_word' id='word_1_620' title='bbox 1375 3299 1545 3344; x_wconf 87' lang='lat' dir='ltr'>alterius</span> <span class='ocrx_word' id='word_1_621' title='bbox 1580 3300 1744 3341; x_wconf 74' lang='lat' dir='ltr'>liceiitizi</span> <span class='ocrx_word' id='word_1_622' title='bbox 1777 3298 1946 3354; x_wconf 86' lang='lat' dir='ltr'>desuper</span> <span class='ocrx_word' id='word_1_623' title='bbox 1983 3295 2148 3339; x_wconf 73' lang='lat' dir='ltr'>mininie</span> <span class='ocrx_word' id='word_1_624' title='bbox 2185 3291 2397 3350; x_wconf 64' lang='lat' dir='ltr'>requisiti,</span> 
     </span>
     <span class='ocr_line' id='line_1_103' title="bbox 1377 3353 2397 3406; baseline -0.011 -3"><span class='ocrx_word' id='word_1_625' title='bbox 1377 3362 1465 3403; x_wconf 81' lang='lat' dir='ltr'>Nec</span> <span class='ocrx_word' id='word_1_626' title='bbox 1491 3371 1571 3400; x_wconf 90' lang='lat' dir='ltr'>non</span> <span class='ocrx_word' id='word_1_627' title='bbox 1598 3358 1778 3400; x_wconf 75' lang='lat' dir='ltr'>Ministro</span> <span class='ocrx_word' id='word_1_628' title='bbox 1801 3384 1817 3406; x_wconf 89' lang='lat'>,</span> <span class='ocrx_word' id='word_1_629' title='bbox 1847 3355 1912 3399; x_wconf 85' lang='lat' dir='ltr'>seu</span> <span class='ocrx_word' id='word_1_630' title='bbox 1940 3353 2206 3404; x_wconf 68' lang='lat' dir='ltr'>Gaudiano,</span> <span class='ocrx_word' id='word_1_631' title='bbox 2235 3354 2274 3394; x_wconf 84' lang='lat'>&amp;</span> <span class='ocrx_word' id='word_1_632' title='bbox 2300 3354 2397 3394; x_wconf 80' lang='lat' dir='ltr'>Fra-</span> 
     </span>
     <span class='ocr_line' id='line_1_104' title="bbox 1375 3410 2396 3470; baseline -0.009 -10"><span class='ocrx_word' id='word_1_633' title='bbox 1375 3415 1502 3460; x_wconf 88' lang='lat' dir='ltr'>tribus</span> <span class='ocrx_word' id='word_1_634' title='bbox 1527 3413 1699 3470; x_wconf 78' lang='lat' dir='ltr'>proesatis</span> <span class='ocrx_word' id='word_1_635' title='bbox 1725 3443 1740 3466; x_wconf 93' lang='lat'><strong>‚</strong></span> <span class='ocrx_word' id='word_1_636' title='bbox 1783 3415 1891 3469; x_wconf 88' lang='lat' dir='ltr'>quod</span> <span class='ocrx_word' id='word_1_637' title='bbox 1912 3416 2093 3457; x_wconf 83' lang='lat' dir='ltr'>omnibus</span> <span class='ocrx_word' id='word_1_638' title='bbox 2118 3442 2134 3464; x_wconf 93' lang='lat'>,</span> <span class='ocrx_word' id='word_1_639' title='bbox 2174 3412 2215 3452; x_wconf 76' lang='grc' dir='ltr'>δι</span> <span class='ocrx_word' id='word_1_640' title='bbox 2237 3410 2396 3465; x_wconf 83' lang='lat' dir='ltr'>fingulis</span> 
     </span>
     <span class='ocr_line' id='line_1_105' title="bbox 1375 3469 2399 3530; baseline -0.006 -15"><span class='ocrx_word' id='word_1_641' title='bbox 1375 3474 1622 3530; x_wconf 75' lang='lat' dir='ltr'>privilegiis,</span> <span class='ocrx_word' id='word_1_642' title='bbox 1653 3471 1887 3523; x_wconf 80' lang='lat' dir='ltr'>favoribus,</span> <span class='ocrx_word' id='word_1_643' title='bbox 1916 3472 2083 3528; x_wconf 83' lang='lat' dir='ltr'>gratiis,</span> <span class='ocrx_word' id='word_1_644' title='bbox 2113 3482 2182 3513; x_wconf 85' lang='lat' dir='ltr'>aut</span> <span class='ocrx_word' id='word_1_645' title='bbox 2208 3469 2399 3513; x_wconf 86' lang='lat' dir='ltr'>elationi·</span> 
     </span>
     <span class='ocr_line' id='line_1_106' title="bbox 1374 3527 2401 3586; baseline -0.005 -12"><span class='ocrx_word' id='word_1_646' title='bbox 1374 3534 1475 3582; x_wconf 87' lang='lat' dir='ltr'>bus,</span> <span class='ocrx_word' id='word_1_647' title='bbox 1504 3531 1850 3586; x_wconf 80' lang='lat' dir='ltr'>&amp;indulgentiis,</span> <span class='ocrx_word' id='word_1_648' title='bbox 1878 3532 2019 3586; x_wconf 85' lang='lat' dir='ltr'>quibus</span> <span class='ocrx_word' id='word_1_649' title='bbox 2044 3529 2111 3572; x_wconf 89' lang='lat' dir='ltr'>alii</span> <span class='ocrx_word' id='word_1_650' title='bbox 2130 3527 2311 3586; x_wconf 79' lang='lat' dir='ltr'>ejusdem</span> <span class='ocrx_word' id='word_1_651' title='bbox 2322 3529 2401 3569; x_wconf 87' lang='lat' dir='ltr'>Or-</span> 
     </span>
     <span class='ocr_line' id='line_1_107' title="bbox 1372 3585 2402 3639; baseline -0.002 -7"><span class='ocrx_word' id='word_1_652' title='bbox 1372 3590 1478 3632; x_wconf 86' lang='lat' dir='ltr'>dinis</span> <span class='ocrx_word' id='word_1_653' title='bbox 1510 3592 1734 3633; x_wconf 88' lang='lat' dir='ltr'>Domorum</span> <span class='ocrx_word' id='word_1_654' title='bbox 1763 3591 1928 3631; x_wconf 75' lang='lat' dir='ltr'>Fratres</span> <span class='ocrx_word' id='word_1_655' title='bbox 1956 3598 2122 3630; x_wconf 86' lang='lat' dir='ltr'>utuntur</span> <span class='ocrx_word' id='word_1_656' title='bbox 2141 3615 2158 3639; x_wconf 86' lang='lat'>‚</span> <span class='ocrx_word' id='word_1_657' title='bbox 2185 3585 2402 3636; x_wconf 82' lang='lat' dir='ltr'>fruuntur,</span> 
     </span>
     <span class='ocr_line' id='line_1_108' title="bbox 1373 3643 2399 3703; baseline -0.003 -16"><span class='ocrx_word' id='word_1_658' title='bbox 1373 3648 1611 3703; x_wconf 90' lang='lat' dir='ltr'>potiuntur,</span> <span class='ocrx_word' id='word_1_659' title='bbox 1639 3647 1901 3703; x_wconf 82' lang='lat' dir='ltr'>&amp;gaudent,</span> <span class='ocrx_word' id='word_1_660' title='bbox 1932 3647 2083 3698; x_wconf 83' lang='lat' dir='ltr'>acuti,</span> <span class='ocrx_word' id='word_1_661' title='bbox 2113 3643 2194 3689; x_wconf 85' lang='lat' dir='ltr'>frui</span> <span class='ocrx_word' id='word_1_662' title='bbox 2217 3675 2232 3697; x_wconf 91' lang='lat'>,</span> <span class='ocrx_word' id='word_1_663' title='bbox 2262 3645 2399 3699; x_wconf 87' lang='lat' dir='ltr'>potiri,</span> 
     </span>
    </p>
   </div>
   <div class='ocr_carea' id='block_1_10' title="bbox 1381 3704 2404 3802">
    <p class='ocr_par' dir='ltr' id='par_1_16' title="bbox 1381 3704 2404 3802">
     <span class='ocr_line' id='line_1_109' title="bbox 1381 3704 2404 3801; baseline -0.005 -53"><span class='ocrx_word' id='word_1_664' title='bbox 1381 3707 1423 3748; x_wconf 76' lang='grc' dir='ltr'>δι</span> <span class='ocrx_word' id='word_1_665' title='bbox 1436 3706 1613 3761; x_wconf 79' lang='lat' dir='ltr'>giudere</span> <span class='ocrx_word' id='word_1_666' title='bbox 1627 3717 1816 3762; x_wconf 86' lang='lat' dir='ltr'>poterunt</span> <span class='ocrx_word' id='word_1_667' title='bbox 1830 3705 2137 3761; x_wconf 86' lang='lat' dir='ltr'>quomodolibet</span> <span class='ocrx_word' id='word_1_668' title='bbox 2154 3706 2193 3749; x_wconf 88' lang='lat' dir='ltr'>in</span> <span class='ocrx_word' id='word_1_669' title='bbox 2207 3704 2404 3801; x_wconf 52' lang='grc' dir='ltr'>ΐυὲυτμηι,</span> 
     </span>
     <span class='ocr_line' id='line_1_110' title="bbox 2261 3773 2347 3802; baseline -0.012 -1"><span class='ocrx_word' id='word_1_670' title='bbox 2261 3773 2347 3802; x_wconf 77' lang='lat' dir='ltr'>inu·</span> 
     </span>
    </p>
   </div>
  </div>
 </body>
</html>
