2710 4108
1061 218 1588 307 Provincia

860 391 918 437 In
947 382 1099 436 Causa
1129 389 1328 437 Comen.
1365 383 1715 452 Quaestuationis
1742 383 1834 438 &c-

334 250 508 335 324

365 501 509 546 Dileflis
537 503 577 542 in
592 501 724 555 Christo
749 504 856 543 Patri
879 504 1107 545 Guardiano,
1132 503 1176 546 (θ’
1196 501 1382 541 Fratribus
1411 502 1545 542 Sanffae
1560 504 1689 542 Maria
1710 503 1752 541 de
1777 504 1938 552 Dongho‚
1957 503 2106 543 Ordinis
2129 505 2315 545 Minorum

656 553 779 593 Sanni
793 553 968 604 Francisci
983 553 1025 591 de
1039 551 1277 603 Observantia
1289 551 1590 601 Reformatorum,
1601 552 1751 603 salutem
1777 555 1817 589 in
1840 555 1987 590 Domino
2003 578 2013 589 .

364 651 595 701 Praeinsertas
623 651 762 689 Literas
777 653 895 691 Sacra
910 650 1199 700 Congregotionis
1213 649 1552 700 Eminentiffimornm
1565 675 1577 695 ‚
1602 650 1646 692 ἐν
1659 648 2027 701 Reverendiffimorum
2042 652 2292 693 Cardinalium
2304 654 2411 706 super

266 702 396 752 negotii
405 714 418 737 s
440 699 672 747 Regularium
684 701 937 749 Deputatorum
948 698 1157 752 transmiffas
1165 696 1269 749 fuaffe
1282 701 1454 736 noveritis
1466 726 1477 742 ‚
1501 700 1633 737 tenoris
1647 698 1842 748 supradifli
1858 721 1872 730 ·

365 749 443 790 Nos
456 750 530 785 ideo
543 747 693 786 volentes
705 750 751 786 ad
761 762 879 787 earum
895 751 1130 787 executionem
1143 749 1308 785 devenire
1324 772 1336 791 ,
1361 757 1402 786 ut
1415 757 1573 786 tenemur
1587 772 1598 792 ,
1609 748 1656 797 sic
1671 747 1818 798 instante
1832 748 1942 786 Patre
1955 749 2168 788 Guardiano
2182 777 2191 792 ‚
2208 752 2252 794 ρξ’
2265 751 2408 791 Fratri-

267 801 330 839 hus
345 798 535 847 Capucinis
547 798 590 834 S.
603 794 758 850 ‘Joaunis
772 798 813 835 de
829 799 976 848 Domafio
990 823 1000 842 ,
1016 798 1194 847 &semper
1205 808 1319 833 eorum
1326 796 1469 846 juribus
1471 796 1605 845 salvis,
1617 809 1656 833 ac
1669 808 1744 833 cum
1757 795 1992 845 reservatione
2004 800 2213 846 procedendi
2223 800 2302 838 aliis
2314 803 2411 852 juris

266 848 427 887 remediis
441 847 548 894 magis
557 845 717 894 proficuis
731 873 741 888 ,
766 848 808 890 ὠ·
820 848 968 885 utilibus
981 871 993 891 ‚
1014 847 1057 888 &¹
1081 859 1149 882 non
1163 846 1267 882 aliter
1280 845 1349 886 &a
1378 843 1483 883 Vobis
1498 845 1684 884 Fratribus
1712 845 1919 883 Guardiano
1931 870 1945 891 ,
1973 846 2018 888 ὠ·
2038 850 2171 885 caeteris
2200 850 2411 888 Conventus

266 896 400 937 Sanffiae
411 895 537 933 Maria
550 894 592 932 de
602 893 746 942 Dongho
759 896 911 933 Ordinis
925 896 1116 934 Minorum.
1133 896 1160 933 S
1163 893 1252 932 aniii
1267 893 1443 943 Francisbi
1453 895 1495 931 de
1510 894 1748 945 Observantia
1762 893 2051 943 Reformatorum,
2065 898 2105 932 in
2119 899 2256 935 virtute
2271 900 2299 937 S
2305 899 2409 937 aufiae

267 946 484 983 Obedientiae
495 968 503 982 ,
528 943 571 985 ἐς·
596 943 740 992 respeffiu
756 942 872 994 Vestri
889 944 1093 983 Guardiani
1103 969 1115 988 ‚
1132 944 1201 992 sub
1212 944 1427 991 privationis
1443 943 1581 993 Officii,
1599 942 1893 985 &inhabilitatis
1904 945 1951 980 ad
1968 944 2038 980 alia
2052 946 2236 983 obtinenda
2251 970 2264 990 ,
2287 948 2412 998 &sus-

263 995 427 1045 pensionis
438 992 460 1029 ὰ
473 991 619 1029 Divinis
633 1004 646 1032 ;
672 992 817 1041 respeflu
837 994 919 1031 vere)
934 992 998 1029 reli
1023 1004 1144 1030 uorum
1157 990 1320 1028 Fratrum
1336 991 1516 1028 Interdibii
1530 994 1574 1029 ab
1587 989 1738 1042 ingreffu
1758 991 1905 1042 Eccleftae
1916 1017 1929 1037 ,
1955 993 2099 1042 aliisque
2107 995 2216 1042 poeuis
2227 1019 2236 1034 ,
2260 995 2303 1036 (θ’
2332 1009 2412 1033 cen.

259 1044 358 1095 suris
373 1067 385 1086 ,
412 1041 560 1078 arbitrio
582 1040 687 1090 nostro
701 1042 782 1092 infli
806 1043 902 1079 endis
915 1067 927 1086 ‚
948 1005 1094 1090 dislritte
1112 1040 1339 1089 praecipiendo
1361 1041 1562 1077 mandamus
1575 1065 1588 1084 ,
1611 1049 1783 1088 quatenus
1808 1043 1968 1079 intimato
1985 1035 2090 1080 Vobis
2099 1042 2410 1092 praefintiPraec-e.

261 1102 322 1142 pto
333 1091 414 1140 ,seu
432 1090 477 1126 ad
496 1090 712 1127 Conventum
726 1103 767 1126 ve
796 1103 872 1127 rum
877 1088 1073 1139 praediffium
1089 1087 1183 1133 vere,
1194 1087 1253 1124 vel
1259 1088 1355 1138 juris
1358 1089 1499 1137 fiilione
1510 1090 1672 1139 affixo,ita
1683 1098 1725 1126 ut
1738 1090 1844 1127 unica
1854 1092 1948 1139 copia
1960 1093 2023 1128 uni
2037 1088 2076 1129 V
2070 1091 2191 1141 estrtirn
2220 1092 2385 1129 intimata
2405 1117 2415 1133 .

267 1152 378 1178 omnes
392 1139 519 1190 afficiat
533 1163 544 1181 ,
572 1151 612 1174 ac
626 1139 657 1188 fi
667 1140 820 1176 omnibus
831 1138 1057 1188 personaliter
1073 1139 1238 1175 intimata
1249 1137 1373 1226 floret,
1395 1149 1463 1174 non
1477 1139 1635 1175 audeatis
1649 1161 1662 1181 ,
1681 1149 1741 1174 neo
1750 1138 1966 1187 praesumatis
1978 1166 1987 1180 ,
2011 1152 2071 1176 nec
2084 1140 2229 1188 quilibet
2245 1138 2284 1178 V
2278 1140 2405 1189 estrum

267 1189 420 1232 audeat,
433 1188 498 1237 seu
510 1187 690 1235 praesumat
702 1212 715 1231 ‚
731 1187 838 1236 perse
851 1215 860 1229 ‚
885 1186 944 1223 vel
965 1196 1027 1236 per
1043 1185 1223 1238 submiffas
1282 1187 1442 1235 ersonas,
1465 1187 1588 1234 quovis
1607 1195 1779 1235 praetextu
1802 1187 1986 1238 quaestuare
1997 1214 2010 1234 ,
2030 1188 2089 1225 vel
2098 1189 2278 1239 quaestuari
2287 1189 2408 1238 facere

266 1241 307 1278 in
322 1237 423 1276 Plebe
435 1237 557 1274 Surici
566 1259 580 1279 ,
607 1247 666 1271 nec
689 1237 728 1271 in
747 1234 942 1273 Territorio
960 1234 1083 1274 Collici
1096 1259 1107 1278 ,
1133 1247 1242 1284 neque
1259 1234 1394 1286 flumen
1407 1236 1619 1273 Grabedonae
1632 1235 1847 1286 quaestuando
1866 1238 2073 1288 pertransire
2087 1263 2101 1282 ,
2124 1250 2184 1275 nec
2193 1240 2401 1289 pertranfiri

262 1287 466 1338 permittere
477 1308 490 1328 ‚
505 1282 563 1320 vel
571 1283 736 1321 mandare
747 1308 760 1329 ,
770 1284 835 1332 sed
849 1287 888 1322 in
901 1285 1055 1322 omnibus
1069 1284 1233 1321 ‘Decreta
1246 1287 1285 1324 S·
1303 1284 1590 1333 Congregationis
1615 1285 1673 1321 die
1697 1295 1753 1321 20.
1765 1284 1907 1334 Aprilis
1934 1288 2038 1335 1615.»
2063 1287 2107 1329 (9·
2126 1297 2177 1324 ιο.
2192 1287 2284 1336 Maji
2305 1291 2420 1335 1619..

267 1335 432 1383 aliudque
449 1341 513 1381 per
526 1330 710 1370 Vicarium
723 1333 868 1383 nostrum
882 1332 1086 1374 Generalem
1098 1359 1108 1375 ,
1127 1344 1169 1383 ex
1181 1333 1412 1383 Commiffione
1432 1333 1551 1371 Sacrae
1567 1334 1879 1382 Congregationis,
1893 1334 2000 1384 super
2021 1334 2158 1372 illorum
2179 1339 2413 1374 executione,

265 1384 396 1421 editum
407 1407 420 1427 ‚
437 1384 479 1425 ὠ·
493 1390 687 1419 emanatum
701 1409 710 1424 ,
738 1383 780 1425 &⁵
806 1383 845 1419 in
857 1385 897 1420 S.
914 1382 1200 1431 Congregationis
1210 1383 1306 1431 praed
1313 1381 1383 1418 18?ae
1394 1383 1608 1431 praeinsertis
1623 1384 1754 1421 Literis
1773 1392 1990 1430 contentum,
2008 1386 2203 1422 executioni
2217 1386 2388 1422 mandetis
2402 1410 2416 1429 ,

264 1435 309 1476 (ξ’
312 1433 345 1483 st
345 1432 519 1480 senserint
527 1431 567 1480 se
577 1432 616 1466 in
629 1429 745 1480 aliquo
760 1434 914 1480 gravari
926 1457 939 1477 ‚
962 1440 1178 1479 compareant
1187 1443 1302 1468 coram
1316 1428 1433 1468 Nobis
1456 1432 1495 1466 in
1510 1431 1652 1469 Palatio
1666 1431 1857 1481 Epist-opali
1870 1433 1968 1471 Comi
1982 1459 1994 1477 ‚
2017 1435 2055 1469 in
2069 1433 2167 1471 Aula
2181 1432 2412 1483 nostraesolitae

264 1481 487 1532 Refidentiae,
497 1479 554 1516 die
555 1478 658 1526 sexta
666 1479 737 1529 post
742 1480 961 1529 praesentium
971 1480 1224 1518 intimationem
1238 1505 1250 1523 ‚
1265 1481 1298 1530 fi
1316 1480 1386 1517 erit
1403 1479 1563 1528 juridica
1577 1481 1655 1566 ‚dfin
1671 1481 1804 1525 minus,
1817 1482 1933 1528 prima
1951 1482 2007 1518 die
2027 1482 2185 1530 juridica
2211 1483 2412 1521 immediate

258 1532 446 1580 sequente,
473 1527 747 1575 adallegandam
760 1529 893 1578 causam
898 1530 1053 1581 pratensi
1053 1530 1298 1577 gravaminis,
1329 1538 1467 1576 tumque
1487 1529 1533 1565 ad
1542 1532 1581 1566 vi
1606 1529 1729 1566 endum
1771 1530 1891 1577 raesens
1901 1540 2105 1579 praeceptum
2111 1531 2257 1578 firmari
2266 1557 2277 1575 ‚
2308 1532 2351 1574 (ξ’
2367 1532 2415 1568 ad

262 1589 402 1632 poenas,
428 1578 471 1619 (ς’
484 1577 644 1624 censuras
674 1578 715 1613 in
747 1588 783 1614 eo
798 1589 973 1616 contentas
993 1577 1156 1628 procedi,
1203 1588 1352 1616 uatenus
1375 1578 1446 1619 &a
1472 1578 1515 1619 &¹
1541 1577 1696 1626 quodque
1767 1588 1916 1615 ecretum
1934 1580 2076 1628 desuper
2097 1576 2320 1628 necessarium
2332 1609 2341 1622 ‚
2368 1581 2413 1623 ἐς·

270 1636 496 1677 opportunum
509 1625 593 1674 fieri
615 1649 624 1665 ,
644 1625 687 1667 ὁ·
707 1627 886 1675 interponi
911 1640 986 1666 cum
1009 1626 1166 1665 elefiiione
1183 1626 1368 1664 tabitaculi
1380 1627 1418 1662 in
1432 1627 1591 1676 prasenti
1600 1627 1758 1664 Civitate
1774 1628 1869 1665 Comi
1886 1629 1952 1668 ,ad
1967 1627 2091 1664 valvas
2114 1628 2248 1666 Palatii
2275 1629 2413 1678 Episco-

266 1675 361 1726 palis
373 1676 471 1713 Comi
479 1676 519 1710 in
535 1673 614 1723 casu
629 1677 927 1714 contraventionis
935 1702 948 1721 ,
971 1675 1146 1714 dummodo
1161 1687 1229 1711 non
1239 1676 1356 1725 fuerit
1375 1683 1438 1724 per
1458 1675 1560 1712 ditias
1581 1675 1738 1713 citandos
1751 1677 1850 1713 intra
1862 1676 1991 1715 dietum
2002 1679 2192 1718 terminum
2217 1676 2355 1715 etenum
2372 1679 2413 1714 in

273 1723 336 1763 hac
355 1724 515 1764 Civitate
527 1748 537 1761 .
564 1724 699 1762 Datum
708 1735 751 1762 ex
760 1724 900 1764 Palatio
914 1724 1103 1776 Epist-opali
1130 1725 1245 1769 Comi,
1266 1724 1324 1762 die
1341 1735 1396 1772 25·-
1408 1723 1562 1774 uiprilis
1580 1723 1683 1772 1689.

565 1831 616 1885 C.
637 1831 879 1885 Cardinalis
899 1834 1068 1887 Cicerus
1084 1833 1303 1902 Episbopus
1320 1832 1522 1901 Cometfis
1535 1869 1551 1892 ,
1580 1834 1838 1900 Apostolicus
1855 1834 2085 1906 Delegatus
2103 1873 2116 1887 .

1193 1954 1358 1996 Carolus
1374 1952 1554 2009 Ignatius
1575 1952 1790 2047 Terebiana
1809 1957 1902 1998 Not.
1921 1962 2037 2001 Cane.
2059 1956 2180 2014 Epist.

264 2106 382 2122 *ιι
968 2106 1086 2119 ιιι-..ιι
1441 2106 1584 2120 -υι-σ-

2054 2106 2412 2123 ——--—

267 2212 557 2267 Frafflonem
583 2207 874 2280 aquaedueh'is
890 2246 909 2271 ,
941 2209 1017 2261 seu
1034 2200 1306 2262 tubulorum
1368 2209 1484 2265 ipsius
1515 2213 1670 2252 Domus
1705 2210 1924 2263 Regularis
1954 2212 2175 2266 damnum,
2207 2216 2247 2257 &
2272 2212 2417 2270 pra-ju-

337 2284 396 2334 ad
426 2287 732 2334 Conventum
767 2286 906 2335 Comi
936 2280 1266 2332 transeuntium
1289 2317 1304 2340 ,

334 2357 408 2405 vel
425 2373 553 2422 aquae
573 2390 588 2412 ,
627 2352 703 2404 seu
733 2356 855 2404 illius
875 2355 1016 2423 partis
1045 2352 1304 2406 distrastio.

333 2444 467 2483 nem,
502 2423 583 2474 sub
611 2426 1101 2477 excommunicationis
1129 2442 1305 2492 poenam

334 2496 565 2566 prohiberi
590 2531 607 2554 ,
644 2494 872 2565 Episcopo
896 2498 988 2546 loci
1015 2496 1268 2545 committit
1287 2531 1299 2546 .

265 2618 303 2662 Α
331 2625 474 2673 tergo:
512 2612 728 2658 Venerabili
754 2616 901 2659 Fratri
917 2612 1096 2670 Epistopo
1110 2613 1310 2669 Comensi,

409 2673 487 2731 stu
512 2673 592 2730 ejus
632 2676 781 2718 Vitario
806 2677 848 2716 in
857 2673 1149 2731 spiritualibus

685 2734 874 2778 Generali
887 2763 900 2773 .

264 2852 720 2910 URBANUS
807 2853 1025 2904 PAPA
1111 2854 1301 2903 V111.

272 2978 502 3028 Venerabilis
526 2982 672 3024 Frater
688 3012 703 3033 ,
722 2980 800 3037 stu
825 2981 961 3024 dili-Ele
992 2980 1074 3025 Fili
1093 2980 1273 3039 sulutem
1292 3009 1306 3034 ,

451 3041 500 3090 δ’
517 3040 774 3099 Apostolicam
792 3040 1099 3085 Benedibiionem
1117 3069 1130 3082 .

371 3162 496 3211 ΠΜ,
517 3158 615 3201 ficut
641 3157 780 3201 dileeti
817 3158 908 3202 Filii
946 3156 1236 3209 Guardianus‚
1267 3159 1307 3200 &

400 3222 560 3263 Fratres
588 3220 740 3260 Domus
755 3218 974 3272 Regularis
993 3244 1007 3266 s
1021 3216 1188 3260 Ordinis
1206 3220 1307 3260 Fra-

264 3286 370 3319 trum
387 3281 593 3325 Minorum
609 3281 649 3320 S.
666 3276 867 3319 Francisci
881 3278 1188 3332 Capucinorum
1207 3291 1307 3319 nun-

264 3347 503 3391 cupatorum
530 3339 569 3380 in
600 3335 795 3378 suburbiis
810 3340 982 3379 Comen.
1014 3337 1146 3380 Nobis
1174 3350 1307 3393 nuper

263 3397 409 3449 exponi
432 3395 636 3446 fecerunt,
653 3395 893 3451 iplicertum
912 3396 1183 3452 aquaeduc‘tum
1198 3424 1212 3446 ,
1241 3397 1309 3439 seu

264 3454 428 3498 tubulos
446 3482 458 3505 ,
487 3457 554 3511 qui
571 3456 640 3497 sub
663 3454 914 3500 diversorum
931 3454 1229 3511 posseffionibus
1249 3454 1309 3496 us-

262 3526 343 3567 que
368 3513 418 3555 ad
447 3514 593 3557 dietam
617 3517 795 3557 Domum
828 3514 1081 3570 Regularem
1120 3525 1309 3570 pertran-

263 3573 412 3622 seunt,
443 3587 494 3615 ex
522 3574 681 3629 piorum
708 3574 977 3628 eleemosynis
1009 3572 1097 3616 fieri
1130 3587 1306 3617 curave-

262 3631 378 3681 rint,
403 3631 441 3671 &
459 3632 507 3675 ad
525 3633 641 3687 ipfius
655 3636 811 3676 Domus
827 3634 939 3676 usum
956 3632 1206 3688 poffideant;
1234 3647 1304 3675 ve-

262 3699 432 3733 reantur
448 3701 586 3734 autem
606 3722 619 3744 ,
642 3705 697 3736 ne
725 3692 898 3744 duetus,
926 3690 993 3735 seu
1018 3692 1147 3735 tubuli
1166 3690 1303 3749 hujus-

262 3747 377 3791 modi
409 3748 543 3807 aliqua
576 3753 618 3793 in
644 3762 760 3807 parte
788 3749 1085 3808 perforentur,
1116 3753 1186 3794 seu
1210 3750 1307 3795 alias

261 3821 361 3868 aqua
389 3805 615 3866 hujusmodi
643 3812 726 3858 alio
755 3810 996 3865 derivetur,
1018 3811 1058 3855 in
1088 3809 1306 3856 maximum

1365 2269 1545 2321 dicium3
1579 2269 1708 2312 Nobis
1724 2280 1943 2324 propterea
1967 2272 2177 2317 humiliter
2194 2273 2413 2328 supplicari

1366 2326 1586 2377 fecerunt,
1619 2339 1662 2371 ut
1685 2329 1754 2370 fibi
1772 2329 1809 2370 in
1828 2329 2030 2384 praemiffis
2058 2333 2291 2389 opportune
2315 2346 2412 2386 pro·

1366 2386 1583 2437 videre‚de
1598 2388 1859 2443 Benignitate
1873 2389 2109 2443 Apostolica
2125 2391 2385 2446 dignaremur
2398 2419 2410 2431 .
2441 2386 2444 2390 ’

1367 2448 1453 2489 Nos
1476 2446 1600 2501 igitur
1628 2447 1914 2501 aquaedutftus,
1945 2449 1985 2490 &
2011 2451 2245 2492 tubulorum
2277 2448 2417 2504 hujus-

1367 2506 1478 2548 modi
1507 2503 1841 2556 conservationi,
1871 2507 2224 2551 &manutentioni
2242 2537 2256 2559 ,
2281 2509 2412 2549 diCtae·

1369 2578 1448 2620 que
1468 2567 1621 2606 Domus
1634 2564 1854 2619 Regularis
1868 2567 2180 2615 commoditati,
2211 2578 2412 2620 quantum

1367 2637 1458 2667 cum
1477 2625 1652 2665 Domino
1664 2621 1865 2679 possumus
1879 2653 1892 2676 ‚
1906 2625 2080 2681 benigne
2095 2623 2310 2668 consulere
2322 2652 2336 2673 ,
2352 2624 2413 2666 di—

1367 2682 1530 2738 &osque
1554 2683 1833 2727 Guardianum
1861 2709 1875 2730 s
1919 2686 1958 2725 &
1986 2685 2146 2728 Fratres
2172 2683 2413 2740 specialibus

1294 2779 1301 2782 .
1367 2740 1574 2784 favoribus
1591 2771 1604 2793 ,
1635 2743 1674 2784 &
1701 2743 1840 2798 gratiis
1859 2742 2044 2799 prosequi
2078 2745 2295 2793 volentes,
2326 2743 2367 2783 ὃ(
2389 2747 2413 2786 it

1363 2798 1568 2857 quibusvis
1582 2802 2014 2845 excommunicationis
2031 2832 2044 2854 ‚
2070 2803 2327 2860 suspensionis
2341 2830 2356 2852 ·,
2371 2803 2413 2843 &

1364 2859 1571 2903 interdiffi
1600 2890 1614 2913 ,
1659 2861 1824 2917 aliisque
1855 2861 2145 2905 Ecclesiasticis
2172 2860 2412 2911 sententiis,

1365 2918 1581 2972 censuris,
1612 2922 1650 2962 δι
1675 2922 1810 2976 poenis
1838 2921 1862 2963 it
1890 2919 1983 2977 jure
2001 2949 2015 2971 ,
2047 2921 2113 2965 vel
2134 2922 2183 2964 ab
2210 2921 2413 2964 homine.-

1367 2979 1510 3035 quavis
1540 2977 1779 3031 occafione,
1811 2977 1884 3023 vel
1911 2979 2026 3023 causa
2054 2980 2143 3023 latis
2171 3009 2185 3031 ,
2218 2980 2241 3022 fi
2268 2979 2412 3036 quibus

1367 3037 1680 3095 quomodolibet
1701 3037 1887 3081 innodati
1915 3040 2090 3082 existunt
2107 3069 2120 3091 ,
2151 3039 2201 3083 ad
2227 3037 2414 3082 effeeium

1366 3096 1621 3153 praesentium
1647 3098 1843 3142 duntaxat
1868 3097 2195 3155 consequendum
2212 3126 2226 3149 ,
2269 3098 2410 3141 harum

1366 3157 1470 3200 serie
1497 3155 1780 3208 absolventes,
1810 3155 2072 3201 &absolutos
2099 3155 2186 3200 fore
2201 3153 2412 3198 censentes

1367 3215 1596 3272 hujusmodi
1625 3214 1979 3274 supplicationibus
2012 3215 2221 3266 inclinati,
2246 3216 2408 3256 Frater-

1368 3275 1483 3318 nitati
1501 3275 1735 3332 medii-ater
1750 3274 2035 3331 Episcope,seu
2055 3273 2412 3323 DiscretioniTuae,

1371 3334 1448 3378 Fili
1464 3335 1632 3379 Vicarie
1647 3365 1661 3387 ,
1694 3349 1767 3392 per
1784 3332 2001 3391 praesentes
2023 3331 2321 3375 committimus
2340 3361 2353 3382 ‚
2373 3335 2415 3374 δε

1370 3394 1608 3438 mandamus
1622 3423 1637 3446 ,
1652 3405 1713 3446 ut,
1732 3408 1783 3437 ne
1799 3391 2001 3451 quisquam
2017 3391 2156 3447 quavis
2171 3392 2412 3434 auctoritate

1370 3453 1542 3511 fungens
1578 3454 1882 3511 aquaedut‘tum‚
1913 3454 1979 3494 {eu
2015 3450 2180 3493 tubulos
2204 3449 2415 3507 hujusmo-

1368 3513 1411 3555 di
1440 3513 1575 3570 aliqua
1601 3528 1653 3557 ex
1676 3522 1793 3572 parte
1816 3505 2059 3565 perforare,
2091 3507 2158 3550 seu
2192 3524 2383 3565 rumpere
2399 3539 2414 3563 ,

1371 3571 1439 3615 vel
1468 3572 1667 3624 diruere,
1699 3568 1912 3626 illiusque,
1943 3567 2010 3610 seu
2042 3565 2206 3611 illorum
2239 3583 2411 3625 aquam,

1365 3629 1430 3673 seu
1445 3630 1554 3675 illius
1570 3628 2000 3689 partem2quantumvis
2012 3628 2304 3680 miniinam,sub
2317 3643 2417 3685 quo-

1364 3690 1423 3733 vis
1448 3690 1609 3747 quaesito
1642 3690 1785 3733 colore
1807 3716 1821 3740 ,
1854 3687 1923 3729 vel
1952 3698 2148 3743 praetextu
2176 3719 2190 3742 ,
2223 3698 2291 3731 aut
2318 3705 2414 3745 qua·

1370 3764 1546 3808 cumque
1560 3750 1770 3793 occasione
1785 3775 1799 3798 ,
1825 3745 1890 3789 vel
1907 3745 2020 3790 causa
2035 3775 2049 3798 ,
2082 3747 2151 3790 sub
2174 3762 2414 3793 excommu-

1369 3809 1581 3856 nicationis
1593 3819 1715 3868 poena
1731 3806 1813 3850 alio
1827 3805 2016 3868 derivare
2029 3806 2178 3851 audeat
2191 3837 2206 3861 ,
2235 3809 2416 3908 velsprae.

2314 3884 2360 3911 u-
