2762 4088
289 349 370 384 mo
387 333 572 401 antiqua
594 324 853 379 a'dmox'ram
870 329 1218 379 translationem
1235 349 1344 380 con·
1405 341 1453 387 S.
1477 337 1670 385 Antonii
1691 333 1885 386 Abbatis
1903 338 2081 395 teneri,
2118 340 2250 403 liujus
2272 343 2454 394 Festum

289 403 483 455 firmat.
521 401 668 456 Idm,
696 415 785 446 cum
801 413 929 446 nota.
1228 412 1340 463 136.
1406 408 1463 458 ab
1490 408 1581 456 illis
1609 406 1831 456 celebrari
1860 440 1876 463 ,
1927 423 1980 453 ac
2012 410 2264 462 oblationes
2311 417 2454 482 recipi

360 478 408 528 T
410 469 919 538 estamentumJoannis
938 473 1132 520 Antonii
1152 475 1348 521 Fuccio-
1408 476 1529 546 posse
1559 476 1822 527 declaratur
1840 511 1854 525 .
2342 502 2457 548 144,

289 549 325 599 li
349 582 367 606 ,
401 547 446 594 in
489 557 680 608 utraque
715 541 965 610 signatura
998 540 1347 603 Referendarii,
1411 554 1614 599 Deci-eto
1660 547 1862 612 ejusdem
1910 548 2301 618 congregationis
2353 559 2460 606 Fra,

291 618 356 670 de
374 612 660 666 Monasterio
682 614 1036 681 Capucinarum
1070 615 1118 662 in
1137 615 1348 665 Civitate
1408 634 1499 668 tres
1524 619 1641 680 juris
1673 618 1938 671 nominandi
1977 621 2154 668 Puellae
2188 624 2244 672 ad
2285 629 2456 675 Dotem

289 686 483 740 Castelli
512 682 821 735 construendo
850 686 1177 735 commendat:
1214 687 1343 735 Puel-
1405 692 1639 756 incapaces
1667 688 1907 740 censentur
1928 725 1939 738 .
1978 708 2067 738 cum
2094 707 2193 740 nota
2211 729 2223 741 .
2372 696 2458 746 ibi.

287 761 358 811 las
388 758 439 807 in
472 756 520 807 id
545 754 893 815 construftum,
929 760 1064 820 Juxta
1095 757 1344 806 articulum
1478 763 1707 827 Legatum
1750 764 1879 828 pium
1925 777 2011 828 pro
2047 757 2218 811 fabrica
2270 767 2452 815 Domus

287 826 604 899 praescriptum
638 826 794 877 induci
822 864 838 887 ,
884 828 1076 878 Vicario
1127 829 1349 878 Generali
1408 833 1590 881 Montis
1617 830 1776 881 Malbe
1802 833 1829 880 ὲ
1855 831 2090 900 quondam
2123 836 2307 899 Cyntio
2328 838 2462 885 Luci·

288 902 383 952 loci
400 900 698 950 committit:
731 897 952 950 Profess'as
979 917 1089 948 cum
1116 897 1347 950 Monaste-
1408 905 1454 953 ni
1489 901 1702 952 reliflum
1736 938 1751 960 ,
1798 901 1846 953 ὅ(
1887 902 1943 951 ad
1974 902 2191 970 expensas
2225 905 2462 956 Beatifica·

292 974 351 1024 rii
400 971 533 1022 bonis
585 967 899 1040 Jurisdiffioni
934 970 1176 1021 Ordinarii
1213 968 1345 1034 subji·
1407 976 1476 1023 nis
1517 1009 1534 1032 ,
1588 971 1638 1024 <St
1681 974 2059 1024 Canonizationis
2100 977 2177 1023 Fr.
2207 973 2398 1044 josephi
2433 979 2462 1027 a

290 1046 388 1094 cit:
423 1047 516 1094 Eas
536 1056 789 1111 augmenta.
805 1041 1039 1092 bonorum
1054 1040 1345 1112 recipere,&
1406 1041 1613 1096 Leoniss'a
1633 1044 1886 1114 applicari,
1922 1041 2155 1113 Episcopo.
2175 1049 2457 1097 committit.

290 1114 509 1167 omnibus
550 1115 808 1184 privilegiis
832 1149 847 1172 ,
895 1112 946 1165 &
972 1115 1136 1184 gratiis
1173 1113 1347 1165 Ordini
1407 1116 1658 1167 Alexander
1685 1119 1841 1166 vul.
2346 1126 2445 1181 146
2448 1146 2468 1168 .—

290 1186 376 1239 suo
393 1223 410 1247 ,
445 1184 628 1236 ceuiibi
662 1184 917 1254 specialiter
936 1185 1153 1236 conceffis
1178 1184 1348 1258 gaude-
1421 1224 1426 1228 -
1480 1193 1685 1239 Decreto
1719 1191 1867 1237 Sacrae
1890 1189 2286 1257 Congregationis
2311 1187 2463 1257 Episc.

292 1278 342 1310 re
377 1257 619 1328 indulget:
658 1258 704 1306 in
733 1275 893 1308 earum
923 1256 1119 1327 ingr-essii
1138 1293 1155 1316 ,
1189 1260 1245 1307 ac
1273 1257 1348 1306 die
1409 1259 1458 1311 δε
1494 1262 1670 1330 Regul.
1710 1263 1893 1309 Fratres
1932 1261 2023 1308 loci
2057 1262 2236 1310 Montis
2274 1261 2464 1329 Scopii,

291 1327 615 1386 Profeffionis,
653 1346 839 1380 necnon
861 1343 963 1379 tam·
985 1331 1076 1388 iis,
1112 1347 1257 1398 quam·
1277 1347 1346 1378 ea·
1407 1349 1499 1381 non
1548 1332 1689 1381 teneri
1722 1330 1936 1380 accedere
1968 1331 2274 1381 Proceffiones
2303 1368 2317 1390 ,
2364 1350 2464 1399 quae

295 1419 403 1453 rum
448 1398 678 1451 Ministnis
710 1436 727 1460 ,
770 1398 1102 1451 Defensoribus
1147 1399 1240 1452 ἃς.
1296 1402 1350 1449 in
1404 1402 1642 1454 occasione
1673 1404 1987 1453 solemnitatis
2028 1404 2257 1470 Corporis
2285 1403 2465 1454 Christi

291 1475 491 1526 articulo
511 1474 674 1522 mortis
690 1508 706 1530 ,
740 1490 794 1522 ac
819 1472 1035 1523 omnibus
1056 1470 1346 1524 Christifide·
1406 1478 1452 1527 in
1478 1477 1625 1526 Terra
1646 1476 1861 1525 Portariae
1882 1472 2025 1532 fiunt,
2040 1475 2313 1524 declaratur.
2347 1493 2462 1538 147.

292 1545 414 1597 libus
444 1547 499 1594 in-
528 1541 658 1593 Festo
686 1547 735 1594 S.
763 1546 917 1595 Clarae
942 1581 958 1603 ,
1003 1562 1163 1594 earum
1194 1545 1349 1595 Eccle·
1481 1551 1684 1597 Decreto
1704 1551 1850 1596 Sacrae
1873 1547 2270 1615 Congregationis
2291 1550 2465 1596 Conci-

292 1615 407 1668 fiam
458 1613 748 1667 visitantibus
776 1651 792 1674 ,
830 1616 1166 1685 indulgentiam
1199 1617 1349 1685 plena.-
1409 1619 1460 1669 lii
1501 1616 1824 1669 Vifitationem
1858 1618 2032 1666 Altaris
2070 1618 2265 1679 Majoris
2295 1618 2350 1667 ab
2372 1615 2461 1667 Of-

293 1688 780 1757 riaminpetpetuum-
809 1689 1034 1759 largitur.
1075 1686 1224 1747 Idem,
1260 1707 1350 1738 cum
1412 1689 1637 1741 ficialibus
1670 1686 1890 1757 Episcopi*
1912 1690 1958 1736 in
1990 1687 2187 1738 Ecclefia
2222 1687 2471 1750 ejusdem-‚7

295 1775 429 1811 nota.
1239 1779 1351 1823 ¹37³
1417 1767 1691 1814 Conventus
1704 1763 1885 1811 Montis
1917 1761 2107 1829 Scoppii
2138 1757 2307 1810 saetam
2326 1798 2342 1820 ,
2371 1779 2466 1811 non

368 1830 616 1882 Fratribus
655 1829 827 1882 Perufii
866 1831 1100 1883 licentiam
1131 1869 1146 1892 ,
1185 1834 1229 1882 in
1264 1836 1354 1884 Ca·
1415 1832 1620 1885 sustineri
1656 1833 1943 1886 declaratur.
2369 1833 2465 1881 ibi.

294 1905 418 1974 pella
448 1907 496 1955 S.
535 1904 734 1954 Antonii
773 1902 968 1954 Abbatis
1006 1903 1202 1955 Miffam-
1237 1905 1354 1954 cele·

295 1974 458 2026 brandi
484 1974 710 2036 concedi,
748 1973 976 2045 Episcopo
995 1975 1214 2029 Perusino
1227 1994 1353 2026 com-

295 2047 446 2098 mittit
463 2083 475 2096 .
516 2044 779 2097 Innocentius
796 2051 861 2098 X.
1236 2066 1351 2111 140·

370 2116 557 2170 Rudera
582 2118 850 2169 Monasterii
879 2120 905 2168 a
937 2119 1224 2171 Monialibus
1255 2122 1351 2170 Or-

299 2189 420 2240 dinis
448 2194 497 2242 S.
530 2191 762 2241 Benedicti
803 2191 918 2240 olim
950 2191 1158 2243 dereliffl
1189 2228 1204 2250 ,
1243 2195 1352 2242 Μο-

298 2261 499 2313 ttialibus
526 2260 698 2312 Peruszi
727 2262 795 2312 ad
819 2260 1038 2313 fabricam
1068 2265 1354 2314 Gestarum..

300 2333 491 2383 concedi
513 2369 529 2392 ,
547 2335 736 2384 Vicario
756 2335 1018 2400 Capitulari
1040 2333 1212 2386 ibidem
1232 2353 1357 2390 com·

301 2406 480 2455 mittit.
520 2404 768 2454 Alexander
795 2408 918 2456 VII.
1243 2425 1358 2471 114¹·

375 2474 578 2544 Epistola
611 2479 758 2526 Sacrae
783 2478 1178 2548 Congregationis
1206 2477 1360 2548 Episc.

302 2545 352 2599 ὅ(
382 2551 549 2617 Regul.
579 2551 708 2597 Duas
740 2546 1044 2600 Institutrices
1086 2549 1145 2599 ad
1177 2551 1359 2600 noviter

299 2618 528 2669 ereftum«
547 2618 882 2670 Monasterium
912 2623 1196 2672 Monialium
1226 2625 1362 2671 Mon-

300 2692 360 2742 t-is
387 2689 718 2742 Castrillorum
749 2689 982 2743 transferri
999 2729 1025 2752 ,A
1047 2691 1277 2761 Episcopo
1294 2695 1361 2742 lo·

303 2780 348 2812 ci
376 2776 695 2813 committitur
714 2798 727 2812 .
765 2781 853 2814 cum
868 2780 1003 2812 nota.
1244 2780 1356 2825 ¹42⁴·

387 2837 591 2884 Decreto
630 2837 780 2884 Sacrae
825 2833 1216 2906 Congregationis
1262 2831 1354 2884 διε.

304 2907 457 2972 Super
485 2907 629 2954 Statu
668 2906 840 2975 Regul.
881 2903 1202 2975 Reaffumptio
1243 2904 1357 2970 duo·⁴

306 2993 415 3026 r-um
446 2977 781 3026 Conventuum
812 3012 828 3035 ‚
875 2975 1093 3028 videlicet
1125 2980 1173 3026 S.
1208 2981 1357 3025 Annae

305 3047 518 3116 Spoleti,
553 3044 603 3097 ὅ(
618 3049 669 3096 S·
689 3050 856 3098 Crucis
876 3049 1064 3098 Narniae
1082 3084 1096 3106 ‚
1133 3062 1355 3116 cum-grav

305 3120 374 3168 tia
391 3153 407 3176 ,
446 3132 498 3168 ut
525 3133 722 3185 quatuor
738 3118 1010 3170 Sacerdotes
1040 3120 1264 3167 duntaxat
1292 3117 1353 3166 ibi

307 3188 665 3259 degerepoffint
683 3224 699 3246 ‚
736 3189 1035 3241 conceditur.
1246 3205 1357 3250 143.

415 3263 604 3328 Corpus
655 3261 910 3311 Terrarum
980 3261 1359 3330 Primogeniturae

310 3333 514 3385 Familiae
544 3332 569 3379 a
593 3332 756 3381 Monte
785 3329 1123 3399 suppositum,
1144 3330 1360 3380 Moniali·

308 3405 429 3456 libus
473 3403 697 3454 Civitatis
741 3402 936 3452 castelli
963 3403 1053 3453 sine
1090 3402 1359 3451 caducitatis

308 3494 450 3546 poena
475 3473 705 3532 concedi,
735 3471 783 3525 ὃ(
815 3476 858 3522 in
880 3476 1000 3524 vices
1016 3475 1113 3523 alia
1131 3474 1253 3522 bona
1282 3469 1360 3520 sta·

312 3547 434 3598 bilia·
461 3544 701 3615 subrogari
736 3582 751 3604 ,
789 3542 1016 3615 Episcopo
1042 3543 1366 3595 ibidem-com·

316 3620 467 3669 mittit
498 3617 687 3666 Clemens
716 3620 783 3668 X.
1284 3612 1363 3662 ibi.

387 3692 592 3740 Decreto
622 3693 770 3739 Sacrae
792 3686 1182 3758 Congregationis
1211 3682 1362 3751 Episc.

317 3757 374 3810 δι’
393 3761 562 3830 Regul.
591 3762 654 3810 A'
669 3762 906 3813 Fratribus
939 3759 1150 3827 Fulginei
1178 3755 1301 3808 licite
1321 3758 1367 3804 ir.

317 3831 515 3899 Capella
544 3830 758 3884 Ecclefioe
806 3836 1083 3884 Conventus
1116 3831 1369 3880 Statuam..

439 3902 607 3945 Tom.11.

1491 1911 1691 1956 Decreto
1710 1909 1860 1956 Sacrae
1888 1905 2279 1975 Congregationis
2314 1902 2464 1972 Episc.

1414 1977 1463 2029 ἃ
1496 1979 1668 2047 Regul.
1699 1982 1743 2027 A
1773 1976 2005 2027 Fratribus
2034 1978 2257 2027 Civitatis
2285 1975 2473 2027 Tuder-

1412 2053 1527 2100 tinae·
1566 2046 1899 2115 Eleemosynas
1943 2050 1987 2096 in
2033 2045 2142 2096 festo
2184 2052 2234 2098 S.
2266 2048 2466 2097 Antonii

1414 2122 1642 2179 Abbatisss,
1681 2138 1770 2170 non
1798 2118 2075 2169 obstantibus
2106 2119 2367 2187 privilegiis
2384 2121 2468 2169 Pa·

1414 2209 1539 2244 trum
1574 2198 1621 2243 S.
1660 2191 1856 2242 Antonii
1890 2191 2119 2240 Viennen.
2153 2189 2292 2239 libere*
2323 2190 2467 2256 recipi

1417 2263 1538 2335 polse
1579 2263 1776 2313 sancitur
1797 2300 1808 2312 .
1847 2281 1935 2310 cum
1958 2276 2056 2308 nota
2077 2298 2100 2310 .,
2383 2260 2463 2309 ibi.

1497 2340 1699 2387 Decreto
1718 2340 1865 2385 Sacrae
1898 2333 2295 2402 Congregationis
2312 2329 2466 2401 Episc.

1427 2406 1477 2459 ὅ(
1511 2409 1680 2477 Regul.
1712 2405 1948 2456 Fratribus
1975 2405 2097 2463 loci,
2135 2403 2336 2452 Abbatia.
2357 2421 2471 2452 nun-

1418 2480 1573 2548 cupati
1593 2515 1608 2537 ,
1645 2493 1852 2547 tempore
1866 2476 2023 2526 aestivo
2042 2473 2075 2533 ,’
2094 2477 2137 2524 ἱη
2157 2480 2262 2525 loco
2282 2479 2329 2525 S.
2350 2476 2470 2523 Mal·-

1420 2554 1527 2601 l-iani
1546 2549 1673 2599 disto
1698 2587 1723 2608 ,,
1747 2568 1832 2618 per
1860 2548 2058 2598 modum
2095 2545 2299 2615 Hospitii
2318 2562 2466 2594 mora·

1422 2626 1461 2672 ri
1500 2618 1620 2690 poffe
1643 2622 1908 2690 indulgetur
1927 2655 1940 2668 .
2352 2618 2467 2678 148:

1491 2698 1695 2742 Decreto
1725 2694 1872 2740 Sacrae
1903 2688 2292 2757 Congregationis
2312 2684 2465 2755 Episc-

1417 2761 1469 2814 &
1500 2763 1668 2830 Regul.
1701 2759 1982 2816 Habitatio-,
2018 2759 2075 2807 ad
2120 2761 2337 2807 Montem
2371 2757 2468 2806 Pie-

1418 2833 1526 2883 tatis
1566 2835 1611 2880 in
1639 2836 1784 2882 Terra
1814 2829 1977 2881 Caffiae
2010 2828 2211 2898 spestans
2242 2866 2256 2888 ,
2298 2829 2468 2877 Fratri-

1417 2905 1500 2954 bus
1514 2902 1685 2952 ibidem
1704 2920 1788 2971 pro
1806 2899 2027 2969 Hospitio
2042 2899 2310 2949 conceditur
2327 2936 2339 2948 .
2384 2897 2466 2948 ibi..

1489 2978 1689 3025 Decreto
1728 2978 1878 3024 Sacrae
1915 2973 2305 3039 Congregationis
2340 2973 2465 3020 Con-

1415 3045 1509 3093 cilii
1553 3046 1741 3095 Clerico
1787 3058 1957 3093 contrav
2000 3039 2127 3091 suam
2166 3075 2181 3097 ,
2234 3054 2336 3090 ante
2386 3041 2464 3088 18.

1418 3117 1560 3165 aetatis
1606 3131 1778 3165 annum
1810 3114 2047 3181 expletum
2087 3108 2252 3161 fatiam
2293 3106 2470 3161 Profes-

1421 3185 1591 3236 sionem
1624 3185 1895 3235 reclamanti
1929 3218 1957 3241 ‚.
1985 3180 2232 3233 Restitutio
2271 3183 2318 3230 in
2355 3182 2469 3228 inte·

1418 3274 1556 3330 grum
1582 3256 1836 3327 denegatur
1853 3291 1866 3304 .
2353 3267 2410 3312 14
2416 3269 2466 3309 9.

1491 3334 1692 3379 Decreto
1723 3331 1870 3379 Sacrae
1898 3329 2182 3393 congregat.
2226 3317 2471 3389 Episcopo·

1422 3418 1528 3451 rum
1549 3435 1568 3457 ,
1601 3398 1657 3450 &
1679 3398 1982 3468 Regularium
2014 3390 2165 3444 Causa
2186 3390 2471 3458 quaestuatio·

1428 3475 1499 3521 nis
1526 3472 1649 3520 inter
1682 3471 1945 3520 Provincias
1990 3463 2229 3519 Umbriae,
2266 3461 2314 3512 <St
2346 3466 2471 3513 Mar·

1427 3543 1537 3592 chiae
1565 3556 1778 3599 vertens,
1816 3537 1873 3588 ad
1903 3531 2322 3587 Eminentiffimum
2355 3538 2473 3584 Car-

1425 3613 1626 3664 dinalem
1659 3610 1977 3663 Proteaorem
2024 3622 2113 3675 pro
2146 3602 2372 3654 decisione
2407 3621 2472 3653 re-

1427 3686 1631 3734 mittitur
1659 3719 1675 3742 ,
1726 3682 1775 3734 <St
1817 3681 1872 3730 ab
1924 3681 2012 3727 hoc
2066 3675 2199 3746 plene
2257 3676 2473 3725 termina·

1429 3770 1504 3807 tur
1523 3792 1535 3804 .
2361 3764 2378 3794 x
2392 3764 2474 3807 50.

1501 3830 1703 3877 Decreto
1736 3825 1886 3874 Sacrae
1904 3824 2193 3892 Congregat.
2222 3813 2470 3887 Episcopo·

1721 3907 1746 3949 g
2330 3899 2416 3927 sum
