2774 4068
1012 189 1706 311 Bononiensis.

298 296 468 364 Ofdinis
481 331 498 353 ‚
521 302 646 345 etiam
657 303 735 344 &co
757 298 1114 344 consuetudinibus
1128 332 1142 353 ,
1164 306 1330 360 privile·

299 370 373 413 gus
386 359 466 402 dcc.
493 356 737 405 innovatis?
750 358 911 414 Quibus
941 361 1126 403 omnibus
1144 388 1159 411 ,
1188 364 1226 403 &
1255 363 1327 407 lin·

299 416 404 473 gulis
417 418 610 474 ‚illorum
632 425 800 460 tenores
817 418 895 459 &c.
908 416 1153 473 derogamus
1166 446 1182 469 ,
1210 433 1332 464 caete·

302 476 438 533 risque
450 473 666 541 contrariis
679 474 1009 533 quibuscunque.
1043 477 1241 520 Volumus
1258 493 1331 522 su-

296 530 1213 658 zaiffdz'mtfsszffiz‘z‘a{53:55432
1228 550 1325 638 225}

374 658 481 701 erit,
494 649 645 702 modo,
660 651 799 702 rifico,
822 654 864 696 &
888 652 1074 709 periculo
1098 652 1226 696 Ulixis
1241 681 1255 704 ,
1284 656 1327 696 &

335 715 490 751 ratrum
539 708 821 764 predictorum
864 711 1188 755 transmittantur
1210 738 1226 761 ‚
1283 715 1322 753 8ι

295 764 526 830 transmifl'a·
555 767 596 810 in
646 772 792 814 Monte
838 769 1008 815 Pietatis
1048 769 1102 813 de
1139 769 1327 813 eadem..-

295 824 415 892 Urbe
452 825 711 881 deponantur
748 857 764 881 ,
797 828 899 872 inde
931 841 1013 871 non
1052 829 1280 872 amovenda
1311 855 1327 879 ‚

295 881 430 928 ntfiad
441 882 629 930 effeflum
642 913 659 938 ‚
672 887 740 931 'illa
754 888 798 931 in
811 898 875 932 tot
893 887 992 931 locis
1006 887 1229 938 Montium,
1245 901 1324 929 non

294 942 560 996 vacabili’um,
569 948 750 990 Camere
762 945 1001 1002 Apostolicae
1010 945 1065 989 de
1082 946 1226 989 eadem
1246 948 1326 989 Ur·

295 1000 350 1045 be
366 1001 633 1056 investiendi,
662 1018 748 1062 quae
769 1005 858 1048 loca
886 1019 960 1059 pro
981 1017 1222 1062 quacunque
1239 1006 1328 1048 evi·

296 1060 431 1103 &ione
464 1060 661 1105 dietarum
688 1063 1025 1107 domuncula-um
1052 1063 1258 1120 obligata,
1287 1065 1328 1106 δι

298 1119 341 1162 in
369 1119 501 1175 specie
524 1121 800 1176 hypotecae,
830 1133 878 1164 ac
903 1120 1011 1164 dieto
1028 1121 1325 1165 Fideicommis.

295 1176 341 1220 so
365 1180 458 1221 vice
477 1180 716 1223 earumdem
745 1179 1085 1223 domuncularum
1120 1179 1291 1238 subjecta
1308 1208 1324 1232 ,

296 1237 338 1278 δι
364 1233 559 1292 liippolita
584 1252 636 1282 eo
655 1236 741 1293 ipso
768 1237 870 1290 lint,
899 1239 939 1280 δι
963 1242 1170 1295 perpetuo
1196 1253 1324 1282 rema·-

296 1302 447 1338 ueant.
479 1297 634 1340 Datum
654 1297 797 1340 Rome
820 1297 927 1353 apud
947 1302 988 1341 S.
1003 1299 1173 1341 Mariam
1192 1297 1324 1352 Majo-

278 1365 383 1396 ·rem
397 1350 469 1396 sub
482 1355 648 1398 Annulo
663 1351 879 1400 Piscatoris
894 1384 911 1407 ,
940 1356 1021 1399 Die
1036 1369 1112 1400 xxt
1126 1370 1138 1399 ι
1154 1370 1186 1399 ι.
1199 1358 1326 1400 octo-

295 1411 440 1513 lzristiui
457 1427 486 1456 o
502 1427 528 1456 c
546 1427 570 1456 x
584 1430 605 1457 ι.
621 1428 643 1457 v
664 1428 699 1458 ι.
739 1412 1011 1459 Pontificatus
1037 1415 1175 1460 Nostri
1204 1419 1326 1459 Anno

325 1483 373 1514 er
408 1484 466 1514 ο.

840 1571 900 1615 Μ.
915 1571 965 1614 Α.
982 1565 1186 1613 Maraldus
1201 1595 1213 1610 .

315 1706 325 1717 ··
357 1686 505 1742 dmg.
533 1686 576 1728 in
596 1687 718 1740 Arcb,
748 1689 892 1729 secret.
927 1690 1043 1729 Brev.
1075 1682 1206 1743 Apost.
1235 1685 1330 1739 Reg.

411 1743 544 1801 usenfir
563 1775 580 1797 ,
605 1745 660 1798 ά·
684 1745 780 1789 anni
801 1744 929 1800 pred.
949 1744 1032 1806 fiil-
1046 1757 1065 1800 3
1080 1756 1113 1786 ι.

524 1875 1083 1941 ΝΟΤΑ.

408 2014 521 2052 Abuit
544 2013 717 2062 originem
739 2015 806 2054 hoc
823 2014 1074 2053 Mouasterium
1099 2014 1203 2051 Anno
1229 2014 1328 2051 1628.

420 2062 555 2111 fuitque
570 2064 667 2101 illius
675 2063 836 2102 standario
846 2092 857 2108 ,
868 2063 905 2101 ἃ
913 2063 1042 2102 erectio
1057 2062 1160 2100 Brevi
1174 2061 1329 2109 Aposto-

296 2115 393 2159 lico‚
413 2113 536 2150 eodem
551 2113 662 2149 Anno
673 2114 916 2161 23.Septemb.
928 2122 1104 2154 emmam,
1117 2109 1329 2147 confirmata.

297 2162 475 2200 Moniales
497 2161 546 2198 ob
565 2160 745 2199 formatam
771 2162 813 2200 ad
835 2161 964 2199 nostras
975 2159 1253 2198 Constitutioues
1274 2158 1331 2195 vi·

298 2210 407 2248 vendi
449 2209 647 2246 methodum
673 2209 860 2256 Capueinae
883 2208 1019 2245 fuerunt
1045 2207 1223 2264 appellata
1244 2228 1258 2250 ,
1294 2205 1331 2243 ἃ

298 2256 462 2307 quamvis
487 2257 624 2294 labente
657 2257 759 2294 cursu
787 2254 956 2303 temporis
978 2258 998 2291 a
1023 2266 1189 2303 prtmaevo
1211 2256 1326 2300 rigore

297 2306 451 2344 nonnihil
474 2304 727 2342 declinaverint
743 2327 757 2348 ,
790 2315 913 2340 nomen
938 2312 1048 2340 remen
1069 2301 1327 2350 Capucimrum

298 2356 467 2398 retinent,
490 2353 527 2390 ἃ
550 2352 611 2390 sub
633 2353 700 2390 boc
722 2353 768 2390 ed
793 2350 956 2391 &naam
969 2352 1095 2390 Sedens
1120 2360 1328 2393 recurrunt,

296 2414 403 2453 prout
428 2401 604 2449 plurima,
625 2401 663 2438 ἃ
687 2400 834 2439 recentia
857 2412 999 2449 quoque
1026 2401 1205 2438 Sacrarum
1226 2398 1326 2434 Con-

295 2453 535 2500 gregatlonum
561 2450 729 2494 Decreta,
757 2450 792 2486 in
807 2450 966 2486 Archivo
980 2446 1146 2487 Generali
1158 2447 1303 2484 Ordinis
1317 2470 1329 2487 2

295 2498 462 2587 armario
481 2522 496 2545 ‚
529 2497 723 2538 Provincia
750 2496 974 2549 'Bononienfis
1000 2497 1207 2536 conservate
1230 2496 1326 2533 exlu-

345 2558 385 2586 nt
402 2573 414 2585 t

301 2788 378 2836 Fr.
409 2785 642 2837 Bernardo
676 2782 702 2834 d
729 2785 934 2836 Bononia
966 2782 1244 2841 Meffinam,
1272 2780 1332 2832 ad

366 2856 658 2906 tractandum
689 2854 750 2906 ibi
782 2856 999 2906 Civitatis
1038 2849 1326 2905 Bononienfis

369 2927 610 2996 negotium
636 2961 653 2985 ,
696 2922 741 2974 se
766 2922 1027 2974 conferendi
1060 2923 1327 2975 facultatem

368 2997 564 3066 largitur
585 3030 599 3045 .

302 3114 457 3158 Dileffo
475 3114 575 3158 Filio
591 3112 790 3156 Berncrlo
806 3110 835 3152 d
849 3112 1036 3162 Bononia,
1049 3112 1206 3155 OrdInis
1221 3114 1326 3156 Fra-

358 3184 467 3219 trum
484 3176 691 3217 Minorem
714 3174 756 3214 s.
770 3170 972 3227 Franclsti
985 3174 1269 3224 Cepueimrm

530 3239 844 3286 nuncupatorum
862 3226 1098 3287 prosefflirt‘.

302 3350 831 3404 ALEXANDER
912 3347 1117 3402 PAPA
1207 3347 1330 3397 vn.

387 3479 548 3523 Ditem
578 3478 661 3523 Fili
673 3476 851 3537 [blatern
871 3501 885 3524 ,
915 3476 968 3527 ά·
985 3472 1243 3532 Apostote‘cam

648 3534 952 3579 BenediWonem
973 3565 983 3575 .

417 3616 547 3707 U·M‚
564 3656 659 3697 ficut
686 3653 824 3696 dilecti
854 3652 943 3695 Filii
975 3649 1199 3704 Regiminis
1217 3648 1330 3691 Civi-

433 3713 527 3756 tatis
549 3713 685 3756 nostre
701 3710 957 3755 Bononiensis
976 3710 1103 3752 Nobis
1118 3721 1238 3763 nuper
1259 3722 1327 3750 ex·

297 3775 394 3826 poni
421 3768 608 3815 fecerunt
622 3800 637 3823 ‚
655 3771 723 3828 ipsi
743 3772 804 3816 Te
820 3798 835 3821 ,
850 3773 917 3827 qui
930 3770 1123 3812 Habitum
1136 3782 1208 3825 per
1225 3767 1324 3808 Pra-

1390 320 1474 352 tres
1489 318 1655 352 ordios
1678 308 1880 351 Minorum
1910 307 1951 349 S.
1971 308 2165 351 Frsncisci
2182 227 2417 365 (2αέΞο-

1389 382 1478 410 rum
1501 375 1820 422 nuncupatorum
1847 364 1990 421 gestari
2006 366 2166 412 solitum
2189 368 2415 427 sulcepi'sti,

1391 427 1432 467 δι
1448 423 1735 470 Profellionem
1750 437 1824 479 per
1837 420 2000 466 eosdem
2013 426 2145 467 emitti
2170 428 2418 472 consuetam

1391 484 1580 539 expresse
1594 483 1750 528 emiusti
1775 480 2031 536 Regulam,
2047 482 2255 528 Meffinam
2290 488 2416 532 desti..

1386 555 1479 585 nare
1507 541 1769 585 decreverint
1785 569 1800 592 ,
1831 550 1876 582 ut
1898 539 1994 580 inibi
2018 541 2270 584 exustionem
2286 559 2413 598 pecu..

1386 599 1542 641 niarum
1564 626 1578 650 ‚
1607 611 1705 654 quas
1733 598 1822 653 ipfis
1837 598 2145 652 Exponentibus
2173 600 2323 643 debent
2351 604 2416 646 di·

1386 656 1479 699 lecti
1493 658 1618 699 etiam
1641 657 1731 698 Filii
1746 656 2030 701 communitas
2044 683 2061 705 ,
2089 657 2129 698 δι
2144 657 2324 701 homines
2344 663 2418 702 Ci-

1386 714 1522 758 vitatis
1550 714 1807 757 Meflanenfis
1833 728 1906 771 pro
1932 714 2099 766 tritico,
2115 714 2166 757 ad
2190 716 2418 760 Civitatem

1387 773 1839 827 Bononicn.praedictam
1857 773 2079 828 spectante,
2093 774 2146 816 de
2163 786 2270 815 anno
2292 776 2412 826 1648.

1388 832 1428 873 in
1478 843 1599 887 poi-tu
1643 829 1859 874 Meffanen.
1910 832 2148 886 intercepto
2190 845 2388 887 procures
2402 865 2419 885 ,

1385 903 1439 932 eo
1459 890 1660 941 maxime,
1684 890 1776 945 quia
1801 890 1839 931 in
1875 889 1953 932 illis
1979 890 2161 945 partibus
2192 903 2309 935 notus
2346 907 2386 935 es
2404 921 2420 945 ,

1385 950 1426 991 ez
1441 948 1519 1004 jam
1534 949 1747 1005 negocium
1761 947 1982 1005 hujusmodi
1997 944 2420 1005 curavisti,antequam

1388 1010 1583 1052 Habitum
1611 1005 1843 1065 praedictum
1855 1004 2080 1062 suscepilses
2096 1035 2107 1047 .
2142 1007 2313 1050 Idcirco
2334 1012 2421 1051 Nos

1387 1069 1639 1110 conscientie
1664 1076 1742 1109 tuae
1767 1064 1970 1109 securitati
2002 1066 2075 1109 hac
2098 1068 2139 1108 in
2164 1079 2213 1107 re
2233 1091 2248 1113 2
2291 1080 2420 1122 quan·

1384 1138 1471 1169 tum
1501 1140 1592 1169 cum
1613 1125 1791 1168 Domino
1872 1122 2014 1167 {sumus
2034 1152 2050 1175 ,
2080 1124 2311 1168 consultum
2340 1122 2423 1167 elle

1383 1185 1594 1241 cupientes
1610 1213 1623 1235 ‚
1639 1187 1782 1239 Teque
1803 1139 2041 1240 lggcislib‘us
2054 1184 2132 1226 διε.
2146 1209 2161 1232 ‚
2198 1184 2389 1226 volentes
2403 1212 2421 1234 ,

1382 1246 1422 1287 δι
1445 1245 1467 1285 ὁ
1491 1242 1693 1300 quibusvis
1709 1244 1788 1284 dcc.
1803 1242 2011 1286 censentes
2025 1270 2039 1293 ,
2052 1241 2421 1297 supplicationibus

1384 1303 1624 1347 eorumdem
1652 1302 1952 1358 Exponentium
1991 1301 2153 1344 nomine
2190 1302 2324 1344 Nobis
2339 1301 2420 1343 &c-

1385 1362 1595 1409 inclinati,
1612 1362 1733 1411 Tibi,
1759 1371 1803 1403 ut
1830 1360 1884 1403 de
1899 1359 2162 1413 Superiorum
2177 1370 2347 1404 tuorum
2369 1360 2423 1403 li·

1383 1424 1519 1462 centia
1549 1418 1750 1462 Meffinam
1779 1421 1843 1462 Te
1866 1417 2083 1469 conferre,
2112 1419 2153 1461 8ι
2179 1429 2262 1462 tam
2292 1418 2421 1470 inibi,

1385 1481 1505 1535 quam
1529 1479 1713 1524 Panormi
1738 1492 1831 1520 cum
1850 1477 1934 1533 ipso
1959 1476 2090 1530 Regni
2106 1478 2251 1520 sicilie
2266 1478 2420 1521 Prore-

1388 1552 1440 1595 ge
1454 1565 1470 1588 2
1481 1539 1522 1580 δι
1533 1537 1639 1589 aliis,
1654 1538 1797 1592 quibus
1813 1549 1912 1590 opus
1927 1533 2068 1583 fuerit,
2085 1531 2306 1580 secundum
2330 1536 2390 1578 rei
2405 1563 2421 1587 ,

1389 1596 1550 1641 &casus
1575 1596 1820 1651 exigentiam
1834 1623 1849 1645 ‚
1863 1605 2051 1650 tauquam
2069 1594 2317 1637 Procurator
2339 1597 2423 1638 De-

1392 1666 1627 1712 putatorum
1643 1654 2269 1710 affumptorum,nuncupatorum
2281 1657 2424 1696 Anno-

1390 1730 1449 1758 nae
1460 1744 1475 1767 ,
1490 1715 1601 1757 dissae
1615 1713 1805 1756 Civitatis
1817 1708 2074 1756 Bononiensis
2089 1712 2305 1767 negocium
2326 1725 2424 1754 exa-

1390 1774 1532 1816 ‹stionis
1546 1786 1811 1830 pecuniarum
1829 1769 2050 1827 hujusmodi
2066 1774 2423 1826 tractet-effigere,

1388 1831 1622 1882 conficere,
1653 1832 1691 1872 8(
1711 1830 1960 1873 concludere
1975 1829 2106 1871 libere
2126 1858 2142 1881 ‚
2165 1831 2203 1872 &
2232 1830 2426 1880 licit'c,&

1387 1890 1534 1945 absque
1550 1890 1640 1933 ullo
1655 1889 1910 1933 conscientiae
1922 1887 2119 1943 scrupulo
2130 1917 2144 1940 ‚
2166 1897 2236 1931 aut
2250 1887 2423 1945 alicujus

1387 1952 1589 2001 censurae,
1618 1950 1659 1990 δι
1682 1962 1808 2002 poenae
1835 1947 2118 1990 Ecclefiasticae
2141 1946 2302 1990 incursu
2332 1945 2424 2003 pos-

1387 2009 1461 2057 fis,
1489 2010 1531 2049 δι
1558 2007 1694 2054 valeas
1712 2034 1728 2056 ‚
1759 2006 1981 2049 dummodo
2004 2016 2140 2049 tamen
2166 2017 2422 2061 propterea-s

1389 2078 1506 2111 extra
1530 2064 1698 2108 claustra
1728 2067 1883 2107 Domus
1900 2064 2117 2118 Regularis
2140 2065 2229 2111 tui,
2262 2064 2327 2105 vel
2358 2065 2422 2105 al-

1390 2128 1515 2170 terius
1530 2122 1722 2175 Ordinis,
1735 2121 1811 2164 loci
1827 2148 1842 2172 ‚
1858 2123 1895 2164 in
1921 2136 2004 2177 quo
2019 2123 2081 2163 Te
2106 2121 2319 2176 negocium
2346 2122 2421 2164 bu-

1390 2183 1558 2243 jusmodi
1575 2195 1720 2239 gerere
1742 2180 1963 2236 contigerit
1981 2208 1994 2231 ,
2010 2180 2171 2222 minimi:
2186 2180 2421 2235 pernot‘tes,

1389 2238 2043 2300 ApossolicaAuetoritate‚tenore
2058 2238 2311 2294 praescntium
2323 2253 2421 2282 con·

1388 2301 1573 2345 cedimus
1592 2328 1608 2351 ‚
1651 2301 1689 2341 &
1718 2297 1977 2353 indulgemus
2002 2326 2014 2339 .
2047 2301 2140 2340 Non
2170 2297 2419 2340 obstantibus

1387 2359 1756 2404 constitutionibus
1774 2386 1788 2408 ,
1819 2358 1858 2398 δι
1871 2355 2203 2399 Ordinationibus
2217 2356 2420 2411 Apostoli·

1386 2421 1443 2463 cis
1462 2448 1475 2470 ,
1507 2432 1552 2461 ac
1583 2417 1679 2458 dicti
1695 2415 1863 2459 Ordinis
1877 2444 1894 2466 ‚
1923 2416 2046 2458 etiam
2060 2416 2137 2457 &c.
2159 2415 2422 2458 consuetudi-

1391 2480 1503 2522 nibus
1517 2506 1532 2529 ,
1564 2475 1787 2532 privilegiis
1801 2487 1962 2531 quoque
1977 2475 2053 2516 &c.
2071 2474 2270 2516 innovatis
2284 2502 2296 2514 .
2313 2476 2421 2534 Qii-

1391 2539 1464 2580 bus
1476 2536 1662 2579 omnibus
1675 2564 1690 2587 ‚
1716 2536 1757 2577 &
1771 2533 1933 2588 lingulis
1959 2533 2122 2575 illorum
2135 2533 2210 2574 &c-
2242 2533 2419 2588 deroga·

1391 2610 1477 2639 mus
1491 2624 1507 2647 ,
1535 2594 1769 2648 caeterisque
1790 2591 2004 2633 contrariis
2028 2589 2327 2644 quibuscunque
2344 2619 2357 2630 .

1449 2657 1600 2696 Datum
1627 2654 1766 2693 Romae
1786 2646 1891 2701 apud
1925 2649 1965 2688 S·
1979 2646 2150 2689 Mariam
2176 2645 2416 2702 Major-em.»

1389 2712 1458 2755 sub
1475 2708 1640 2752 Annulo
1655 2704 1864 2751 piscatoris
1879 2731 1892 2753 ‚
1924 2705 2005 2747 Die
2029 2704 2202 2759 ix.Juuii
2221 2717 2411 2748 noctvt.

1389 2765 1655 2814 Pontificatus
1675 2763 1812 2808 Nostri
1841 2764 1962 2804 Auno
1977 2761 2154 2806 secundo
2173 2791 2186 2803 .

1960 2881 2014 2922 G.
2029 2878 2273 2923 Gualterius
2284 2907 2298 2919 .

1447 3006 1592 3056 Autog.
1621 3002 1665 3040 in
1689 3000 1830 3039 Seeret.
1848 2998 1962 3039 Brev.
1979 2993 2109 3053 Apost.
2129 2998 2223 3049 Reg.
2239 2992 2408 3049 Mmfir,

1502 3059 1551 3107 θ’
1562 3056 1793 3111 onulpraed.
1813 3052 1895 3113 fol.
1911 3065 2011 3111 495.

1389 3292 1671 3347 Monialibus
1710 3293 1871 3355 Imolae
1888 3328 1904 3352 ‚
1931 3307 2016 3359 pro
2038 3287 2206 3340 fabrica
2233 3302 2413 3335 earum-

1459 3363 1565 3414 dem
1581 3361 1847 3415 Monasterii
1861 3364 1887 3412 ὶ
1905 3357 2289 3413 Confraternitate
2302 3358 2411 3406 San·

1460 3434 1640 3485 etiffimi
1657 3434 1936 3484 Sacramenti
1968 3429 2134 3479 ibidem
2149 3462 2164 3485 ‚
2200 3428 2409 3477 Domum

1457 3503 1705 3571 quamdam
1731 3503 1896 3560 vendi,
1921 3500 1969 3553 ἃ
1988 3501 2187 3567 pretium
2224 3498 2269 3545 in
2292 3494 2411 3546 bona

1458 3574 1633 3624 stabilia
1655 3573 1711 3624 ad
1728 3571 1931 3624 favorem
1945 3569 2074 3620 dist:
2096 3563 2411 3620 confraterni-

1398 3688 1409 3699 .
1456 3645 1559 3695 ntis
1576 3645 1815 3704 converti,
1834 3637 2056 3712 Episcopo
2068 3638 2131 3690 ibi
2146 3638 2412 3689 committit.

2214 3817 2250 3858 A
2267 3824 2358 3855 ter-
