2762 4108
990 181 1707 302 Bononienfi‘s.

465 346 1150 414 Err‘srora

330 484 463 540 Sarra
482 483 728 552 congregat.
743 479 979 548 Epifiopor.
1012 478 1067 526 <J
1095 478 1299 545 Regular.

300 627 483 682 Ereflio
507 621 776 674 Monasterii
805 622 1083 671 Monialium
1101 623 1332 668 Ravennae
1407 630 1412 633 “

369 692 732 764 Archiepiscopo
750 692 920 743 ibidem
946 691 1263 742 committitur
1286 724 1300 738 .

87 846 279 883 antonna.
299 833 543 951 Rsslatia
568 832 608 875 in
635 844 713 872 una
738 827 1072 885 congregatione
1098 822 1333 880 specialiter

445 897 651 947 Deputata
680 891 727 932 iis
741 919 757 941 ,
776 902 862 945 quae
884 884 1131 943 Amplitudo
1151 886 1236 925 Tua
1259 895 1331 936 per

298 955 465 998 Literas
496 950 580 992 suas
613 949 683 992 sub
722 951 871 991 Datum
911 959 974 988 ιι.
1001 942 1100 997 Maii
1144 942 1262 997 proxi
1279 939 1332 981 ne

298 1012 447 1067 elapsi,
476 1007 607 1066 quoad
634 1007 836 1051 instantias
864 1004 1151 1048 nonnullarum
1166 999 1333 1044 Puella-

299 1084 388 1115 rum
417 1069 456 1112 in
471 1066 795 1112 Conservatorio
823 1066 924 1107 inibi
946 1077 1040 1106 cum
1071 1059 1259 1116 Ejusdem
1284 1057 1332 1099 li·

300 1129 437 1172 centia
457 1128 797 1169 commorantium
811 1154 827 1175 ,
856 1125 896 1165 δι
927 1120 1242 1177 supplicantium
1259 1130 1334 1171 pro

301 1187 499 1231 facultate
516 1187 591 1229 hoc
616 1182 666 1227 ad
682 1177 894 1225 formalem
915 1179 1148 1223 Monasterii
1166 1173 1338 1219 Clausu—

302 1260 390 1291 ram
406 1242 633 1289 reducendi
649 1270 663 1293 ,
691 1241 950 1297 strictamque
964 1270 979 1290 ,
994 1241 1034 1281 δι
1049 1240 1222 1294 primam
1238 1239 1338 1278 sm-

303 1309 374 1361 &ae
405 1303 539 1348 Clarae
581 1300 787 1356 Regulam
827 1297 1047 1356 profitendi
1074 1326 1088 1347 ,
1127 1291 1339 1351 exposuit,

302 1359 615 1408 Eminentiffimi
658 1360 824 1402 Domini
860 1357 939 1400 mei
971 1354 1148 1410 benigne
1186 1352 1340 1395 conde·

305 1421 545 1464 scendentes
559 1417 832 1469 censuerunt,
847 1414 1144 1472 Amplitudinis
1163 1414 1258 1454 Tux
1271 1424 1336 1453 ar-

303 1480 436 1524 bitrio
458 1477 750 1521 remittendam
764 1475 840 1519 ess'e
864 1475 1058 1533 praedictae
1086 1469 1340 1514 fundationis

304 1537 684 1586 conceffionemsub
698 1537 855 1591 Regula
867 1536 1016 1580 Sanetae
1026 1536 1160 1577 Clarae
1177 1559 1190 1580 ‚
1205 1530 1229 1571 s
1221 1527 1340 1584 ubje-

306 1598 438 1641 ctione
449 1595 672 1639 Ordinatio
686 1610 760 1651 pro
772 1606 983 1651 tempore,
1009 1594 1047 1635 &
1060 1604 1152 1633 cum
1171 1587 1340 1631 faculta-

308 1668 352 1701 te
375 1657 477 1699 duas
503 1653 683 1709 ejusdem
715 1653 894 1696 instituti
923 1649 1162 1700 Moniales,
1194 1642 1344 1704 praee-

307 1710 436 1759 dente
456 1725 594 1758 tamen
612 1714 754 1755 harum
769 1741 786 1763 ,
808 1710 1065 1754 &Ordinarii
1081 1721 1224 1751 earum
1242 1719 1345 1748 con-

308 1773 557 1824 sensu‚il!uc
587 1770 894 1821 transferendi,
925 1783 1011 1824 quae
1034 1769 1073 1809 in
1098 1766 1210 1808 die'to
1240 1777 1348 1806 novo

308 1833 559 1877 Monalierio
574 1845 647 1886 per
663 1840 745 1873 tres
770 1842 894 1882 annos
921 1827 1119 1882 duntaxat
1149 1825 1346 1868 cunt‘ten-

309 1901 406 1942 tur,
431 1889 456 1933 st
474 1900 609 1932 tamen
626 1900 688 1933 tot
703 1903 778 1944 pro
791 1886 1049 1936 inducenda,
1076 1886 1116 1927 δι
1141 1883 1348 1926 stabilien-

308 1950 361 1991 da
379 1948 599 2004 Disciplina
615 1947 815 2005 Regulari
843 1941 1052 1989 necessarii
1072 1939 1346 1998 Amplitudini

309 2010 406 2055 Tuae
419 2006 664 2056 videantur.
698 1995 932 2051 Translitio
958 2015 1096 2048 autem
1121 1997 1356 2055 hujusmodi

309 2064 382 2110 fiat
396 2063 463 2109 via
478 2064 617 2117 recti,
644 2065 727 2108 fine
754 2061 1006 2107 diverticulo
1022 2091 1037 2113 ,
1061 2062 1101 2103 δι
1132 2060 1348 2117 gravium.»

308 2127 594 2176 Matronarum
610 2153 626 2176 ‚
650 2125 714 2173 &a
747 2122 771 2166 fi
801 2121 888 2166 fieri
911 2120 1055 2178 ponit,
1083 2117 1348 2173 Consangul-

310 2197 482 2227 nearum
506 2183 704 2226 comitatu
730 2211 742 2224 .
775 2180 1038 2226 Conceditur
1060 2177 1223 2234 insuper
1250 2181 1349 2218 Am-

310 2241 505 2299 plitudini
530 2243 624 2284 Tuae
642 2239 816 2283 facultas
837 2238 1003 2282 Puella:
1021 2239 1234 2292 completo
1251 2249 1344 2290 pro·

311 2300 487 2344 bationis
498 2313 604 2342 anno
618 2297 667 2342 ad
684 2296 978 2353 Proseffionem
1005 2293 1256 2339 admittendi
1276 2323 1291 2345 ,
1308 2294 1349 2335 &

313 2373 457 2403 earum
471 2371 685 2402 numerum
701 2355 929 2413 praefigendi
947 2383 959 2406 ,
990 2356 1028 2396 in
1057 2368 1138 2411 quo
1159 2353 1209 2397 ad
1227 2367 1349 2408 capa-

313 2419 482 2461 citatem
498 2417 755 2459 habitationis
772 2445 784 2467 ,
811 2414 1137 2470 &quantitatem
1165 2413 1347 2454 eleemo-

314 2474 498 2533 synarum
518 2477 541 2519 ὲ
564 2476 640 2531 piis
669 2474 998 2517 nen-:factoribus
1032 2468 1318 2526 sperandarum
1335 2497 1350 2518 ,

314 2535 519 2592 speciatim
534 2533 743 2576 attendat.
780 2536 975 2587 Cumque
997 2529 1240 2573 Monialibus
1262 2532 1352 2571 Mo·

313 2593 478 2639 nasterii
491 2591 668 2649 praedie'ti
689 2606 740 2635 ex
755 2587 1031 2645 eleemosynis
1046 2589 1187 2632 vivere
1201 2600 1352 2631 conve·

313 2651 607 2708 niat,casusque
621 2677 636 2702 ‚
649 2665 731 2707 quo
746 2652 801 2693 hae
812 2648 1022 2696 deficiant,
1035 2648 1254 2702 obtingere
1270 2643 1358 2702 pos-

314 2713 393 2761 fit,
433 2709 743 2753 Eminentissimi
784 2707 948 2752 Domini
983 2705 1173 2748 mandant
1188 2730 1204 2752 ,
1243 2714 1288 2747 ut
1314 2703 1355 2746 in

316 2767 409 2813 casu
424 2766 669 2821 neceffitatis'
693 2766 913 2810 nonnullus
932 2767 1063 2808 Locus
1082 2764 1167 2818 pius
1195 2761 1245 2804 ad
1263 2761 1353 2803 sub-

318 2825 578 2872 ministranda
594 2823 813 2871 neeeffaria
828 2826 868 2867 in
881 2823 1009 2865 forma
1030 2822 1228 2878 probante
1243 2819 1354 2862 obli-

319 2898 467 2944 getur,
492 2883 600 2928 haud
617 2883 768 2932 aliter,
794 2897 840 2925 ac
870 2882 935 2924 hie
971 2883 1109 2924 Romae
1137 2892 1232 2922 cum
1260 2881 1351 2921 Μο-

319 2945 494 2989 nialibus
526 2942 784 2996 Capucinis,
811 2939 922 2983 idem
951 2942 1100 2982 Sancta:
1116 2938 1251 2980 Clarae
1283 2939 1352 2979 ln-

320 3004 506 3047 ssitutum
531 2998 815 3056 profitentibus
848 2998 1098 3055 practicatur
1128 3023 1141 3035 .
1192 2998 1258 3038 De
1285 3009 1349 3038 ce·

323 3073 416 3105 teto
437 3062 515 3103 &e.

379 3122 521 3163 Romae
539 3130 609 3160 22.
626 3115 791 3174 Augusti
811 3115 931 3158 1681.

334 3288 340 3293 ⁶
380 3240 442 3279 Ex
458 3238 551 3290 Reg.
567 3238 711 3277 Secret.
730 3238 921 3290 congreg.
938 3229 1058 3288 mensi
1072 3229 1118 3279 ὸ*
1134 3225 1230 3270 anni
1250 3237 1357 3285 pre·

335 3332 339 3336 .
408 3348 410 3350 q
439 3295 632 3338 ds'Hor-um
646 3324 657 3335 .

869 3373 1010 3387 .—

530 3465 1161 3514 DECRETO

467 3575 602 3629 Sacrae
630 3577 971 3647 Congregationis
1005 3572 1218 3623 concilii.

1454 303 1481 354 ὃ
1497 301 1716 368 capitulo
1730 203 2427 352 Cathedrali‚&com²n'1‡?tate

1461 369 1727 423 consensum
1761 366 1981 437 praeberi,
2019 382 2098 415 aut
2119 370 2239 416 hunc
2273 364 2299 414 ἃ
2319 367 2429 415 San·

1463 443 1536 494 &a
1568 441 1683 495 Sede
1712 437 1911 508 suppleri
1939 433 2160 486 sancitur.

1773 557 2045 599 Ravennatem

1563 664 1740 708 Dificato
1765 676 1897 718 nuper
1906 665 2135 705 Conventu
2151 671 2231 715 pro
2246 659 2435 702 Moniali-

1576 726 1647 766 bus
1666 722 1889 778 Capucinis
1906 749 1920 772 ,
1939 722 1977 761 &
1992 719 2157 760 detecto
2176 717 2295 760 nimis
2310 730 2438 772 angu-

1396 791 1472 835 ttu,
1492 798 1564 839 ριο
1588 783 1695 824 illius
1716 782 1882 825 decenti
1896 777 2192 833 ampliatione,
2216 773 2362 832 Joseph
2385 777 2439 817 de

1399 840 1560 886 bfortiis
1584 841 1751 883 domum
1774 840 1884 883 suam
1911 839 2023 880 dieto
2035 835 2277 879 Conv'entui
2302 833 2440 876 conti-

1395 915 1514 959 guam
1527 927 1542 949 a
1576 902 1676 942 licet
1695 899 1763 941 sub
1777 900 1936 943 directo
1951 895 2136 940 dominio
2153 893 2340 949 Capituli
2354 894 2440 935 Ca-

1394 960 1593 1004 thedralis
1619 987 1634 1011 ,
1656 958 1842 1000 vendidit
1886 956 2004 999 dietis
2036 951 2284 997 Monialibus
2340 963 2433 1006 pre-

1395 1022 1455 1063 tio
1470 1032 1572 1069 570.
1588 1047 1603 1070 ,
1627 1030 1750 1074 quam
1778 1014 1986 1058 ordinarii
2017 1011 2206 1069 permissu
2223 1010 2437 1053 Clausurae

1398 1076 1715 1134 incorporatum
1734 1103 1748 1127 ,
1777 1078 1819 1118 δι
1845 1075 1910 1115 sex
1945 1073 1995 1115 ab
2023 1073 2117 1114 hinc
2136 1069 2335 1114 mensibus
2355 1069 2443 1112 cir-

1399 1139 1505 1181 citer
1537 1136 1738 1180 Moniales
1772 1133 1861 1190 ipsae
1893 1131 2154 1174 inhabitant.

1460 1194 1748 1253 supplicarunt
1773 1206 1874 1249 ergo
1893 1189 2096 1234 Moniales
2122 1186 2446 1243 indulgeri'Ca-

1402 1256 1536 1313 pitulo
1555 1285 1568 1306 ,
1585 1266 1629 1297 ut
1645 1254 1736 1296 ilias
1754 1253 1807 1294 de
1820 1252 2081 1293 dit‘taDomo
2100 1258 2241 1300 empta
2258 1275 2272 1296 ‚
2300 1248 2339 1287 δι
2355 1243 2447 1286 abs-

1402 1329 1481 1372 que
1497 1313 1767 1368 sseneplaeito
1784 1309 2023 1366 apostolico
2038 1307 2233 1350 clausurae
2250 1306 2448 1359 incorpo-

1402 1387 1488 1417 rata
1517 1403 1532 1424 ‚
1560 1373 1752 1415 investire
1782 1372 1937 1412 valeret
1968 1365 2039 1409 sub
2065 1365 2319 1422 obligatione
2348 1377 2448 1419 per-

1401 1432 1588 1475 solvendi
1605 1430 1812 1474 annuatim
1827 1425 2027 1483 Capitulo
2039 1428 2251 1467 Canonem
2263 1424 2448 1466 duorum

1400 1492 1664 1534 denariorum
1681 1519 1694 1541 ‚
1725 1492 1765 1531 &
1783 1490 2068 1531 bonaneorum
2085 1482 2151 1525 sex
2167 1512 2182 1534 ,
2213 1495 2259 1525 ac
2283 1481 2448 1525 solitum

1405 1550 1673 1596 Laudemium
1704 1551 1989 1591 Bononeorum
2015 1540 2082 1582 sex
2110 1556 2186 1597 pro
2213 1541 2448 1582 renovatio-

1404 1624 1456 1653 ne
1486 1609 1649 1664 lingulis
1674 1621 1743 1663 29.
1775 1605 1891 1648 annis
1912 1599 2130 1653 facienda,
2147 1599 2258 1654 juxta
2285 1598 2449 1642 solitum

1406 1670 1576 1713 aliarum
1606 1666 1946 1710 Investiturarum
1964 1691 1977 1703 .

1467 1782 1590 1820 saera
1619 1773 1880 1831 Congregatio
1906 1771 1968 1813 die
1987 1782 2048 1820 17.
2066 1770 2222 1814 Martie·
2248 1766 2452 1822 preteriti

1407 1846 1566 1879 attenta
1602 1837 1793 1879 relatione
1826 1829 2113 1886 Arcbt‘episeopi
2143 1826 2343 1882 refirt'pst't
2374 1835 2455 1879 pro

1400 1897 1545 1951 gratia
1562 1924 1577 1946 ‚
1603 1893 1804 1936 dummodo
1833 1892 1968 1933 idonea
1996 1890 2160 1945 Persona
2187 1888 2265 1929 Ioco
2289 1887 2454 1928 Mania-

1409 1959 1506 1996 lium
1516 1955 1570 2011 fi
1584 1983 1597 2004 ,
1627 1952 1784 2009 ejusque
1803 1949 1980 1994 Heredes
1993 1952 2037 1990 in
2048 1946 2191 2004 forma
2207 1945 2341 1986 valida
2354 1940 2454 1983 obli-

1401 2022 1474 2069 get
1488 2012 1778 2067 adlbluttonem
1793 2013 1994 2054 Canonum
2006 2036 2020 2060 ,
2045 2007 2093 2056 θ’
2118 2003 2455 2062 Quindemiorum

1408 2077 1451 2117 λη
1474 2080 1711 2127 perpetuum
1727 2098 1740 2111 .
1970 2088 1973 2089 ⁷
2100 2059 2123 2083 ⁰
2143 2082 2147 2086 ·

1471 2193 1697 2233 Decretum
1726 2188 1803 2231 hoc
1819 2216 1834 2239 ,
1864 2185 1964 2229 licet
1983 2184 2034 2229 ad
2055 2186 2198 2227 Partes
2224 2182 2263 2223 in
2287 2177 2456 2222 consue-

1411 2259 1452 2292 ta
1483 2248 1609 2291 forma
1630 2245 1893 2290 tranfiniffum
1907 2276 1923 2297 ,
1954 2243 2136 2288 nondum
2150 2241 2226 2284 fuit
2242 2239 2457 2283 executio-

1408 2309 1450 2350 ni
1480 2309 1773 2351 demandatum
1791 2335 1805 2357 ,
1834 2307 1926 2362 quia
1955 2305 1993 2347 in
2021 2301 2190 2360 supplici
2218 2298 2366 2342 libello
2391 2311 2458 2339 er-

1411 2378 1545 2409 ratum
1585 2366 1659 2410 fuit
1693 2367 1734 2407 in
1763 2362 2018 2421 expreffione
2049 2358 2264 2405 Laudemii
2292 2356 2458 2412 singulis

1412 2441 1481 2483 ²9·
1508 2428 1623 2469 annis
1662 2422 1925 2482 persolvendi
1964 2423 2003 2463 in
2039 2418 2417 2466 Bononeisfldecem
2441 2443 2458 2467 ,

1412 2499 1491 2528 non
1520 2497 1656 2527 autem
1683 2484 1779 2533 sex,
1811 2495 1857 2524 aa
1885 2479 2061 2523 ulterius
2088 2493 2164 2521 nnn
2191 2474 2457 2530 exprell'um„

1413 2542 1548 2586 fuerat
1575 2543 1768 2598 praecise,
1800 2539 1910 2597 quod
1927 2540 2068 2595 vigore
2083 2535 2329 2583 concordia,
2348 2534 2456 2574 inter

1420 2603 1663 2659 Capitulum
1678 2632 1695 2654 2
1718 2604 1759 2644 δι
1785 2598 2139 2643 Communitatem
2154 2597 2367 2651 Ravennae
2386 2590 2461 2631 ini·

1419 2672 1470 2704 tae
1485 2663 1538 2703 de
1556 2665 1676 2704 Anno
1697 2669 1819 2714 1434.
1846 2655 2091 2710 prohibetur
2118 2652 2308 2707 expresse
2330 2649 2459 2703 Capi-

1421 2719 1511 2762 tulo
1540 2717 1765 2773 hujusmodi
1800 2717 1903 2756 bona
1933 2711 2215 2754 transmittere
2239 2708 2288 2752 ad
2315 2718 2454 2762 manus

1415 2788 1624 2827 mortuas,
1655 2789 1700 2818 ac
1717 2776 1795 2819 διε.
1820 2772 1873 2814 ob
1887 2769 2165 2827 praejudicium
2181 2797 2196 2820 ,
2221 2766 2332 2825 quod
2358 2779 2456 2808 eve-

1415 2838 1474 2878 nit
1505 2834 1733 2891 Cupitum,
1764 2844 1859 2875 cum
1887 2829 2058 2885 amplius
2087 2839 2266 2885 nequeat
2298 2827 2455 2867 Domus

1413 2894 1464 2936 ad
1482 2892 1700 2938 Ecclesiam
1716 2890 1837 2932 titulo
1850 2887 2131 2931 devolutionis
2147 2885 2326 2934 reverti,
2344 2881 2457 2924 ideo-

1414 2967 1496 3009 que
1528 2954 1586 2996 his
1615 2951 1836 2999 stantibus,
1864 2946 2106 3003 Capitulum
2133 2944 2265 2988 noluit
2293 2940 2455 2998 praelia-

1415 3025 1461 3054 re
1491 3009 1711 3053 assensum.

1481 3069 1726 3113 Reformato
1750 3067 1887 3118 itaque
1916 3062 2090 3117 libello,
2119 3061 2240 3103 modo
2267 3072 2373 3102 nnnc
2395 3055 2458 3099 su-

1420 3130 1554 3186 perius
1579 3123 1790 3182 expresse,
1821 3123 1938 3178 super
1968 3135 2019 3164 eo
2050 3122 2198 3163 iterum
2224 3110 2455 3170 Archiepiss

1419 3201 1545 3244 copus
1564 3184 1781 3229 informare
1807 3179 1924 3236 iussus
1941 3179 2121 3229 expolita
2135 3174 2422 3232 comprobavit
2436 3201 2454 3223 ‚

1419 3246 1615 3301 suumque
1639 3243 1776 3288 denuo
1802 3241 1974 3299 protulit
1996 3241 2149 3281 Votum
2185 3237 2243 3277 his
2282 3231 2458 3275 verbis-z

1421 3305 1576 3364 Quibus
1599 3317 1673 3345 non
1700 3299 1939 3357 obstantibus
1962 3298 2120 3339 wdetur
2134 3294 2285 3336 concede
2303 3288 2460 3347 βψω

1414 3372 1558 3425 gratu
1579 3366 1710 3419 petita
1725 3390 1739 3412 ,
1764 3372 1850 3414 que
1880 3355 2118 3400 Monbolibus
2146 3353 2198 3392 el!
2225 3355 2379 3392 omnino
2395 3361 2457 3390 ne.

1420 3425 1609 3484 eefflrria,
1635 3434 1721 3462 cum
1739 3419 1827 3476 jum
1848 3420 1989 3459 nomm
2014 3415 2123 3455 intra
2147 3410 2369 3469 claufieram
2385 3416 2460 3462 po·

1421 3484 1496 3528 lita
1515 3482 1574 3541 fit
1590 3510 1604 3532 ,
1632 3480 1680 3527 θ’
1703 3482 1744 3519 in
1760 3490 1804 3517 ea
1823 3486 1955 3529 cepte
1972 3472 2058 3526 fint
2082 3468 2273 3523 edificari
2294 3465 2459 3524 neceffi’t-

1421 3547 1496 3585 rie
1519 3539 1678 3596 officina
1693 3565 1705 3587 ,
1733 3549 1799 3576 nec
1830 3534 1987 3573 videtur
2014 3526 2327 3584 considerandum
2347 3534 2459 3579 pre-

1415 3600 1610 3659 judicium
1624 3621 1639 3643 ,
1667 3594 1771 3648 Quod
1790 3593 1994 3635 Canonicts
2012 3617 2025 3638 ‚
2051 3588 2099 3635 (5
2125 3599 2256 3627 eorum
2269 3579 2458 3640 Smc'eff’oss-

1421 3657 1528 3701 ribus
1554 3655 1726 3697 accidere
1748 3650 1870 3706 potest
1885 3678 1896 3696 ,
1927 3661 2011 3688 cum
2028 3646 2132 3687 iilud
2144 3646 2254 3686 valde
2267 3658 2302 3683 rc
2313 3654 2458 3683 morum

333 3711 425 3759 Pro
458 3707 730 3757 alienatione
757 3705 936 3757 Domfis
974 3698 1221 3753 earundem
1253 3700 1358 3748 Mo·
1403 3717 1466 3775 stt
1494 3739 1508 3760 ,
1545 3710 1855 3770 quandoquidem
1884 3709 2015 3760 vigore
2039 3710 2250 3746 numa„
2271 3698 2459 3757 pra-fate

404 3778 594 3826 nialium
612 3776 892 3829 Monasterio
924 3777 1250 3842 incorporatae,
1277 3782 1359 3820 aut
1409 3774 1569 3835 poffient
1599 3775 1710 3815 Lam
1732 3783 1778 3811 ex
1808 3776 2035 3819 quocunque
2061 3760 2265 3806 contram
2289 3769 2372 3802 tam
2399 3762 2457 3797 tn.

453 3847 564 3889 Tom.
579 3848 633 3888 11.

1793 3824 1870 3867 Hb
1901 3836 1923 3865 a
2334 3825 2397 3858 ter
