2762 4108
379 191 552 279 286

320 306 431 352 modi
457 307 564 360 prius
589 315 723 345 coram
742 300 855 343 vobis
866 299 895 346 vs
908 297 1131 358 ‘ecificatis-a,
1157 314 1202 340 ac
1231 302 1354 345 dona-

320 359 706 414 tione‚conceiiione
721 389 734 410 ,
747 360 788 401 &
801 358 871 402 affi'
894 358 1244 413 batione‚aliisque
1261 375 1355 415 pra:-

324 422 465 474 missis,
480 435 542 471 ac,
558 419 666 475 quod
683 419 750 461 illa
771 420 811 460 in
829 419 1063 459 evidentem
1079 419 1191 473 ipsius
1207 421 1352 461 Mona-

323 481 435 525 ster-ii
466 485 507 524 S.
524 477 703 523 silvestri
732 476 952 518 utilitatem
980 475 1194 527 celserint‚
1216 479 1264 518 ·&
1278 492 1350 520 ce-

326 541 452 591 dant,
483 537 612 579 Vobis
638 535 880 591 conjunc‘tim
909 535 1224 589 procedentibus
1255 535 1354 592 legi-

329 599 429 641 time
443 595 667 640 constiterit
682 623 696 646 ‚
727 594 987 637 donationem
998 620 1013 643 ‚
1028 592 1320 638 conceffionem
1337 622 1351 646 ‚

321 659 360 699 &
375 652 871 710 affignationen2‚a·1iaque
888 651 1074 707 praemiisa
1097 681 1112 704 ‚
1143 667 1207 704 ac,
1234 663 1351 708 prout

323 716 394 758 illa
408 723 659 757 concernunt
675 740 688 762 ‚
714 711 846 752 omnia
862 739 875 760 ‚
896 712 936 751 δι
950 709 1098 765 lingula
1113 712 1149 752 in
1164 711 1277 752 dietis
1295 712 1353 753 in-

327 775 557 816 strumentis
571 780 785 819 contenta,
808 769 918 810 licita
937 779 1088 820 tamen,
1103 771 1143 811 δι
1166 770 1324 813 honesta
1340 799 1352 821 ,

328 833 561 889 approbare
575 858 589 880 ‚
619 830 659 870 δε
673 825 915 868 confirmare
930 829 1004 868 διε.
1036 842 1176 870 omnes
1191 856 1204 879 ‚
1226 830 1265 870 ὃ(
1280 828 1350 870 iin-

330 891 447 945 gulos
463 888 562 945 juris
575 915 590 938 ,
619 888 656 930 &
675 885 761 929 faeti
778 883 959 927 defecius
973 913 987 934 a
1020 886 1044 927 fi
1062 888 1129 942 qui
1148 885 1274 929 forsan
1292 887 1352 928 in-

323 948 575 993 terv-enerint
591 947 628 987 in
644 943 1001 999 eisdem,supplere
1018 973 1032 996 ‚
1047 945 1203 1001 aliaque
1219 946 1350 986 omnia

321 1010 365 1050 ec
379 1006 524 1062 singula
542 1006 577 1047 in
605 1001 798 1059 praemiffis
813 1032 829 1053 ‚
860 1004 1012 1045 &circa
1034 1017 1080 1044 ea
1096 1003 1350 1058 quomodoli-

324 1067 394 1113 bet
412 1061 624 1106 necess'aria
639 1091 651 1113 ,
667 1064 706 1103 δι
721 1071 945 1116 opportuna
963 1061 1102 1103 dicere
1119 1064 1178 1112 ,δι
1195 1057 1347 1112 facere,

325 1125 566 1172 austu-itate
602 1120 729 1163 nostra
758 1121 908 1161 curetis
930 1147 943 1169 ‚
980 1132 1059 1160 non
1099 1118 1347 1163 obstantibus

327 1179 694 1224 Constitutionibus
719 1207 732 1229 ‚
756 1180 795 1223 &
817 1177 1147 1221 ordinationibus
1176 1179 1344 1234 Aposto-

328 1241 434 1287 licis„
448 1237 676 1293 caeterisque
689 1237 901 1277 contrariis
914 1236 1234 1294 quibuscunque..
1268 1241 1351 1279 Da-

328 1311 412 1341 tum
442 1299 580 1340 Romae
609 1294 713 1349 apud
747 1299 789 1337 S.
809 1297 971 1336 Petrum
999 1295 1066 1336 sub
1089 1295 1255 1338 Annulo
1273 1295 1352 1338 Pil-‘'-

327 1356 475 1399 catoris
502 1381 516 1403 2
548 1354 626 1396 Die
654 1367 765 1394 xxx.
795 1353 1037 1395 Novembris
1061 1367 1355 1404 Mnczxxvug.

325 1414 584 1463 Pontificatus
608 1412 728 1456 nostri
753 1413 871 1458 Anno
891 1409 1027 1460 sexto.

826 1531 956 1572 Caesar
974 1529 1213 1574 Glorierius
1226 1560 1239 1573 .

383 1651 507 1694 'Breve
519 1649 747 1708 formatum
763 1649 805 1690 in
817 1647 986 1691 Archiae
1003 1652 1240 1697 Conventus.

328 1903 579 1964 'Ecclesiam
597 1900 971 1969 S.Redemptoris
989 1921 1042 1953 ex
1064 1908 1193 1959 Voto
1212 1907 1255 1958 in
1275 1905 1355 1954 Ci-

396 1978 534 2028 vitate
576 1977 752 2024 Veneta
796 1972 1061 2023 aedificatam
1091 2009 1107 2031 ,
1158 1977 1180 2022 a
1232 1979 1357 2026 Sere-

397 2044 576 2094 niffirno
598 2047 764 2092 Senatu
792 2044 1024 2093 Fratribus
1039 2044 1279 2112 affignari,
1309 2042 1358 2094 δε

397 2133 489 2164 non
517 2111 720 2162 obstante
748 2111 964 2182 religiosae
989 2115 1266 2182 paupertatis
1297 2116 1359 2163 le-

401 2201 460 2255 ge
478 2202 577 2232 eam
609 2183 663 2239 ab
695 2180 813 2230 hisce
842 2186 1101 2251 acceptari,
1131 2184 1356 2253 Apostoli-

403 2253 464 2307 c'ae
482 2250 814 2309 Beneditstionis
846 2256 1090 2324 largitione
1120 2256 1356 2324 indulget.=

331 2387 369 2436 A
401 2393 547 2439 tergo:
580 2382 744 2426 Dt'leb'h's
772 2383 916 2435 filiis,
947 2382 1081 2429 Nobili
1113 2386 1198 2430 Viro
1222 2387 1359 2439 Duc&

580 2441 628 2494 φ’
659 2443 820 2488 senatui
855 2443 1099 2489 Vcnctiarum
1117 2474 1131 2488 ς

334 2559 840 2615 GREGORIUS
887 2563 923 2615 Ρ
954 2565 999 2613 A
1029 2564 1063 2612 P
1095 2541 1136 2613 Α
1178 2565 1364 2614 x111.

395 2676 543 2725 Dileffi
573 2674 703 2726 Filii,
731 2676 933 2734 filum-m,
964 2679 1018 2729 &a
1049 2681 1304 2739 Apostolicam

678 2736 985 2784 Benedzfflomm
994 2768 1006 2783 .

444 2853 574 2908 Xponi
593 2855 719 2896 Nobis
739 2868 862 2909 nuper
877 2854 1041 2910 fecistis,
1058 2860 1167 2916 quod
1186 2862 1270 2903 Vos
1289 2873 1365 2915 pro

336 2857 427 2967 E
461 2912 702 2956 liberatione
719 2913 835 2969 pestis
862 2943 876 2966 ,
904 2930 989 2971 quae
1014 2918 1125 2963 istam
1157 2919 1362 2962 νείὶτεημ

334 2971 557 3016 Ctvitatem
585 2972 736 3014 multos
753 2986 824 3026 per
839 2975 990 3020 menses
1010 2979 1277 3020 vehementer
1292 2991 1362 3019 ve-

334 3030 445 3070 xavit
460 3057 474 3079 ,
490 3044 612 3072 unam
632 3030 847 3078 Ecclefiam
862 3031 930 3076 sub
946 3035 1206 3080 invocatione
1221 3041 1259 3080 S.
1275 3035 1362 3079 Sal·

338 3089 489 3131 vatoris
511 3087 707 3146 aedificare
725 3091 885 3133 vovistis
903 3121 915 3143 ,
943 3108 1028 3149 quae
1051 3095 1217 3150 quidem
1237 3093 1362 3149 prope

337 3145 622 3189 Monasterium
655 3149 837 3192 fratrum
860 3153 1162 3206 Capucinorum
1182 3153 1363 3211 ejusdem

336 3204 528 3247 Civitatis
543 3204 621 3259 jam
634 3206 889 3250 concedente
906 3211 1083 3255 Domino
1101 3211 1189 3255 satis
1204 3212 1332 3268 ampla
1351 3240 1367 3263 2

336 3264 376 3309 &
392 3262 595 3316 magnifica
612 3264 830 3307 constructa
852 3266 949 3313 suit,
966 3269 1278 3327 desideratisque
1292 3299 1305 3322 ‚
1320 3281 1366 3313 ut

338 3321 432 3363 dicti
450 3326 610 3366 Fratres
624 3325 820 3378 Capucini
838 3326 986 3379 Missas,
999 3331 1039 3371 δι
1053 3331 1130 3373 alia
1145 3330 1293 3384 Divina
1307 3327 1368 3371 of-

338 3377 424 3422 ficia
452 3382 492 3424 in
508 3383 649 3425 eadem
668 3382 846 3429 Ecclefia
862 3389 901 3428 S.
918 3388 1138 3431 Salvatoris
1154 3389 1367 3432 celebrare

342 3438 503 3483 valeant
531 3471 545 3494 ‚
584 3442 692 3497 quod
722 3440 789 3498 ipsi
820 3446 982 3491 fratres
1014 3447 1150 3492 facere
1179 3450 1366 3492 contenti

346 3495 460 3544 sunt,
489 3501 515 3540 ii
538 3499 585 3543 ad
615 3500 655 3542 id
674 3502 818 3545 Nostra
834 3534 849 3555 ,
875 3505 1043 3550 &Sedis
1060 3509 1294 3566 Apostolicae
1321 3510 1370 3551 li-

347 3559 504 3610 centia,
517 3558 738 3604 &facultas
757 3561 821 3604 fibi
836 3561 1077 3621 suffragetur
1093 3599 1104 3611 .
1128 3572 1271 3626 Quare
1284 3573 1372 3614 No-

351 3615 408 3659 bis
431 3616 635 3662 humiliter
661 3620 871 3676 supplicari
896 3625 1057 3669 curastis
1072 3655 1086 3677 ‚
1121 3640 1165 3674 ut
1182 3626 1368 3685 superbis

350 3679 574 3730 opportune
593 3680 824 3734 providere,
835 3682 887 3729 de
903 3686 1158 3741 Benignitate
1173 3690 1373 3744 Apostoli-

351 3746 398 3779 ει
424 3735 702 3794 dignaremur.
734 3743 819 3784 Nos
842 3743 965 3801 igitur
982 3749 1081 3794 votis
1108 3749 1374 3811 vestris2prae7

1087 175 1655 278 Provincid'

1417 300 1577 350 sertim,
1603 312 1690 353 quae
1714 313 1764 342 ex
1781 300 2010 358 Religionis
2037 303 2262 348 devotione
2287 301 2451 362 prodire

1415 356 1677 412 consp.cimus
1693 385 1707 407 ,
1735 363 1906 414 paterne
1931 377 2108 406 annuere
2130 365 2346 417 volentes,
2367 367 2451 410 >'hu-

1411 413 1580 472 jusmodi
1601 415 1959 472 supplicationibus
1975 422 2155 465 inclinati
2171 453 2183 474 ,
2218 425 2342 466 Vobis
2362 453 2375 475 ‚
2391 435 2451 469 ut

1413 474 1527 516 dicus
1546 476 1749 518 Fratribus
1762 478 1978 533 Capucinis
1994 482 2165 524 eandem
2186 483 2445 528 Ecclesiam-a

1415 533 1455 574 S.
1473 532 1694 576 salvatoris
1710 562 1724 584 ‚
1748 535 1795 578 ad
1819 536 2001 580 effectum
2017 567 2032 590 ‚
2062 552 2106 583 ut
2125 540 2191 597 ipsi
2213 542 2265 582 ibi
2285 539 2416 584 Miffas
2430 570 2447 594 ,

1413 591 1540 633 &alia
1557 592 1692 634 divina
1712 593 1852 636 Officia
1868 595 2084 641 celebrare
2101 599 2244 655 poffiut
2261 629 2274 653 ,
2298 600 2407 642 dare
2425 629 2441 652 ‚

1412 650 1727 702 &concedere3
1758 651 1977 708 iisdemque
1996 656 2155 700 Fratres
2184 658 2291 701 illam
2309 659 2359 700 ad
2380 657 2450 700 ef-

1412 707 1558 749 fectum
1573 707 1806 764 praemiffum
1823 724 1915 752 cum
1933 713 2216 759 benedietione
2235 717 2364 759 nostra
2383 731 2450 760 re-

1414 767 1552 821 cipere
1569 795 1583 818 ‚
1614 769 1654 810 &
1679 770 1830 811 habere
1847 769 2006 815 valeant
2021 800 2035 823 ,
2061 776 2314 818 AuEtoritate
2327 778 2445 831 Apo-

1415 824 1550 866 stolica
1567 852 1580 875 ‚
1607 836 1752 869 tenore
1775 829 2026 883 praesentium
2054 832 2259 876 licentiam
2291 833 2447 875 conce-

1414 882 1573 933 dimus,
1604 887 1641 926 &
1669 883 1905 928 facultatem
1930 887 2210 942 impertimur.
2245 896 2338 934 Non
2367 894 2445 934 ob—

1413 940 1601 983 stantibus
1622 943 2018 997 constitutionibus,
2048 951 2088 990 δε
2109 950 2443 994 Ordinationibus

1412 1000 1654 1054 Apost-›licis
1690 1030 1704 1052 ‚
1727 1016 1773 1045 ac
1801 1003 2001 1059 quibusvis
2026 1002 2227 1055 dictorum
2261 1011 2446 1053 Fratrum

1409 1057 1579 1111 statutis,
1592 1062 1632 1102 ἃ
1646 1061 2039 1115 Consuetudinibus,
2054 1067 2180 1109 etiam
2196 1066 2446 1123 juramento,

1410 1115 1734 1160 Confirmatione
1751 1120 1997 1174 Apostolica,
2015 1124 2079 1166 vel
2107 1126 2246 1180 quavis
2273 1123 2445 1168 firmita-

1409 1185 1449 1218 te
1466 1175 1543 1217 alia
1560 1179 1756 1220 roboratis
1772 1179 1944 1231 statutis,
1959 1182 2184 1239 Privilegiis
2199 1198 2362 1241 quoque
2385 1185 2449 1225 in·-

1411 1233 1537 1276 dultis
1550 1264 1565 1286 ‚
1594 1237 1634 1278 &
1651 1237 1800 1280 Literis
1815 1239 2055 1292 Apostolicis
2071 1270 2084 1292 ‚
2104 1243 2188 1284 illis
2220 1242 2449 1298 quomodo-

1412 1293 1510 1335 libet
1529 1294 2180 1356 conceffis,&confirmatis‚quibus
2195 1301 2452 1353 omnibus‚il·-

1414 1351 1462 1393 lis
1479 1351 1575 1395 alias
1606 1353 1643 1396 in
1674 1355 1742 1396 suo
1766 1356 1910 1399 robore
1933 1359 2224 1411 permansuris,
2259 1361 2332 1403 hac
2361 1360 2450 1403 vice

1417 1409 1627 1454 dumtaxat
1647 1413 1876 1468 specialiter
1892 1443 1904 1464 ,
1921 1417 1960 1457 δι
1974 1417 2159 1472 expresse
2177 1419 2420 1474 derogamus
2432 1447 2449 1470 ,

1417 1468 1648 1525 caeterisque
1659 1475 1873 1515 contrariis
1887 1475 2173 1533 quibuscunq3.
2195 1480 2343 1518 Datum
2363 1480 2450 1518 Ro-

1416 1540 1485 1569 mae
1511 1529 1614 1582 apud
1647 1533 1686 1571 S.
1711 1533 1878 1573 Petrum
1910 1532 1979 1574 sub
2004 1537 2163 1577 Annulo
2197 1534 2412 1577 Piscatoris
2433 1546 2453 1586 ,⁴

1418 1585 1497 1628 Die
1525 1600 1560 1626 x.
1599 1587 1775 1642 Januarii
1803 1605 2046 1634 moetxxrx.
2079 1591 2456 1642 Pontificatusnoe

1416 1644 1620 1693 striAnno
1645 1646 1842 1704 septimo.

1913 1770 2057 1813 Caesar.
2075 1770 2300 1817 Glorierius
2312 1801 2326 1815 .
2360 1790 2363 1793 ⁴

1474 1890 1595 1928 Breve
1598 1881 1725 1939 form.
1738 1887 1779 1926 in
1797 1887 1914 1928 Arch.
1933 1886 2142 1931 Provincia
2156 1918 2169 1941 ,
2183 1890 2303 1944 dequo
2321 1889 2446 1933 Autb.

1530 1941 1636 2041 {ipio
1663 1946 1705 1983 in
1721 1945 1840 1986 Arch.
1867 1949 1964 1992 Gen.
1981 1947 2077 1990 ord.
2096 1952 2208 1992 Arm.
2224 1949 2449 2004 Provincia.

1574 2011 1694 2043 eneta
1710 2031 1721 2042 .

1418 2143 1531 2160 -ιι--·

1765 2143 1852 2159 ’Ἥ

2101 2149 2215 2161 -ι

1417 2238 1712 2306 Emptionem
1744 2235 1872 2289 fundi
1901 2257 1985 2304 pro
2016 2242 2313 2293 construenda
2352 2211 2454 2294 Doss

1487 2307 1631 2358 moin
1648 2307 1839 2375 Oppido
1855 2307 1983 2359 Asoli
2010 2346 2025 2368 ,
2063 2331 2114 2361 ac
2149 2313 2455 2363 remiffionem

1487 2379 1630 2429 livelli
1656 2413 1671 2435 ,
1706 2376 1780 2427 seu
1807 2382 1941 2430 annui
1976 2381 2165 2444 census,
2199 2385 2350 2435 eidem
2378 2402 2453 2444 an-

1491 2448 1593 2499 nexi
1619 2446 1885 2502 confirmat.

1425 2578 1806 2633 SIXTUS
1862 2582 2445 2638 EPISCOPUS.

1675 2699 1826 2739 Servus
1853 2700 2072 2745 Servorum
2101 2703 2180 2744 Dei
2195 2731 2207 2746 .

1598 2815 1665 2857 Ad
1680 2822 1913 2870 perpetuam
1936 2822 1996 2862 ret·
2023 2822 2246 2862 memoriam
2264 2849 2277 2862 .

1509 2929 1714 2975 Alvatoris
1734 2934 1896 2975 Domini
1912 2935 2044 2978 Nostri
2056 2935 2312 2993 jesu-Christi
2329 2965 2343 2986 ‚
2358 2935 2424 2992 qui
2439 2942 2455 2988 ,'

1526 3000 1568 3031 ut
1585 2990 1800 3046 Religione
1817 3022 1835 3043 „
1859 2993 1980 3035 claris
2004 2995 2092 3039 vitae
2111 2994 2306 3050 exemplis
2335 3009 2450 3036 com-

1424 3047 1619 3106 probatai,
1646 3051 1818 3093 coelestis
1847 3066 1917 3093 nos
1940 3054 2079 3108 patriae
2099 3054 2296 3096 Cultores
2313 3053 2450 3095 effice-

1425 3116 1488 3151 ret
1512 3138 1527 3159 ,
1567 3107 1620 3151 de
1653 3110 1811 3151 summis
1839 3111 2041 3154 coelorum
2066 3112 2115 3155 ad
2155 3111 2290 3155 mundi
2316 3110 2453 3154 infima.

1425 3166 1675 3210 descendere
1689 3168 1873 3223 dignatus
1887 3170 1941 3212 est
1953 3200 1965 3221 ‚
1985 3172 2111 3222 vices,
2122 3184 2360 3227 quamquam
2379 3170 2453 3211 im-

1426 3226 1563 3269 meriti
1581 3238 1795 3280 ,gerentes
1836 3228 1874 3270 in
1906 3230 2058 3282 terris,
2091 3230 2256 3272 illorum
2281 3234 2456 3272 curama'

1432 3285 1611 3328 libenter
1637 3286 1941 3341 amplezftimur,
1969 3303 2044 3344 per
2070 3302 2151 3345 quae
2180 3287 2344 3341 Religio
2375 3285 2456 3341 ipsa

1430 3344 1708 3399 multiplicatis
1724 3344 1830 3388 illius
1846 3347 2097 3396 Cultoribus,
2114 3358 2285 3401 quorum
2302 3344 2458 3388 assiduis

1429 3404 1615 3461 precibus
1640 3432 1654 3455 ‚
1685 3405 1722 3445 &
1742 3402 1947 3448 fructuosis
1968 3405 2157 3462 operibus
2179 3405 2455 3460 Omnipotens

1432 3466 1541 3506 Deus
1559 3463 1755 3518 propitius
1767 3464 1982 3516 redditur,
2004 3464 2144 3506 nostris
2157 3462 2279 3506 etiam
2294 3473 2456 3519 tempo-

1430 3522 1537 3565 ribus
1563 3519 1743 3577 suscipiat
1757 3523 2080 3574 incrementum,
2109 3524 2147 3565 δι
2163 3522 2312 3578 ubique
2342 3522 2459 3577 loco-7

1431 3596 1519 3625 rum
1547 3589 1816 3637 propagetur.

1490 3642 1546 3682 Ut
1564 3641 1663 3681 vero
1689 3640 1730 3681 id
1752 3650 1934 3696 optatum
1951 3641 2218 3698 consequatur
2242 3642 2426 3684 effectum
2441 3669 2457 3693 ,

1433 3713 1518 3755 quae
1548 3709 1764 3754 propterea
1788 3699 1915 3743 libera
1940 3700 2153 3744 voluntate
2179 3698 2455 3758 promisisse-a

1433 3757 1699 3819 comperimus
1716 3785 1730 3810 ³
1741 3769 1787 3819 ut
1806 3758 2034 3805 inconcussa
2048 3772 2283 3804 remaneant
2295 3787 2309 3810 a
2322 3759 2456 3861 (ilffi'ffi

2285 3834 2337 3863 no
2370 3833 2405 3861 rr
