2774 4068
968 202 1169 293 SP.
1210 206 1741 321 Fran-cisci.

299 320 394 370 dem
423 319 553 365 Nobis
579 326 711 377 nuper
732 328 811 374 pro
835 323 954 372 parte
982 321 1230 366 Dilefitarum
1258 325 1330 368 iri-2

297 379 462 423 Christo
499 380 721 427 filiarum,
766 374 973 419 moderna
1022 379 1259 429 Abbatissae,
1289 383 1332 424 δι

293 433 804 483 Conventt‘ravMotaasserii
843 435 1086 478 Monialiurn
1120 442 1159 481 S.
1193 442 1328 482 Mariae

294 498 597 553 Orphanarum.
610 503 932 548 nuncupatarnm
957 495 1137 537 Perufin.
1149 494 1234 538 ‚sub
1262 510 1328 538 re-

295 552 588 611 gula--stcunda
614 554 765 596 Sanctae
789 549 922 595 Clarae
939 580 953 604 ,
978 552 1162 607 ejusdem
1178 557 1327 598 Sancta

293 614 463 663 Clam,
479 610 561 655 -seu
585 610 758 655 alterius
774 609 939 653 Ordinis
967 611 1115 667 petitio
1139 613 1322 655 contine·

294 675 390 723 bata
420 670 527 715 Cn‘tm
563 670 664 714 alias
700 669 905 726 quondam
924 672 1100 726 Joannes
1121 670 1324 726 Baptista-0

291 733 497 776 Fontanus
513 730 613 786 ,pio
640 729 874 772 devotionis
889 729 981 774 zelo
1010 728 1179 778 duetus,
1202 743 1321 772 unam

290 791 474 833 Domum
496 788 537 831 in
562 789 750 833 Civitate
779 787 994 838 Perulina,
1019 788 1069 832 ad
1082 787 1268 832 effeflum
1285 789 1327 830 in

292 860 341 892 ea
366 859 492 890 unum
509 847 805 892 Monasterium
823 846 1089 899 Monialium,
1118 847 1188 890 sub
1218 849 1329 889 invo-

292 905 458 951 catione
482 905 668 949 e'usdem
694 908 735 949 S.
753 906 891 949 Mariae
913 907 1195 961 Orpbanarum
1224 909 1332 948 nun-5

292 974 449 1020 eupatae
460 992 476 1016 ,
508 964 564 1008 ub
578 964 721 1021 regula
735 963 958 1020 hujusmodi
972 962 1192 1012 fundandi,
1206 974 1327 1021 prout

293 1022 432 1079 postea
447 1024 645 1068 canonice
659 1021 877 1067 fundatum
892 1053 907 1076 ,
922 1027 959 1067 &
977 1024 1200 1067 institutum
1222 1022 1298 1066 fuit
1311 1048 1326 1071 ‚

291 1080 371 1126 suis
401 1083 584 1138 pecuniis
615 1081 718 1126 emit
734 1111 750 1134 ,
780 1083 820 1124 δι
841 1083 881 1125 in
897 1082 1020 1138 ipsum
1039 1083 1326 1127 Monasterium

292 1140 345 1184 fic
373 1138 614 1192 fundatum,
646 1154 837 1184 numerus
863 1142 1060 1193 unius,&
1079 1141 1219 1198 viginti
1236 1144 1329 1184 Μο-

294 1199 464 1243 nialium
478 1229 496 1253 ,
524 1198 885 1258 praedictojoanue
900 1201 1069 1257 Baptista
1084 1202 1215 1243 adhuc
1230 1210 1327 1243 tunc

295 1260 465 1302 vivente
485 1287 501 1311 ,
538 1256 795 1302 introductus
829 1260 995 1303 extitit.
1029 1263 1132 1304 Cum
1160 1269 1329 1310 autem,

295 1320 396 1362 ficut
422 1317 570 1361 eadem
598 1317 748 1374 petitio
771 1314 1041 1375 subjungebat
1059 1347 1075 1371 ,
1101 1319 1213 1361 dicta
1252 1317 1328 1360 do·

293 1390 382 1420 mus
411 1375 451 1419 in
484 1375 564 1420 suis
592 1375 830 1429 structuris,
850 1378 891 1418 δι
911 1376 1088 1421 aedificiis
1111 1376 1233 1420 valde
1257 1390 1328 1420 an·

292 1435 404 1491 gusta
429 1435 600 1487 existat,
627 1436 668 1478 δι
693 1445 783 1478 turn
807 1437 859 1480 ob
889 1435 976 1493 ejus
1006 1436 1224 1491 angustiam
1253 1436 1323 1478 hu-

293 1492 499 1553 jusmodi,
519 1503 607 1537 tum
631 1493 755 1539 etiam
768 1523 784 1545 ,
802 1495 892 1551 quia
912 1495 999 1539 aliis
1029 1496 1226 1539 Domibus
1256 1508 1328 1549 per

292 1552 495 1599 seculares
519 1551 710 1609 personas
725 1552 983 1606 inhabitatis,
1000 1554 1243 1598 ita—cohaeret
1257 1581 1271 1604 ,
1286 1554 1327 1596 δι

294 1612 461 1655 illarum
492 1611 684 1655 Dominio
710 1608 891 1668 subjecta
919 1614 1003 1660 ests
1034 1623 1079 1656 ut
1107 1613 1156 1656 ad
1182 1626 1324 1669 perpe-

296 1680 410 1714 tuam
435 1669 662 1715 clausuram
687 1670 885 1715 hactenus
915 1674 1061 1716 reduci
1079 1686 1158 1714 non
1176 1682 1325 1728 potue-

296 1730 382 1779 rit,
403 1742 482 1772 nec
507 1742 599 1772 earn
623 1727 868 1784 inposterum
892 1731 1036 1774 reduci
1058 1728 1165 1785 poffe
1195 1732 1328 1785 spere·

296 1798 395 1836 tur,
423 1787 481 1829 im
519 1787 629 1843 quod
654 1801 735 1831 non
754 1789 896 1844 partim
922 1790 1115 1832 clausurae
1138 1789 1324 1840 obstare,

298 1848 339 1890 δι
364 1846 491 1902 ipsum
516 1845 678 1891 fortaffe
702 1847 871 1892 omnino
896 1847 1130 1891 deformare
1168 1845 1295 1904 posset
1313 1875 1327 1899 ,

302 1906 460 1962 ipsum,
482 1904 593 1948 inter
616 1905 696 1948 alia
719 1905 1004 1956 incommoda,
1030 1907 1172 1964 quibus
1201 1906 1326 1963 ipsum

300 1964 590 2009 Monasterium
615 1965 838 2008 obnoxium
853 1967 940 2019 est,
967 1968 1005 2009 in
1025 1967 1126 2010 illud
1157 1981 1206 2009 ex
1226 1981 1326 2008 con-

306 2023 432 2079 tiguis
458 2023 660 2066 Domibus
687 2022 863 2079 praefatis
889 2027 1081 2080 ingrersus
1109 2042 1182 2083 per
1212 2035 1324 2068 tecta

306 2079 430 2125 facile
456 2083 607 2139 aperiri
635 2082 780 2139 poffit,
807 2083 1011 2127 Abbatiffa
1029 2116 1043 2138 ,
1060 2088 1099 2128 δι
1131 2090 1328 2129 Conven-

302 2142 454 2192 tus,in
490 2141 602 2184 dicta
626 2142 814 2186 Civitate
842 2144 988 2194 fixum,
1014 2145 1066 2187 ad
1097 2146 1211 2188 unius
1239 2146 1329 2185 Mo-

303 2199 459 2244 nasterii
487 2201 811 2244 exstructionem
835 2203 1042 2257 amplum,
1079 2205 1118 2245 δι
1148 2215 1329 2244 commo-

303 2258 432 2310 dum,
454 2259 495 2300 δι
522 2258 574 2301 ad
600 2257 826 2303 clausuram
851 2259 1143 2315 perficiendam
1166 2271 1303 2316 aptum
1320 2288 1335 2311 ,

303 2317 344 2359 in
368 2328 558 2373 promptu
587 2317 774 2361 venalem
790 2322 1022 2374 repererint
1041 2346 1055 2368 ,
1086 2316 1330 2373 verumipsae

304 2375 504 2432 modum,
528 2377 565 2417 &
593 2373 830 2421 facultatem
867 2377 1023 2422 dictum
1063 2391 1215 2420 novum
1242 2379 1331 2419 Mo-

304 2433 524 2479 nasterium
550 2433 840 2487 construendi,
862 2436 933 2478 nist
962 2438 1020 2479 eis
1045 2435 1201 2479 dictum
1231 2435 1332 2478 anti-

305 2506 429 2549 quum
446 2491 735 2536 Monasterium
763 2496 942 2538 vendere
967 2495 1128 2538 licitum
1153 2496 1227 2546 sit,
1253 2508 1331 2536 non

306 2551 512 2602 habeant,
539 2551 576 2592 &
604 2550 628 2592 fi
653 2552 712 2593 eis
741 2554 908 2608 praestus
934 2554 1129 2604 emendi,
1148 2555 1188 2595 δι
1214 2566 1336 2609 quam

302 2609 431 2654 etiam
447 2609 486 2651 in
512 2620 700 2665 promptu
725 2612 875 2655 habent
898 2613 1109 2669 antiquum
1136 2611 1338 2656 Monaste-

303 2669 417 2712 rium
445 2666 671 2724 hujusmodi
700 2670 921 2722 vendendi,
940 2672 1076 2714 oblata
1090 2672 1245 2714 occasio
1261 2669 1339 2713 tol.

304 2727 496 2776 leretur,
523 2726 630 2769 alter
654 2727 748 2771 fitus
789 2729 840 2772 ad
871 2729 1065 2772 fabricam
1107 2729 1340 2772 Monasterii

305 2795 419 2842 aptus
431 2810 447 2834 ,
477 2785 518 2826 &
531 2786 707 2841 praedicti
723 2789 876 2844 antiqui
894 2788 1124 2831 Monasterii
1142 2790 1311 2842 Emptor
1327 2812 1347 2836 ,-

306 2857 427 2900 quem
453 2841 534 2898 jam
568 2844 844 2891 invenerunt,
877 2846 982 2888 haud
1015 2845 1135 2888 facile
1170 2844 1338 2900 inposte-

307 2916 399 2945 rum
421 2901 702 2956 reperiretur.
736 2906 791 2946 Et
814 2905 988 2958 proinde
1015 2903 1121 2947 dicta
1150 2902 1334 2946 Abbatis·

307 2962 374 3011 sa,
404 2961 444 3001 &
473 2962 715 3002 Conventus
744 2961 951 3015 praefatum
989 2972 1105 3005 vetus
1134 2962 1337 3005 Monaste-

308 3021 412 3063 rium
440 3018 632 3069 meliori,
656 3032 735 3076 qua
751 3018 837 3061 fieri
861 3020 1043 3073 poterit,
1064 3020 1340 3064 conditione.)

314 3077 525 3128 vendere,
549 3090 596 3119 ac
621 3078 739 3120 {itum
762 3077 1021 3133 pradictum,
1047 3079 1124 3121 una
1139 3091 1229 3119 cum
1244 3078 1340 3121 aedi·

312 3137 435 3188 ficiis,
456 3137 496 3179 in
526 3149 578 3177 eo
605 3135 737 3178 forsan
763 3136 907 3179 erectis
923 3163 938 3186 ,
965 3137 1015 3178 ad
1034 3135 1220 3178 effefitum
1239 3137 1278 3179 in
1293 3150 1345 3179 eo

311 3210 464 3240 novum
487 3194 714 3244 fabricandi
741 3194 1029 3236 Monasterium
1049 3208 1191 3236 emere
1206 3220 1221 3241 a
1249 3194 1343 3237 nec·

312 3269 393 3299 non
421 3254 597 3310 pretium
630 3268 680 3295 ex
712 3252 950 3294 venditione
981 3250 1204 3309 hujusmodi
1233 3253 1343 3295 redi·

314 3313 519 3369 gendum,
534 3314 574 3355 in
594 3310 834 3354 solutionem
853 3308 947 3352 fluis
973 3310 1162 3362 emendi,
1184 3311 1224 3360 βι
1239 3310 1344 3354 sum·

312 3384 403 3429 ptus
421 3371 580 3415 fabricae
610 3372 701 3412 novi
731 3369 963 3412 Monasterii
989 3367 1215 3425 hujusmodi
1245 3384 1344 3412 con·

315 3443 481 3474 vertere
506 3429 814 3487 proposuerint.
848 3427 1003 3470 Verum
1023 3428 1061 3470 id
1085 3425 1220 3471 facere
1237 3425 1346 3484 poise

314 3490 535 3540 dubitent,
567 3489 677 3533 Sede
719 3484 952 3543 Apostolica
990 3484 1163 3541 desuper
1205 3487 1342 3528 incon·

315 3547 448 3592 sulti.
477 3551 617 3609 Qare
646 3562 720 3604 pro
747 3557 862 3603 parte
891 3543 1127 3588 earumdem
1153 3542 1343 3587 Abbatis-

316 3605 394 3656 Γπ,
421 3607 463 3648 δι
486 3605 730 3651 Conventus
754 3605 882 3648 Nobis
910 3602 985 3646 fuit
1015 3602 1226 3659 humiliter
1253 3603 1342 3653 sup-

317 3665 547 3721 plicatum,
575 3677 773 3721 quatenus
799 3676 941 3707 eorum
967 3661 1178 3704 desideriis
1205 3661 1342 3715 hujus-

320 3720 429 3765 modi
455 3736 661 3774 annuere‚
692 3739 739 3768 ac
764 3724 863 3768 alias
897 3723 937 3763 in
978 3719 1175 3776 pra-missis
1199 3735 1352 3775 oppor-

321 3782 418 3826 tune
458 3782 711 3837 providere,
741 3782 794 3828 de
833 3781 1085 3836 benignitate
1118 3778 1349 3837 Apostolica

1392 323 1680 380 dignaremur·
1713 320 2047 379 Nosigitur,qui
2071 242 2413 373 christini-{nn

1389 383 1667 437 quorumlibet
1683 409 1698 432 ,
1714 382 1933 437 praesertim
1960 386 2326 431 sanaimonianum
2348 405 2416 431 vo·

1390 450 1459 492 ta,
1485 440 1536 484 ad
1570 440 1708 482 Divini
1738 437 1873 482 cultt'is
1890 450 2150 491 augmentum
2177 449 2416 499 tendentia,

1388 497 1624 551 specialibus
1639 496 1876 550 favoribus,
1897 498 1937 537 &
1955 500 2098 551 gratiis
2123 500 2295 546 libenter
2319 521 2416 548 con·

1388 554 1575 599 fovemus
1589 582 1605 605 s
1623 556 1852 610 praedictam
1875 553 2144 607 Abbatiffam,
2169 561 2207 599 δι
2222 565 2417 606 Conven-

1388 612 1452 659 tiis
1476 613 1701 667 hujusmodi
1721 613 1937 670 singulares
1958 612 2142 668 personas
2169 619 2190 658 a
2217 620 2415 671 quibusvis

1383 672 1845 723 excommunicationis,
1877 671 2129 726 suspensionis
2150 702 2164 723 ‚
2205 676 2243 714 δι
2283 677 2414 719 inter·

1381 728 1508 780 dieti,
1539 729 1708 784 aliisque
1737 731 2028 775 Ecclesiasticis
2053 731 2261 775 sententiis
2279 763 2293 782 ,
2323 748 2418 776 cen·

1387 785 1521 837 suris,
1546 789 1586 830 δι
1614 789 1770 843 poenis,
1800 791 1822 832 a
1862 789 1980 845 jure,
2022 789 2088 832 vel
2129 791 2182 832 ab
2220 792 2383 833 homan·
2407 822 2422 845 ‚

1387 846 1527 903 quavis
1555 846 1797 899 occafione,
1826 849 1892 892 vel
1919 849 2035 891 causa
2063 849 2186 901 latis,
2223 848 2247 890 fi
2268 851 2417 904 quibus

1387 904 1698 961 quomodolibet
1721 906 1918 950 innodatae
1933 908 2109 950 existunt
2124 935 2138 958 ,
2166 907 2214 950 ad
2231 907 2420 950 effeuum

1386 962 1642 1020 praesentium
1667 964 1863 1007 duntaxat
1878 965 2211 1023 consequendum
2229 994 2244 1016 ‚
2274 967 2417 1008 harum

1386 1022 1491 1065 serie
1515 1022 1799 1074 absolventes,
1826 1025 1866 1065 δι
1892 1025 2089 1068 absolutas
2119 1023 2207 1066 fore
2248 1025 2417 1067 censen·-

1386 1092 1475 1132 tes,
1504 1094 1549 1124 ac
1580 1079 1829 1124 fundationis
1858 1081 1957 1125 dicti
1985 1084 2131 1127 veteris
2160 1083 2422 1131 Monasterii,

1389 1151 1583 1189 tenores,
1609 1141 1733 1183 etiam
1759 1141 1971 1193 veriores,
2005 1157 2050 1186 ac
2077 1141 2182 1185 datis
2218 1141 2420 1195 praesenti·

1387 1199 1464 1242 bus
1495 1213 1576 1254 pro
1604 1198 1793 1256 expreffis
1821 1202 2042 1253 habentes,
2074 1195 2302 1257 hujusmodi
2330 1198 2423 1255 sup-

1391 1258 1674 1315 plicationibus
1701 1259 1914 1312 inclinati,
1939 1274 1989 1303 ex
2013 1269 2112 1302 voto
2123 1259 2426 1315 Congregatio-

1390 1318 1448 1359 nis
1477 1317 1783 1361 Venerabilium
1807 1321 1994 1361 Fratrum
2022 1319 2248 1362 nostrorum
2270 1319 2422 1362 sancta

1388 1379 1582 1419 Romana
1613 1377 1799 1420 Eccleliae
1821 1378 2104 1421 Cardinalium
2129 1376 2305 1432 negotiis
2331 1379 2419 1419 Re-

1387 1435 1586 1491 gularium
1602 1435 1903 1491 praepoiitorum
1922 1466 1936 1487 ,
1971 1436 2212 1479 Discretioni
2233 1437 2328 1479 Tuae
2344 1447 2421 1491 per

1386 1493 1618 1550 Apostolica
1635 1493 1781 1551 scripta
1796 1495 2035 1538 mandamus
2047 1505 2276 1551 ,quatenus
2287 1520 2301 1542 ,
2319 1507 2424 1535 con*

1387 1554 1479 1596 stito
1510 1553 1604 1596 Tibi
1632 1555 1742 1609 prius
1773 1553 1957 1609 legitime
1993 1555 2046 1596 de
2086 1553 2319 1609 praemiffis,
2343 1551 2422 1595 eis-

1387 1613 1482 1656 dem
1515 1611 1754 1659 Abbatissae,
1777 1613 1818 1654 δι
1839 1612 2104 1662 Conventui‚
2123 1623 2166 1654 ut
2201 1614 2238 1653 in
2275 1611 2420 1666 pradi-

1387 1675 1452 1714 osto
1486 1672 1559 1714 situ
1597 1670 1774 1713 emendo
1799 1685 1924 1713 unum
1938 1670 2230 1715 Monasterium
2259 1671 2422 1712 Monia-

1386 1732 1487 1774 lium
1507 1758 1520 1781 ,
1544 1743 1636 1772 cum
1663 1729 1841 1773 Ecclefia
1859 1759 1875 1780 ,
1907 1729 1973 1771 seu
2002 1730 2200 1784 Cappella
2216 1757 2231 1779 ,
2259 1742 2427 1783 campa-

1389 1790 1487 1840 nili,
1505 1789 1706 1843 campanis
1720 1817 1734 1839 ,
1753 1787 1974 1831 refectorio
1987 1817 2002 1840 ,
2016 1788 2294 1834 dormitorio,
2311 1788 2425 1828 clau·

1388 1848 1503 1898 stris,
1535 1848 1696 1899 hortis,
1731 1848 1978 1897 hortalitiis,
2017 1848 2162 1899 cellis,
2202 1845 2426 1900 aliifiiuta

1387 1907 1608 1958 membris,
1632 1909 1671 1948 &
1699 1905 1870 1949 officinis
1898 1904 2127 1949 necessariis
2146 1935 2159 1957 ,
2189 1908 2229 1948 δι
2262 1918 2419 1959 oppor-

1386 1967 1490 2009 tunis
1508 1994 1523 2017 ,
1554 1979 1631 2022 pro
1656 1967 1864 2021 perpetuis
1891 1979 2059 2017 earum,
2084 1965 2307 2007 &aliarum
2325 1967 2415 2005 Mo-

1385 2026 1576 2073 nialium,
1593 2038 1666 2079 pro
1687 2034 1874 2079 tempore
1901 2024 2227 2079 recipiendarum
2257 2021 2351 2071 usu,
2378 2021 2419 2060 &

1389 2083 1636 2127 habitatione
1658 2082 1833 2124 construi
1850 2111 1862 2133 ,
1891 2082 1959 2125 seu
1984 2081 2148 2123 aedificia
2179 2083 2215 2122 in
2238 2094 2291 2122 eo
2310 2093 2412 2120 con-

1390 2145 1533 2187 structa
1546 2141 1596 2184 ad
1619 2138 1792 2183 formam
1818 2140 2052 2184 Monasteni
2077 2138 2300 2194 hujusmodi
2326 2150 2422 2179 cum

1390 2200 1622 2257 supradictis
1650 2200 1835 2241 omnibus
1863 2198 2005 2242 reduci
2029 2197 2198 2248 facere,
2228 2199 2266 2238 8(
2288 2196 2336 2237 ad
2366 2195 2423 2236 il-

1391 2260 1477 2312 lud,
1490 2259 1696 2314 postquam
1712 2256 1761 2299 fic
1779 2258 2068 2308 constr-ustum,
2096 2255 2160 2299 vel
2179 2255 2389 2298 reductum
2407 2281 2424 2304 ‚

1392 2334 1435 2362 ac
1451 2317 1613 2365 debita,
1645 2319 1684 2358 δε
1709 2316 1969 2360 convenienti
1997 2315 2190 2360 Clausura
2210 2314 2422 2355 munitum

1393 2376 1515 2420 fuerit
1543 2404 1556 2427 ,
1592 2375 1659 2417 sub
1692 2374 1795 2418 dieta
1842 2374 1999 2430 Regula
2039 2373 2266 2423 fundandi,
2300 2380 2425 2427 prout

1390 2436 1491 2478 illud
1524 2435 1655 2490 postea
1684 2435 1879 2477 canonice
1908 2434 2117 2476 fundatum
2136 2462 2152 2483 ‚
2193 2434 2233 2475 δι
2261 2430 2424 2473 institu-

1396 2506 1482 2536 tum
1509 2491 1669 2543 fuerat,
1701 2491 1776 2536 suis
1803 2495 1975 2548 propriis
2014 2491 2195 2549 pecuniis
2229 2499 2382 2531 emerat
2400 2515 2415 2538 ,

1397 2553 1490 2596 &in
1514 2551 1640 2607 ipsum
1652 2551 1939 2594 Monasterium
1965 2553 2015 2592 src
2044 2549 2256 2591 fundatum
2277 2558 2415 2588 nunne—

1399 2626 1464 2656 rus
1492 2611 1632 2666 viginti
1659 2611 1779 2652 <unius
1812 2609 2077 2657 Monialium,
2106 2606 2192 2660 ipso
2228 2607 2423 2661 Joanne)

1400 2670 1571 2725 Baptista
1597 2668 1732 2710 adbuc
1758 2678 1853 2711 tunc
1893 2665 2131 2720 superstite,
2163 2660 2421 2725 introductus

1399 2727 1633 2775 exstiterat,
1663 2726 1702 2765 δι
1726 2725 1767 2767 in
1793 2723 1936 2765 eadem
1970 2720 2222 2776 expolitione
2256 2718 2419 2770 subjun-

1400 2789 1490 2835 Cto,
1514 2783 1622 2839 quod
1645 2782 1749 2825 dista
1779 2784 1931 2823 Domus
1965 2782 2003 2823 in
2031 2780 2106 2823 suis
2130 2776 2420 2841 strucruris‚·&

1398 2841 1574 2886 aedificiis
1598 2839 1717 2883 valde
1732 2840 1893 2896 angusta
1917 2851 2030 2890 erat,
2054 2840 2093 2880 8(
2119 2849 2205 2881 tum
2229 2836 2281 2877 ob
2311 2834 2420 2877 illius

1399 2901 1617 2957 angustiam
1639 2897 1888 2953 hujusmodi,
1915 2908 2001 2939 tum
2035 2898 2190 2947 etiam,
2216 2895 2306 2950 quia
2331 2891 2420 2956 aliis

1402 2959 1598 3003 Domibus
1626 2971 1699 3013 per
1735 2956 1933 2999 seculares
1963 2954 2151 3011 personas
2188 2951 2419 2995 inhabitans

1400 3020 1457 3062 ita
1478 3018 1729 3065 cohaerebat,
1761 3014 1984 3056 &illarum
2024 3011 2203 3055 dominio
2245 3009 2419 3063 subjecta

1403 3086 1524 3127 erat,
1560 3085 1603 3118 ut
1629 3074 1679 3117 ad
1723 3072 1949 3128 perfectam
1989 3070 2205 3113 clausuram
2249 3078 2419 3109 eatenus

1405 3135 1545 3179 reduci
1571 3148 1648 3176 non
1674 3130 1779 3186 posse
1807 3128 2066 3185 speraretur,
2099 3130 2177 3170 imo
2199 3125 2305 3180 quod
2336 3137 2418 3164 non

1405 3206 1548 3250 parum
1562 3191 1751 3234 clausurae
1764 3192 1922 3233 obstare
1940 3220 1952 3240 ‚
1983 3191 2024 3230 &
2050 3186 2168 3243 ipsam
2197 3183 2324 3225 fissan
2344 3181 2420 3247 de-

1410 3253 1583 3294 formare
1598 3251 1751 3305 pollet,
1784 3249 1892 3290 inter
1907 3249 1983 3291 alia
2010 3242 2260 3288 incommoda
2280 3253 2420 3304 ,ηιμ-

1405 3313 1493 3354 διις·
1508 3308 1629 3366 ipsum
1646 3307 1930 3351 Monasterium
1950 3306 2161 3348 obnoxium
2177 3309 2262 3365 erat
2279 3311 2342 3347 ,in
2370 3296 2420 3338 il-

1406 3370 1474 3412 lud
1505 3383 1555 3411 ex
1579 3366 1782 3421 contiguis
1798 3366 1991 3408 Domibus
2020 3359 2192 3418 praefatis
2221 3351 2429 3423 ingress‘us

1407 3442 1480 3483 per
1497 3430 1601 3470 tecta
1617 3423 1738 3467 facire
1755 3425 1903 3480 aperiri
1922 3419 2043 3477 poffet
2059 3433 2075 3471 ς
2092 3414 2296 3483 Abbati-isa
2314 3415 2419 3480 vcro

1404 3489 1444 3530 δι
1470 3488 1706 3528 Conventus
1730 3483 1939 3537 praedissus
1955 3493 2077 3522 unum
2109 3477 2280 3541 suumin
2310 3472 2417 3514 dista

1402 3544 1584 3588 Civitate
1610 3542 1658 3585 ad
1688 3543 1804 3584 unius
1824 3538 2050 3583 Monasserii
2078 3534 2421 3577 exstructionem„

1402 3590 2423 3714 :ffiz‘nss22T„⁰;?2¹:“3f31:ss.:⁶„3:1252‘531

1411 3729 1645 3774 pererant3
1688 3718 1828 3761 verum
1858 3712 2023 3755 modum
2050 3738 2066 3763 ,
2109 3712 2148 3753 δι
2182 3707 2419 3751 facultatem

1408 3778 1554 3823 dictam
1598 3790 1750 3820 novum
1794 3770 2080 3818 Monasserium
2128 3763 2420 3812 construendi,

2277 3836 2359 3866 110ss
