2710 4108
349 167 513 279 343

282 277 412 323 forsan
453 285 506 323 de
533 282 653 325 caulis
683 279 869 324 decrevit
907 279 1070 323 omnino
1103 276 1304 321 Moniales

279 339 485 394 pra-dictas
515 340 819 385 transferendas
846 337 923 382 esl‘e
949 338 999 381 ad
1024 338 1148 380 alium
1177 336 1305 378 tutio·

278 410 371 439 fem
388 423 402 445 a
427 399 466 442 &
490 401 614 458 magis
640 409 930 455 congruentem
957 396 1091 440 locum
1115 425 1127 447 ‚
1161 396 1201 437 δε
1227 394 1303 435 hoc

279 454 435 512 judicio
456 486 470 510 ‚
496 459 534 499 &
563 459 763 502 arbitratu
791 467 886 499 tunc
909 455 1111 499 existentis
1139 451 1304 509 Episco-

280 516 320 569 pi
356 514 533 560 Brixien.
548 517 655 562 unde
673 515 876 558 Abbatiffa
891 543 906 564 ,
921 515 960 557 &
975 516 1213 556 Conventus
1233 511 1304 552 hu-

279 572 449 630 jusmodi
464 605 478 628 ‚
495 577 552 618 uti
577 574 818 618 obedientiae
835 573 942 616 Filiae
956 573 1166 628 cupientes
1189 569 1304 612 ordi-

280 632 434 675 nationi
456 664 471 687 ,
491 635 566 677 ,seu
594 634 765 676 decreto
779 631 964 688 praedie'to
988 630 1184 677 obedire,
1200 641 1300 669 con-

280 704 485 737 venerunt
502 707 592 736 cum
615 691 721 734 dieto
738 694 920 734 Durante
943 687 995 732 de
1011 688 1185 731 emendo
1201 688 1274 727 (itu
1286 711 1300 734 a

281 749 350 793 seu
372 751 464 795 loco
488 749 717 795 Monasterii
745 748 853 794 dietae'
875 749 1147 801 Praepofiturae
1165 774 1180 796 ‚
1216 758 1307 785 cum

282 807 351 851 usu
381 811 484 854 illius
515 809 700 853 Ecclesrae
730 807 925 854 decenti,
950 807 990 849 &
1019 807 1140 863 longe
1167 812 1264 857 apto
1289 831 1305 853 2

282 870 323 912 &
355 869 534 924 pluribus
558 867 705 909 civium
728 894 742 918 2
772 867 807 907 &
839 864 1090 908 honestarum
1119 861 1305 919 persona-

284 942 374 971 rum
400 926 571 971 aedificiis
610 923 879 978 circumsepto
906 951 920 973 ,
957 923 996 966 &
1022 937 1094 977 per
1120 922 1303 965 dietum,

282 988 524 1045 Episcopum
550 983 598 1027 ad
626 984 728 1024 hunc
752 981 939 1023 effectum
964 982 1165 1035 inspecto,
1186 981 1306 1030 &ap-

283 1047 566 1104 proba102cum
581 1039 773 1084 sedimine
788 1068 801 1091 ‚
813 1040 932 1082 horto
946 1066 960 1090 ,
972 1035 1125 1087 fronte,
1136 1035 1308 1079 claustro

285 1105 475 1147 domibus
491 1131 506 1153 ,
530 1098 719 1150 fabricis,
746 1099 957 1146 membris,
984 1111 1030 1139 ac
1049 1093 1307 1153 pertinentiis

286 1163 379 1216 suis,
398 1175 472 1218 pro
497 1158 643 1202 livello
659 1171 788 1200 annuo
813 1155 1087 1198 sexcentarum
1115 1154 1307 1197 librarum

285 1218 634 1265 monetaeillarum
651 1215 819 1271 partium
841 1215 1085 1269 ,incipiente
1111 1214 1219 1256 illius
1246 1210 1307 1253 so·

284 1280 441 1327 lutione
467 1278 506 1321 in
537 1274 616 1317 fine
640 1276 734 1316 anni
766 1273 969 1328 incepturi
1011 1275 1034 1317 ὲ
1061 1272 1128 1315 die
1166 1272 1310 1314 habitae

280 1335 456 1395 pacificae
473 1331 711 1390 poffessionis
739 1332 967 1374 Monasterii
1010 1333 1122 1374 dietae
1150 1334 1310 1386 Praepo-

283 1397 411 1440 fiturae
441 1407 535 1437 cum
564 1394 704 1447 paeto,
736 1391 844 1445 quod
874 1389 978 1432 dicta
1005 1388 1241 1440 Abbatissa‚
1273 1389 1312 1430 δε

289 1459 535 1502 Conventus
562 1452 583 1494 a
609 1451 718 1491 dicto
746 1448 888 1492 livello
913 1476 926 1500 ‚
959 1462 1004 1491 ac
1035 1448 1124 1506 ejus
1147 1462 1311 1491 onere)

285 1511 325 1555 se
358 1513 537 1554 liberare
561 1535 576 1557 a
603 1511 642 1550 &
677 1505 897 1550 affrancare
922 1505 1312 1562 poffent‚solvendo

281 1571 390 1615 dieto
404 1568 618 1625 Praepofito
634 1565 852 1608 duodecim
870 1567 979 1608 mille
996 1566 1312 1618 libras‚conver-

283 1629 424 1674 tendas
441 1629 479 1672 in
495 1627 741 1680 emptionem
763 1625 878 1666 unius
892 1623 1032 1667 domus
1048 1639 1125 1680 vpro
1140 1624 1227 1675 usu,
1245 1625 1314 1665 ha-

284 1687 486 1731 bitatione
506 1713 520 1735 ,
556 1687 596 1726 &
632 1682 866 1726 necestitate
906 1682 1002 1725 dicti
1025 1684 1245 1733 Durantis‚
1274 1683 1315 1722 &

287 1743 567 1794 Successorum
582 1742 740 1786 suorum
759 1741 797 1782 in
813 1742 917 1783 dieta
933 1745 1195 1799 Praeposttura
1209 1770 1223 1792 ,
1244 1750 1315 1782 aut

287 1805 375 1847 aliis
394 1803 593 1847 stabilibus
610 1802 788 1849 bonis‚ac
804 1800 956 1854 juribus
972 1816 1164 1858 aquarum
1183 1814 1256 1852 pro
1269 1800 1316 1839 ir.

287 1860 466 1919 rigandis
494 1861 607 1904 bonis
626 1859 827 1901 stabilibus
838 1857 1289 1915 ejusdemPraepofiturae
1304 1884 1318 1907 ‚

284 1924 323 1966 δι
336 1921 571 1975 alias‚prout
586 1916 936 1971 eidemPraepostto
953 1919 1148 1973 expedire
1168 1916 1322 1957 videre-

284 1991 378 2030 tur,
403 1977 470 2020 seu
489 1975 642 2033 possent
658 1975 851 2030 affignare
870 1985 929 2018 tot
947 1977 1124 2020 dominia
1140 1975 1289 2017 diredta
1303 2002 1321 2024 ,

284 2049 351 2082 aut
369 2037 636 2092 proprietates
653 2035 875 2083 idoneas‚&
894 2034 1049 2077 securas
1066 2035 1105 2075 in
1125 2033 1228 2075 dieta
1245 2033 1319 2073 Ci-

288 2098 418 2140 vitate
434 2094 626 2141 Brixien-,
640 2092 703 2135 vel
720 2091 826 2134 illius
846 2091 1026 2135 clausura
1039 2119 1053 2140 -,
1067 2103 1135 2134 aut
1152 2091 1319 2139 alibi2ex

287 2155 430 2211 quibus
452 2151 534 2208 ipse
551 2153 786 2207 Praeposrtus
801 2150 949 2193 dictum
963 2151 1149 2193 livellum
1172 2164 1318 2194 annua-

284 2215 360 2258 tim
378 2211 630 2270 perciperet,
646 2210 683 2252 in
697 2208 927 2254 evidentem
945 2210 1055 2253 didita:
1084 2208 1317 2265 praepofitu-

282 2285 336 2317 rae
351 2268 767 2326 utilitatem‚ipstque
797 2268 1029 2326 Praepofitus
1055 2268 1317 2311 nihilominus

281 2340 518 2378 teneretur,
545 2328 595 2372 ad
621 2328 943 2371 celebrationem
983 2328 1095 2372 unius
1136 2327 1250 2369 missae
1275 2328 1317 2367 in

281 2387 464 2434 Ecclesia
478 2386 589 2428 dictae·
604 2387 863 2443 praepofiturae
877 2416 889 2429 .
919 2387 1000 2430 Sed
1029 2387 1120 2444 quia
1134 2388 1212 2442 ipsa
1230 2387 1320 2428 Ab·

281 2444 451 2497 batilla,
476 2446 514 2487 &
542 2449 781 2490 Conventus
797 2446 850 2487 ob
877 2460 1016 2488 earum
1035 2457 1316 2502 paupertatem

286 2507 464 2564 pretium
487 2504 719 2558 praedic‘tum
745 2504 1010 2560 persolvendi
1050 2504 1213 2547 modum
1233 2518 1319 2547 non.

285 2566 437 2610 habent
449 2592 465 2618 ‚
486 2562 600 2605 situm
614 2591 627 2614 ,
646 2562 796 2613 locum,
816 2564 856 2604 &
870 2561 981 2606 usum
1003 2562 1097 2606 dicti
1116 2563 1317 2607 Monaste-

281 2623 332 2665 rii
364 2626 405 2665 S.
423 2620 609 2672 Urbani,
637 2634 682 2662 ac
711 2620 926 2670 Ecclefiae,
954 2622 1126 2664 Sacrarii
1147 2652 1163 2673 ,
1190 2623 1230 2662 &
1256 2632 1320 2662 to·

281 2681 361 2727 tius
386 2679 584 2723 sediminis
600 2704 614 2726 2
639 2692 683 2723 ac
707 2677 967 2723 aedificiorum
995 2680 1100 2722 intra
1121 2681 1213 2722 dic'ti
1231 2682 1319 2722 Mo-

281 2738 438 2785 nasterii
456 2742 495 2781 S.
515 2737 667 2781 Urbani
684 2737 850 2781 claustra
877 2747 1032 2780 tantum
1049 2740 1319 2793 comprehen-

284 2804 419 2842 sorum
435 2811 528 2840 cum
553 2797 644 2840 aliis
662 2794 821 2839 fabricis
840 2825 854 2847 ‚
883 2796 1110 2840 &aedificiis
1131 2798 1233 2840 intra
1255 2797 1318 2839 di-

281 2861 342 2901 t‘ta
370 2856 535 2903 claustra
551 2854 847 2909 comprehensis
863 2884 877 2908 ,
891 2853 1180 2901 professoribus
1195 2856 1320 2899 Ordi-

282 2918 341 2962 nis
369 2918 551 2959 Fratrum
568 2914 772 2957 Minorum
789 2916 1092 2969 Capucinorum
1119 2927 1321 2968 nuncupa·

281 2987 419 3019 torum
451 2972 674 3029 hujusmodi
692 2973 982 3029 vendere,ipst
1011 2975 1110 3016 vero
1126 2971 1323 3017 Profeffo-

286 3049 351 3079 res
362 3032 561 3088 Capucini
580 3059 593 3081 ‚
607 3032 751 3085 quibus
767 3033 862 3076 alias
879 3032 1082 3088 quondam
1099 3032 1225 3075 Clara
1241 3034 1322 3073 Ar·-

286 3106 406 3137 mana
437 3090 583 3133 mulier
607 3091 782 3133 Brixien.
823 3092 864 3135 in
896 3091 964 3134 suo
997 3092 1171 3142 ultimo,
1210 3090 1319 3146 quod

283 3148 903 3206 condidisstestamentostegavit
919 3150 1133 3206 quamdam
1149 3148 1319 3206 ejus-do.

287 3225 412 3258 mum,
425 3209 461 3250 in
480 3207 586 3251 dista
603 3207 786 3250 Civitate
813 3207 924 3250 fitam
942 3239 957 3263 ,
972 3212 1051 3255 una
1081 3223 1172 3252 cum
1198 3209 1321 3250 certis

286 3269 372 3311 aliis
406 3266 753 3324 proprietatibus,
782 3266 832 3309 ad
863 3269 939 3309 hoc
969 3297 984 3319 ‚
1022 3277 1066 3311 ut
1101 3267 1196 3311 inibi
1225 3281 1324 3308 con-

287 3328 510 3370 strueretur
533 3339 611 3368 una
631 3328 783 3368 Domus
810 3326 1013 3369 dictorum
1042 3330 1229 3371 Fratrum
1243 3329 1324 3369 Ca-

286 3386 530 3442 pucinorum
546 3399 639 3427 cum
658 3383 838 3427 Ecclefia
854 3400 930 3439 pro
945 3400 1088 3428 eorum
1107 3384 1173 3429 usu
1188 3411 1202 3434 ‚
1215 3399 1323 3426 com-

283 3444 436 3497 mod0,
457 3446 496 3485 &
515 3444 771 3487 habitatione
785 3443 957 3487 maxime
978 3444 1227 3487 infirmorum
1243 3473 1258 3494 ,
1280 3457 1325 3485 ac

289 3501 360 3546 sub
386 3502 618 3544 conditione
638 3531 651 3555 ,
679 3504 786 3559 quod
803 3530 817 3554 ‚
841 3503 865 3544 st
896 3504 1075 3547 Ecclesia
1092 3533 1106 3555 ,
1137 3503 1176 3543 &
1198 3505 1328 3545 Dom-

290 3575 335 3605 us
371 3559 591 3614 hujusmodi
633 3576 710 3604 non
743 3561 1043 3606 construeretur
1062 3591 1075 3615 ,
1102 3562 1197 3604 dieti
1227 3563 1326 3604 Fra·

290 3633 375 3668 tres
402 3618 595 3663 caderent
621 3621 672 3665 ab
700 3621 937 3666 haereditate
962 3650 976 3671 ,
1001 3623 1041 3663 δι
1065 3636 1203 3665 eorum
1234 3621 1325 3664 loco

290 3695 342 3724 eo
369 3679 458 3722 casu
497 3690 646 3721 evento
683 3680 876 3725 dilectum
902 3680 1062 3723 'Filium
1114 3681 1320 3726 Paulum-2

291 3737 462 3788 Stellam
479 3766 492 3792 ,
522 3738 559 3782 &
573 3738 670 3782 alios
687 3767 700 3793 ,
731 3749 853 3796 prout
872 3739 911 3783 in
928 3739 1036 3785 die'to
1051 3739 1180 3784 Clarae
1205 3740 1325 3787 testa-

1058 161 1604 250 Provincia

1367 286 1506 318 mento
1517 274 1670 317 dicitur
1684 273 1913 327 contineri,
1925 273 2122 316 substituit
2137 302 2151 325 ,
2181 274 2249 316 sed
2267 278 2393 319 Com.'

1364 334 1524 376 miflarii
1540 362 1554 386 ‚
1584 335 1621 375 &
1646 335 1900 377 Executores
1915 333 2010 375 disti
2032 333 2260 375 testamenti
2275 334 2409 390 ipfius.

1366 394 1498 437 Clarae
1514 419 1529 442 :-
1551 393 1810 436 attendentes
1833 392 1979 434 dietam
1998 395 2176 434 Domum
2206 392 2264 434 eis
2292 419 2307 441 ‚
2347 403 2392 435 ut

1364 451 1621 509 praemittitur
1636 481 1650 502 ,
1668 451 1868 502 relictam,
1879 462 1966 494 tum
1982 451 2036 493 ob
2053 450 2142 508 ejus
2157 450 2390 506 angustiam,

1366 522 1453 554 tum
1466 513 1518 553 ob
1533 507 1771 568 qualitatem
1787 509 1867 552 loci
1884 509 1925 552 in
1943 510 2079 554 medio
2095 509 2206 552 dic'tae
2228 509 2393 552 Civita-

1367 572 1417 613 tis
1443 568 1668 620 existentis,
1699 569 1740 608 δι
1769 566 2067 612 amultitudine
2094 567 2357 624 personarum
2376 593 2392 620 ·‚

1360 627 1511 688 jugiter
1525 625 1798 682 frequentati,
1829 638 1964 681 aptam
1980 639 2058 669 non
2073 625 2168 678 effe,
2182 625 2389 683 ipsumque

1367 685 1652 731 Monasterium
1678 684 1808 727 Sancti
1827 685 1980 728 Urbani
2006 698 2079 740 pro
2099 681 2163 727 usu
2178 711 2192 734 2
2223 687 2262 727 δι
2279 687 2394 727 habi-

1367 743 1522 789 tatione
1535 742 1736 786 dictorum
1757 745 1941 787 Fratrum
1969 743 2230 786 commodum
2246 745 2394 786 existe-

1368 801 1622 855 re2eamdem
1639 804 1814 844 Domum
1840 801 1952 844 dictis
1970 801 2175 844 Fratribus
2187 831 2204 852 ,
2235 811 2278 844 ut
2293 816 2395 858 prae-

1366 861 1512 913 fertur,
1526 859 1723 909 remum,
1738 873 1830 905 curn
1843 860 1965 902 certis
1995 860 2313 914 propreitatibus
2346 862 2397 904 il-

1369 922 1444 964 lius
1468 921 1508 961 in
1524 918 1773 973 emptionem
1788 945 1802 969 ,
1833 919 1926 961 dieti
1945 918 2176 959 Monasterii
2205 922 2246 961 S.
2261 920 2397 963 Urba-

1367 981 1408 1023 ni
1425 979 1634 1028 alienare,
1663 978 1703 1019 &
1727 977 1764 1018 in
1781 976 2107 1032 recognitionem
2130 975 2326 1026 dominii,
2357 979 2398 1019 δι

1370 1036 1630 1094 proprietatis
1667 1049 1843 1078 annuum
1883 1035 2044 1077 censum
2061 1061 2076 1083 ‚
2118 1032 2187 1076 seu
2211 1033 2398 1078 livellum

1368 1094 1656 1139 sexcentarum
1672 1095 1866 1137 librarum
1894 1102 2093 1143 monetae,
2125 1093 2397 1139 earumdem,

1369 1155 1540 1212 partium
1555 1183 1569 1207 ,
1599 1154 1639 1196 in
1661 1151 1739 1195 fine
1755 1153 1846 1196 anni
1870 1151 2065 1207 incepturi
2092 1148 2195 1194 adie
2223 1152 2394 1201 habitae,

1367 1211 1543 1271 pacificae
1555 1210 1791 1268 poffeffionis
1817 1210 1913 1253 dieti
1943 1207 2176 1252 Monasterii
2204 1213 2245 1253 S.
2265 1212 2403 1254 Urba-

1368 1274 1412 1318 ni
1426 1269 1715 1328 computandi:
1746 1283 1822 1314 nec
1837 1284 1920 1313 non
1939 1280 2024 1311 tres
2045 1268 2159 1310 mille
2174 1268 2298 1311 libras
2313 1270 2403 1326 pla·

1372 1342 1559 1375 netorum
1578 1330 1708 1372 statim
1730 1329 1868 1373 habita
1893 1328 1987 1370 dieti
2005 1326 2239 1370 Monasterii
2258 1330 2300 1371 S.
2320 1332 2402 1372 Ur-

1373 1391 1464 1434 bani
1488 1421 1503 1441 ,
1536 1403 1608 1445 per
1634 1389 1760 1431 dictos
1793 1390 1951 1431 Fratres
1981 1387 2214 1439 Capucinos
2252 1385 2401 1442 posses-

1370 1453 1477 1492 sione
1495 1476 1508 1499 ,
1542 1446 1660 1502 ipsius
1682 1443 1920 1496 Abbatiffae,
1953 1447 1989 1486 &
2006 1446 2245 1487 Conventui
2263 1444 2396 1488 solve·

1371 1524 1414 1551 re
1436 1507 1768 1557 intendunt,cum
1787 1507 1927 1561 paeto,
1960 1500 2068 1558 quod
2085 1500 2123 1543 se
2140 1502 2285 1545 §dieto
2298 1518 2401 1546 cen-

1373 1569 1411 1610 su
1426 1595 1440 1616 a
1472 1565 1540 1607 seu
1554 1565 1696 1607 livello
1709 1566 1990 1607 sexcentarum
2006 1560 2198 1604 librarum
2213 1591 2226 1613 ,
2251 1576 2295 1603 ac
2310 1561 2397 1619 ejus

1374 1638 1499 1669 onere
1526 1651 1540 1674 ‚
1572 1621 1775 1675 liberare,
1803 1624 1843 1664 δι
1870 1619 2088 1663 affrancare
2111 1617 2295 1676 possent,
2323 1619 2407 1662 sol-

1375 1683 1508 1727 vendo
1522 1681 1637 1724 dictis
1651 1679 1866 1725 Abbatiffae
1881 1707 1896 1730 ,
1925 1680 1963 1720 &
1977 1679 2214 1721 Conventui
2239 1678 2401 1721 duode-

1377 1745 1457 1785 cim
1485 1740 1596 1783 mille
1622 1741 1741 1783 libras
1767 1739 1913 1781 fimiles
1939 1737 1978 1778 in
1997 1739 2248 1791 emptionem
2273 1737 2404 1780 alicu-

1378 1803 1435 1859 jus
1450 1799 1617 1854 aptioris
1633 1825 1645 1846 ‚
1674 1802 1713 1840 &
1727 1796 2013 1841 commodioris
2027 1794 2125 1848 loci,
2142 1811 2213 1852 pro
2229 1794 2300 1839 usu
2316 1824 2330 1847 ‚
2360 1797 2400 1837 δι’

1383 1860 1636 1902 habitatione
1665 1859 1862 1900 dictarum
1881 1853 2147 1906 Monialium,
2178 1857 2218 1896 &
2241 1869 2316 1911 pro
2339 1855 2405 1897 di-

1382 1923 1445 1961 &a
1472 1917 1742 1968 liberatione,
1772 1917 1813 1957 &
1842 1913 2124 1956 affrancatione
2150 1939 2165 1960 a
2193 1913 2404 1970 ejusdem,

1382 1972 1592 2022 Abbatissae
1606 1977 1646 2017 δι
1661 1973 1898 2019 Conventui
1925 1969 2144 2026 affigmre,
2174 1982 2238 2015 tot
2251 1973 2404 2016 directa

1379 2034 1555 2078 dominia
1571 2062 1585 2085 ‚
1602 2035 1666 2077 seu
1681 2034 1954 2089 proprietates
1971 2031 2153 2081 idoneas,
2167 2042 2305 2074 cautas
2323 2059 2336 2082 ,
2365 2031 2406 2071 δι

1381 2097 1535 2137 securas
1563 2093 1601 2134 in
1625 2093 1729 2135 dic'ta
1743 2092 1951 2141 civitate,
1983 2091 2049 2133 vel
2067 2087 2258 2133 clausuris
2290 2088 2406 2144 ipfius

1380 2154 1572 2197 Civitatis
1603 2180 1617 2202 ‚
1661 2165 1709 2193 ex
1736 2151 1878 2206 quibus
1905 2148 1991 2204 ipsae
2018 2148 2220 2192 Moniales
2257 2161 2408 2191 annua-

1379 2213 1452 2254 tim
1481 2210 1704 2266 percipiant
1735 2210 1883 2253 dictum
1907 2205 2100 2257 censum,
2133 2209 2199 2251 seu
2219 2207 2408 2251 livellum

1379 2272 1655 2313 sexcentarum
1688 2269 1882 2311 librarum
1904 2293 1919 2317 2
1946 2264 1972 2306 st
2003 2267 2054 2309 ad
2084 2264 2124 2306 id
2153 2268 2210 2309 eis
2234 2266 2376 2310 Nostra
2394 2293 2409 2316 ,

1378 2333 1415 2373 δι
1454 2328 1570 2372 Sedis
1597 2327 1839 2383 Apostolicae
1867 2326 2034 2367 licentia
2063 2321 2301 2382 suffragetur
2323 2354 2337 2376 ,
2369 2327 2411 2366 &

1378 2388 1549 2434 facultas
1567 2417 1577 2428 .
1612 2390 1757 2442 Quare
1785 2401 1858 2441 pro
1873 2393 1988 2441 parte
2005 2383 2215 2427 Abbatiffae
2239 2386 2279 2425 &
2293 2387 2412 2429 Cone

1378 2458 1522 2492 ventus
1547 2472 1562 2495 2
1594 2460 1638 2488 ac
1670 2444 1934 2488 Provincialis
1962 2472 1976 2494 ‚
2007 2457 2080 2485 nec
2118 2441 2408 2488 nonDurantis

1376 2507 1654 2566 praedie‘torum
1682 2534 1695 2556 ,
1725 2505 1855 2547 Nobis
1884 2501 1960 2544 fuit
1978 2501 2184 2547 humiliter
2213 2501 2409 2557 supplica-⁴

1378 2578 1488 2613 tum,
1519 2574 1715 2620 quatenus
1729 2564 1839 2607 eisin
1854 2561 2051 2619 praemiffis
2066 2562 2293 2618 opportune
2310 2573 2409 2615 pro-

1380 2623 1596 2672 videre,de
1617 2623 1868 2679 benignitate
1884 2620 2114 2677 Apostolica
2126 2621 2404 2676 dignaremur.

1380 2688 1465 2728 Nos
1494 2683 1616 2736 igitur
1632 2710 1646 2732 ,
1677 2693 1830 2724 certam
1844 2680 1896 2722 de
1911 2676 2106 2736 praemissis
2125 2680 2308 2722 notitiam
2327 2689 2411 2719 non

1379 2744 1592 2795 habentes,
1608 2738 1960 2790 acAbbatiffam,&
1976 2737 2189 2793 singulares
2208 2735 2406 2779 Personas

1381 2805 1622 2844 Conventus
1636 2827 1649 2850 ‚
1667 2813 1712 2840 ac
1730 2798 2030 2841 Provincialem
2043 2826 2056 2848 ,
2085 2798 2123 2837 &
2140 2800 2410 2839 Durantem.»

1384 2857 1567 2917 praefatos
1585 2887 1598 2909 ‚
1613 2872 1657 2900 ac
1673 2872 1813 2901 eorum
1836 2857 2008 2913 fingulos
2025 2884 2039 2907 ‚
2071 2854 2094 2896 ἂ
2111 2855 2314 2911 quibusvis
2337 2866 2412 2894 ex-

1383 2917 1758 2962 communicationis
1782 2945 1796 2967 ,
1825 2914 2081 2970 suspensionis
2108 2917 2148 2956 δε
2172 2911 2410 2961 ἰηῑενάἱᾶἰ,

1382 2975 1548 3031 aliisque
1581 2975 1867 3018 Ecclefiasticis
1896 2973 2136 3026 sententiis,
2167 2971 2343 3015 censuris
2367 2970 2409 3010 δε

1382 3035 1545 3092 poenis,
1578 3033 1733 3090 εἴξατε,
1764 3034 1830 3076 vel
1847 3034 1896 3076 ab
1913 3034 2102 3083 homine,
2137 3032 2277 3087 quavis
2290 3042 2411 3072 occa-

1382 3095 1518 3145 sione,
1553 3093 1618 3136 vel
1645 3092 1759 3136 causa
1790 3094 1910 3144 latis,
1942 3092 1966 3134 st
1994 3092 2137 3147 quibus
2152 3085 2412 3147 quomodoli-

1383 3156 1454 3199 bet
1484 3151 1664 3195 innodati
1687 3154 1858 3195 existunt
1886 3151 1938 3193 ad
1953 3151 2139 3195 effectum
2162 3146 2410 3206 praesentium

1383 3213 1597 3256 dumtaxat
1615 3210 1944 3265 consequendum
1958 3237 1972 3260 ‚
2004 3212 2142 3252 harum
2160 3206 2260 3250 serie
2275 3202 2409 3248 absol-

1386 3281 1529 3316 ventes
1552 3300 1568 3322 ,
1598 3270 1638 3310 δι
1658 3271 1865 3314 absolutos
1890 3267 1980 3311 fore
2005 3266 2211 3311 censentes
2234 3292 2247 3314 ‚
2278 3277 2322 3305 sc
2346 3273 2411 3303 te-

1385 3344 1506 3373 nores
1524 3327 1788 3372 concessionis
1807 3327 1993 3372 Ecclefiae
2007 3325 2138 3371 Sancti
2156 3322 2310 3366 Urbani
2327 3350 2340 3372 ,
2363 3333 2409 3362 ac

1389 3389 1605 3432 literarum
1623 3416 1635 3438 ,
1665 3389 1702 3429 δε
1720 3387 2086 3431 Instrumentorum
2103 3411 2118 3433 ‚
2142 3381 2207 3424 seu
2241 3380 2413 3436 scriptu-

1388 3461 1522 3492 rarum
1549 3446 1720 3502 desuper
1747 3445 2020 3489 confectarum
2039 3472 2054 3494 ,
2084 3456 2130 3485 ac
2145 3440 2409 3483 ultimarum,

1388 3507 1643 3549 voluntatum
1657 3507 1697 3547 δι
1712 3505 2045 3548 testamentorum
2060 3529 2075 3552 ,
2104 3515 2178 3543 nec
2193 3514 2273 3543 non
2288 3500 2412 3539 litua-

1386 3566 1516 3608 tiones
1532 3593 1544 3616 ,
1559 3563 1765 3615 confines,
1781 3563 1972 3606 vocabula
1986 3591 2001 3612 ,
2033 3558 2384 3603 denominationes
2397 3578 2413 3602 ‚

1386 3623 1707 3680 nuncupationes
1725 3650 1738 3672 ,
1764 3624 1965 3665 &annuos
1983 3620 2144 3663 valores
2161 3618 2410 3666 Monaflerii‚

1386 3685 1542 3726 Domus
1559 3712 1574 3734 ‚
1603 3685 1643 3725 &
1658 3682 1927 3736 Praepofiturae
1946 3678 2177 3738 hujusmodi
2196 3708 2210 3732 ,
2243 3677 2412 3737 proesen-

1386 3743 1493 3785 tibus
1520 3755 1596 3799 pro
1615 3739 1800 3798 expressis
1815 3742 2010 3785 habentes
2035 3769 2051 3791 ,
2083 3739 2307 3798 hujusmodi
2325 3737 2412 3793 sup·

2277 3796 2354 3855 pli-
