2774 4068
1113 179 1647 283 nearchiae.

1374 350 1377 354 ¹
1396 313 1484 342 rum
1506 299 1545 341 in
1574 310 1717 341 eorum
1735 293 1926 339 Eccleliis
1947 322 1962 346 ,
1988 298 2027 336 δι
2043 296 2151 354 quod
2170 300 2299 341 §acne
2317 302 2433 342 con.

300 294 369 340 Ad
384 299 564 351 primm
576 290 777 353 respondit
788 292 974 346 negative
985 316 1000 343 ,
1027 293 1076 342 (5
1096 299 1253 354 estsuper
1268 302 1327 340 de-

298 356 473 399 claravit
485 350 765 413 finpradeffanr
775 352 1022 393 concordiam
1035 366 1110 395 non
1131 354 1332 410 afficerQ

301 416 438 457 Petrei
474 414 685 468 Capacum
698 437 713 462 ,
744 410 878 452 Rome
901 423 967 454 xx
982 423 1007 453 v
1027 424 1043 453 ι
1066 424 1081 453 ι
1103 426 1143 456 a.
1175 414 1336 466 ‘yonna-

301 471 362 516 rir‘
380 482 590 518 unecxvt
605 480 668 512 ιι.

502 583 545 638 Ι.
565 585 630 637 D.
649 586 777 639 card.
807 586 1101 640 ‘Paracciaenus
1114 624 1127 638 .

666 718 706 761 V.
727 717 912 776 Arebeep.
931 719 1115 775 Darmfi.
1130 721 1278 762 secret.

280 830 289 839 ⁸
352 834 413 877 Ex
426 837 522 892 Reg.
536 839 686 879 secret.
702 839 822 893 cong.
837 835 1002 894 Menfis,
1031 837 1200 888 &Anni
1216 835 1335 893 pred.

297 930 532 954 —-
1216 941 1335 953 —

500 1030 543 1072 D
603 1029 638 1071 E
698 1031 738 1072 C
798 1030 838 1072 R
897 1031 932 1073 E
995 1032 1033 1074 T
1090 1034 1130 1075 O

443 1146 577 1197 Sacrae
614 1146 958 1216 Congregaetionir
986 1149 1170 1202 Concilii
1183 1188 1196 1203 .

293 1275 584 1328 Ereftionem
614 1278 870 1343 Sepulturae
893 1278 941 1328 in
971 1281 1153 1330 Sacello'
1180 1283 1337 1333 Eccle-

361 1345 616 1398 fiaeoomfis
635 1347 879 1404 Mondavii
897 1346 971 1401 seu
986 1347 1165 1402 MOntis
1175 1355 1335 1407 avium

358 1435 447 1487 pro
464 1420 545 1470 Pio
567 1420 806 1489 Georgio‚
824 1434 1011 1489 totaque
1034 1427 1127 1486 ejus
1143 1425 1335 1476 Familia

357 1487 593 1548 sustineri,
612 1487 662 1541 <St
674 1491 904 1556 Qartam
934 1491 1183 1545 funeralem
1199 1499 1333 1547 Paro-

361 1560 451 1610 eho
481 1560 544 1611 ibi
575 1576 668 1612 non
685 1561 840 1612 deberi
867 1562 1175 1633 declaratura

336 1702 485 1745 Fauen.
509 1703 732 1757 sepultura·
748 1731 763 1755 ,
795 1703 845 1752 ὸ·
870 1706 1045 1762 Quarta
1062 1703 1272 1749 Funeralir
1285 1734 1297 1747 .

419 1820 522 1861 Nno
552 1829 673 1870 1715.
699 1821 793 1864 Pius
808 1822 1015 1879 Georgius
1042 1823 1129 1878 post
1153 1822 1332 1866 constru-

447 1879 556 1919 etum
596 1878 638 1921 in
672 1879 857 1924 Ecclefia
894 1883 1063 1924 Patrum
1099 1879 1329 1939 Capucino-

288 1948 380 1977 rum
400 1935 605 1979 Sacellum
622 1967 638 1989 ,
670 1938 944 1993 Sepulchrum
957 1969 972 1992 ‚
986 1953 1186 1983 excavare
1202 1939 1300 1984 fecit
1317 1969 1332 1992 ‚

291 1993 335 2036 in
350 2006 435 2050 quo
454 1993 607 2038 deinde
634 1995 799 2052 stpeliri
824 2001 982 2043 curavit
1000 1999 1190 2042 Cadaver
1209 1999 1332 2055 Joan-

292 2051 355 2096 nis
381 2053 562 2109 Baptistae
579 2054 687 2108 Filii,
703 2057 741 2098 in
756 2058 948 2114 pupillari
975 2069 1094 2101 aetate
1117 2057 1292 2102 defuncti
1314 2087 1330 2108 ,

283 2112 334 2166 ,δι
357 2110 411 2154 ab
437 2113 515 2155 hoc
558 2110 663 2156 facto
699 2126 839 2159 ortum
871 2118 1012 2163 habuit
1048 2116 1330 2160 controverfia

287 2170 405 2213 inter
429 2170 558 2213 dictos
588 2174 668 2217 PP.
696 2176 931 2231 Capucinos
958 2204 975 2227 ,
1003 2177 1045 2217 δι
1073 2178 1338 2219 Ρατοεὴυιῃ.»

291 2228 508 2272 Mondavii
527 2258 542 2281 ‚
573 2230 684 2273 intra
713 2232 827 2288 cujus
854 2234 1062 2276 Parochiae
1090 2232 1191 2276 fines
1219 2236 1336 2276 Con-

290 2297 441 2330 ventus
468 2290 772 2344 Capucinorum
809 2289 905 2334 litus
932 2291 990 2334 est
1022 2319 1036 2343 ,
1081 2301 1169 2335 tum
1203 2292 1337 2347 quoad

290 2346 558 2447 ¹sepulturam
583 2374 599 2400 ‚
641 2357 731 2390 tum
765 2349 900 2406 quoad
931 2360 1120 2408 quartam
1157 2353 1336 2395 Funera-

310 2418 376 2447 em
392 2434 405 2447 .

353 2463 587 2520 Loquendo
616 2463 669 2508 de
684 2467 905 2519 Sepultura
932 2497 947 2520 ,
980 2470 1124 2511 Patres
1152 2469 1331 2526 Capuci-

292 2521 335 2564 ni
364 2519 568 2573 afferunt,
599 2537 688 2566 eam
712 2523 825 2569 suill'e
840 2525 982 2570 faustam
1008 2525 1120 2572 aPio
1147 2529 1334 2584 Georgio

286 2592 368 2643 pro
394 2579 463 2634 se,
493 2583 532 2624 &
561 2581 627 2625 sua
657 2584 855 2639 Familia,
887 2586 1037 2629 nedum
1065 2587 1240 2642 ipsorum
1269 2601 1334 2629 ac.

290 2639 473 2683 cedente
491 2641 712 2693 consensu,
742 2643 810 2686 sed
839 2645 962 2687 etiam
991 2646 1137 2700 praevia
1165 2645 1332 2688 licentia

290 2701 424 2798 δεῖτε·
451 2701 799 2758 congregationIs
829 2703 1150 2760 Episcoporum,
1179 2704 1220 2745 δι
1247 2705 1328 2746 Re·

291 2770 343 2813 gu
364 2769 498 2799 artum
513 2773 526 2786 ·

351 2819 595 2860 Sermonem
621 2817 815 2863 faciendo
843 2820 899 2863 de
925 2822 1086 2881 Qarta
1125 2818 1330 2871 funerali‚

291 2871 487 2916 sustinent
530 2875 654 2919 iidem
681 2902 696 2926 2
741 2879 779 2920 se
805 2877 882 2922 effe
916 2889 1125 2936 exemptos
1164 2880 1214 2922 ab
1239 2876 1326 2934 ejus

290 2931 497 2974 solutione
516 2946 529 2975 :
561 2935 694 2989 primo
710 2935 749 2977 in
765 2935 968 2992 sequelam
996 2938 1326 2993 privilegiorum,

289 3005 379 3047 quae
408 2989 430 3032 ἃ
448 2992 622 3039 Summis
645 2993 910 3037 Pontificibus
928 2995 1110 3039 concessa
1139 2995 1224 3038 sunt
1244 2997 1328 3038 Re·

291 3049 440 3106 ligioni
458 3053 496 3093 S.
515 3049 715 3094 Francisci
731 3080 746 3103 ,
766 3051 880 3109 cujus
915 3052 982 3107 ipsi
1020 3053 1108 3096 sunt
1129 3054 1217 3096 Filii
1236 3052 1326 3109 jux·

290 3118 335 3150 ta
377 3108 535 3151 Bullam
574 3121 644 3159 54.
684 3111 840 3153 Summi
885 3110 1094 3154 Pontificis
1131 3111 1244 3155 Pauli
1272 3113 1324 3154 V.

294 3166 450 3210 Bullar.
478 3178 578 3210 tom.
607 3183 648 3222 3.
677 3167 716 3209 in
771 3183 847 3216 ua,
880 3170 1029 3225 praevio
1053 3168 1170 3226 hujus
1194 3174 1325 3215 Sacra

290 3227 634 3281 congregationis
660 3241 737 3270 con
756 3228 830 3271 ilio
853 3256 869 3278 ,
899 3227 1088 3271 decrevit
1115 3256 1129 3278 ,
1160 3226 1325 3270 eosdem

289 3282 371 3328 effe
398 3286 497 3328 vere
525 3287 687 3328 Fratres
715 3286 896 3330 Minores
933 3287 1069 3330 saneti
1098 3283 1323 3338 francisci,

291 3341 464 3443 R'usque
494 3346 644 3396 Filios,
676 3346 715 3387 δι
741 3360 884 3388 eorum
899 3344 1220 3388 Constitutiones
1245 3342 1325 3388 else

338 3403 472 3456 egulae
490 3407 530 3448 S.
556 3405 753 3447 Francisci
779 3403 1068 3446 consentaneas
1088 3417 1103 3447 t
1130 3402 1325 3447 &secun-

290 3458 351 3502 do
373 3460 415 3503 in
442 3461 647 3520 sequelam
678 3464 961 3506 nonnullarum
979 3461 1327 3506 Resolutionum

293 3516 414 3573 hujus
433 3520 615 3577 ejusdem
643 3524 684 3565 S.
711 3521 1080 3577 Congregationis‚
1111 3522 1149 3563 δι
1171 3520 1324 3574 lignan-

292 3584 361 3617 ter
383 3577 452 3621 die
479 3593 548 3624 21.
580 3581 678 3624 Maii
713 3582 836 3633 1678.
871 3582 930 3623 uti
962 3579 1134 3622 liabetur
1166 3578 1239 3622 lib.
1258 3590 1326 3635 30.

290 3635 554 3681 neco-noru-
577 3650 674 3696 pag.
690 3641 759 3692 7⁶·
779 3668 792 3692 ,
823 3640 872 3689 <5
889 3650 982 3696 pag.
1000 3641 1068 3681 82.

351 3694 565 3741 Adversus
589 3700 671 3743 haec
689 3727 704 3751 ,
736 3701 942 3742 parochus
963 3697 1113 3751 excipit
1135 3695 1327 3739 obstare-a

289 3753 618 3799 Constitutionea
648 3757 878 3814 Religionis
903 3757 1126 3800 humationi
1152 3754 1326 3797 cadave-

412 3814 516 3856 Tom.
531 3816 587 3857 11.

2202 203 2372 290 217

1391 355 1644 413 gregationis
1661 353 1794 411 Episc.
1812 382 1827 406 ‚
1844 355 1884 395 δι
1903 354 2048 407 Regul.
2068 358 2229 398 licentia
2247 357 2285 399 in
2300 357 2432 412 hypo-

1397 419 1492 458 theu
1509 413 1690 471 praesenti
1708 442 1722 465 ‚
1746 413 1933 455 Patribus
1949 410 2149 467 suffragari
2171 429 2248 457 non
2269 414 2400 471 potest
2414 444 2430 468 ,

1396 485 1569 530 petente
1584 473 1738 516 etenim
1752 473 1825 522 Pio
1834 469 2018 525 Georgio
2029 469 2264 513 facultatem
2281 473 2432 516 facien-

1397 532 1439 575 di
1465 531 1723 587 sepulchrum
1753 531 1791 572 in
1808 541 1951 572 eorum
1965 526 2139 570 Ecclesia
2161 542 2235 581 pro
2250 530 2286 572 se
2301 560 2315 582 ,
2344 531 2432 575 sua.

1397 604 1476 646 que
1492 589 1658 634 Familia
1670 617 1685 639 ,
1712 590 1752 630 &
1766 587 1988 631 insinuante
2003 588 2274 629 Procuratore
2288 592 2432 632 Gene-

1396 647 1473 690 rali
1497 676 1513 700 ,
1544 647 1654 703 quod
1681 646 1719 689 id
1748 643 2034 690 tantummodo
2068 643 2235 687 concedi
2271 657 2432 699 poterat

1394 705 1463 763 ipfi
1488 731 1504 754 ‚
1544 704 1611 747 sed
1638 719 1718 748 non
1744 705 1831 760 ejus
1857 702 2034 749 Familia:
2058 730 2073 755 ,
2103 705 2221 746 Sacra
2250 706 2434 758 Congre-

1394 763 1506 820 gatio
1533 762 1602 806 die
1625 764 1935 821 19.Juliir715.
1968 760 2177 818 respondit
2202 789 2218 812 ‚
2259 760 2434 804 arbitrio

1395 821 1652 867 Provincialis
1668 852 1684 874 ,
1715 823 1768 873 ὰ
1798 821 2057 879 Defi'nieorii:
2087 819 2196 877 quod
2228 820 2433 867 Parochus

1396 878 1615 939 praetendit
1639 881 1864 937 importare
1887 879 2173 923 tantummodo
2191 875 2433 923 facultatem

1393 940 1599 998 sepulchri
1623 954 1699 996 pro
1715 939 1899 995 Georgio
1914 969 1929 991 ,
1962 938 2031 981 sed
2061 952 2139 981 non
2166 950 2240 994 pro
2255 935 2343 989 eius
2360 940 2434 990 Fa·

1392 1000 1503 1042 milia
1532 1027 1547 1051 ‚
1578 1013 1631 1042 ne
1653 998 1817 1042 dicatur
1843 998 2057 1042 arbitrium
2083 996 2330 1041 Provinciali
2351 1025 2365 1048 ,
2393 999 2433 1039 &

1393 1057 1644 1102 Definitorio
1671 1057 1785 1103 fuisse
1810 1054 2041 1102 conceffum
2067 1053 2291 1114 derogandi
2317 1057 2435 1106 Con·⁴

1395 1116 1673 1160 stitutionibus
1690 1116 1921 1172 Religionis
1936 1146 1947 1158 .

1453 1176 1586 1218 Addit
1604 1177 1642 1219 in
1655 1191 1706 1220 eo
1719 1204 1733 1228 ,
1747 1175 1859 1232 quod
1875 1175 2026 1219 attinet
2043 1173 2092 1217 ad
2108 1174 2312 1232 Qartam
2327 1185 2436 1224 ‚nnn

1395 1233 1502 1292 posse
1536 1235 1616 1278 PP.
1633 1236 1866 1292 Capucinos
1894 1233 2116 1285 sustinere,
2137 1234 2178 1274 se
2192 1228 2273 1274 ell'e
2300 1233 2350 1274 ab
2370 1245 2435 1274 ea.

1394 1295 1488 1337 dem
1523 1306 1737 1351 exemptos
1758 1323 1772 1344 ,
1811 1307 1903 1336 cum
1926 1292 2131 1350 proprium
2158 1291 2435 1347 exemptionis

1397 1352 1657 1409 privilegium
1684 1367 1762 1395 non
1787 1351 1954 1396 afferant
1977 1381 1990 1403 ‚
2014 1350 2212 1394 munitum
2245 1348 2437 1406 exprestff

1392 1414 1664 1468 derogatione
1683 1412 1935 1456 Clememinae
1960 1410 2103 1452 dudum
2126 1409 2171 1451 de
2188 1408 2435 1467 sepulchris,

1392 1471 1560 1529 quando
1573 1472 1612 1514 in
1629 1473 1798 1513 materia
1811 1501 1827 1523 ,
1858 1470 1913 1512 de
1927 1484 2005 1525 qua
2018 1483 2125 1511 nunc
2138 1469 2297 1524 agitur,
2316 1483 2433 1511 com-

1392 1530 1612 1575 municatio
1642 1529 1948 1586 privilegiorum
1979 1542 2056 1570 non
2075 1526 2313 1581 suffragatur
2328 1541 2434 1580 ,nec

1391 1590 1549 1647 pariter
1568 1587 1806 1645 suffragatur
1828 1587 2036 1642 proprium
2053 1585 2314 1643 prIvilegium
2328 1615 2341 1638 ‚
2358 1586 2437 1628 de-

1390 1649 1577 1691 stitutum
1601 1649 1784 1705 praedieta
1807 1646 2106 1702 derogatione,
2135 1646 2195 1687 uti
2213 1645 2435 1691 resolutum

1400 1708 1473 1749 suit
1490 1709 1540 1749 ab
1556 1709 1628 1751 hac
1649 1710 1690 1749 S.
1705 1706 2039 1762 Congregatione
2054 1704 2098 1745 in
2115 1703 2247 1762 Asten.
2265 1706 2435 1758 'jurium

1402 1765 1690 1808 Parochiale‘um
1705 1778 1772 1814 27.
1790 1768 1892 1807 Nov.
1912 1776 2030 1818 ¹7¹7·
2047 1792 2063 1815 ,
2094 1762 2149 1813 ό*
2178 1777 2239 1807 12.
2256 1763 2438 1808 Februa-

1391 1828 1450 1866 rii
1473 1827 1593 1875 1718.
1625 1823 1819 1880 quodque
1839 1823 2059 1866 notabilius
2080 1822 2167 1873 est,
2197 1837 2296 1865 curn
2324 1823 2438 1878 idem

1393 1885 1598 1926 Parochus
1614 1880 1757 1927 afferat
1769 1912 1784 1935 ,
1808 1881 1846 1926 se
1860 1881 1940 1925 effe
1957 1883 1996 1923 in
2012 1882 2251 1924 centenaria
2268 1911 2282 1934 ‚
2301 1882 2342 1923 &
2362 1883 2438 1923 im·

1394 1942 1649 1986 memorabili
1682 1941 1938 1985 observantia
1972 1941 2164 1996 exigendi
2192 1943 2435 2000 Qartanu

1394 2001 1637 2042 Funeralem
1662 1999 1685 2042 a
1713 2001 1896 2043 Patribus
1923 2000 2150 2042 Minoribus
2164 2003 2436 2044 Conventua-

1394 2059 1499 2101 libus
1532 2062 1572 2102 S.
1589 2058 1818 2105 francisci,
1843 2057 2098 2101 observantia
2128 2060 2209 2100 haec
2240 2058 2261 2100 ἃ
2288 2055 2435 2099 fortio-

1391 2119 1423 2160 ri
1446 2116 1619 2160 dicenda
1633 2116 1713 2159 erit
1743 2116 1920 2160 militare
1946 2115 2141 2158 adversus
2156 2118 2234 2160 ΡΡ.
2251 2116 2434 2172 Capuci-

1396 2191 1473 2222 nos
1487 2203 1499 2217 0

1456 2234 1639 2278 Tandem
1658 2235 1866 2279 Parochus
1880 2233 2088 2288 distinguit
2107 2233 2214 2277 inter
2227 2235 2432 2293 Qartam

1398 2294 1642 2336 Funeralem
1656 2320 1671 2342 ‚
1702 2296 1739 2336 δι
1755 2297 1962 2363 Qartam
1978 2293 2207 2348 Sepultura.-
2223 2321 2238 2344 ‚
2264 2294 2304 2334 &
2330 2293 2432 2335 con'-

1394 2352 1528 2394 tendit
1546 2381 1560 2404 ,
1583 2352 1695 2410 quod
1717 2382 1731 2404 ,
1760 2354 1915 2397 etiamsi
1947 2354 2091 2395 Patres
2119 2351 2322 2408 Capucini
2349 2351 2435 2393 diei

1393 2410 1545 2467 pollent
1565 2413 1744 2467 exempti
1761 2410 2435 2473 §.QartaFuneraliummunquam

1391 2480 1526 2512 tamen
1543 2470 1702 2513 inducta
1731 2473 1813 2514 dici
1839 2469 1966 2526 poffet
1994 2470 2204 2525 exemptio
2235 2470 2435 2528 §Qart'a

1394 2529 1740 2585 Sepulturae‚cum
1760 2531 1782 2571 h
1812 2544 1832 2571 c
1849 2529 1894 2572 sit
1912 2528 1976 2570 illa
1995 2529 2129 2583 portio
2143 2531 2429 2584 pecuniamque

1393 2586 1563 2631 solvitur
1592 2589 1642 2632 ab
1672 2544 1894 2632 haeredibus
1922 2585 2113 2628 Defisneti
2134 2592 2300 2642 proprio
2320 2586 2428 2642 ejus-

1390 2647 1487 2687 dem
1518 2647 1702 2688 Parocho
1726 2672 1741 2695 ‚
1768 2642 1961 2698 cujusque
1992 2643 2199 2698 exemptio
2226 2656 2307 2684 non
2337 2656 2429 2685 ten·

1390 2702 1452 2745 dit
1477 2704 1518 2744 in
1539 2699 1786 2744 Beneficium
1813 2700 2082 2742 Ecclefiarum
2107 2701 2396 2743 tumulantium
2413 2728 2428 2751 ‚

1393 2759 1460 2801 sed
1487 2760 1525 2800 in
1549 2758 1807 2802 commodum
1828 2758 2112 2816 praediGOrum
2130 2756 2318 2802 Defuncti
2335 2760 2429 2809 Hoe·

1391 2817 1534 2862 redum
1561 2845 1574 2860 .

1388 2935 1460 2980 Hir
1470 2932 1676 2976 Stanthus
1690 2960 1705 2984 ,
1719 2932 1991 2990 dignabuntur
2010 2937 2042 2979 Ε
2045 2937 2090 2977 Ε.
2114 2935 2189 2979 W.
2202 2901 2425 2977 decernere.

1445 3054 1478 3093 1.
1511 3052 1576 3092 An
1588 3049 1728 3092 eremo
1745 3050 1965 3103 Sepultura?
1979 3049 2230 3109 fiestineatur
2240 3061 2316 3109 pro
2336 3055 2422 3094 Per-

1371 3110 1478 3169 fina
1504 3108 1660 3151 tantam
1686 3111 1747 3151 Pii
1774 3109 1964 3166 Georgii,
1986 3111 2050 3152 vel
2070 3116 2205 3166 potius
2233 3121 2309 3165 pro
2331 3120 2420 3151 tota

1384 3169 1464 3229 ejus
1486 3170 1657 3269 Fgmma
1678 3168 1721 3209 in
1751 3167 1842 3226 costa
1869 3170 1954 3219 ἀει.
1972 3197 1988 3224 ,
2018 3169 2072 3219 ὠ·
2096 3179 2285 3226 quatenus
2309 3167 2420 3223 affir-

1385 3231 1511 3271 mativ
1546 3252 1561 3274 ‚
2404 3236 2409 3243 ⁴

1442 3288 1501 3329 11.
1532 3288 1597 3328 An
1609 3282 1796 3329 debeatur
1809 3288 1974 3344 Quarta
1997 3285 2204 3331 Funeralr‘r
2228 3288 2272 3326 tn
2293 3283 2415 3341 easta?

1441 3347 1548 3388 Cum
1564 3354 1701 3386 autem
1716 3344 1756 3387 in
1766 3346 2102 3401 congregatione
2119 3344 2253 3385 habita
2269 3342 2339 3386 die
2356 3357 2418 3399 ιζ.

1385 3401 1551 3459 Augusti
1586 3405 1705 3453 ¹7¹8·
1749 3403 1857 3446 nulla
1885 3414 2002 3459 capta
2034 3401 2156 3445 suerit
2190 3399 2416 3455 resolutio,

1385 3460 1451 3505 sed
1478 3462 1682 3504 duntaxat·
1707 3459 1966 3516 responsum:
1998 3460 2124 3502 dilata
2146 3460 2189 3500 in
2213 3459 2384 3502 omnibus
2399 3492 2415 3512 ‚

1385 3520 1434 3568 ὸ·
1446 3519 1724 3576 coadjuvemur
1730 3522 2003 3576 probationem
2033 3517 2282 3574 repropofita
2293 3520 2415 3562 causa

1387 3580 1428 3620 in
1458 3577 1793 3633 congregatione
1828 3579 1965 3621 habita
1994 3575 2062 3619 die
2091 3591 2135 3627 9.
2161 3579 2259 3621 Maii
2293 3591 2416 3635 ¹7¹9·
2468 3588 2473 3594 ·

1388 3633 1464 3678 fuit
1492 3634 1700 3678 decisumt

1447 3694 1509 3737 Aa
1541 3694 1712 3735 Primum
1737 3691 1945 3747 negative,
1977 3694 2108 3748 quoad
2119 3695 2296 3750 primam
2314 3704 2415 3751 par·

1386 3762 1464 3796 tem
1478 3780 1491 3804 ,
1521 3750 1757 3807 affirmative
1786 3751 2166 3809 quoadsecundam.

1753 3810 1786 3851 E
1808 3821 1832 3850 e
2302 3810 2366 3853 Ad
