2774 4068
396 185 567 245 122

327 276 507 320 &ionem
519 302 531 314 .
554 270 751 316 Debitum
766 270 981 316 Pastoralis
994 269 1132 316 officii.
1149 271 1373 329 Rest'duum,

326 335 509 395 utstaepra
525 361 537 373 .

390 397 501 436 Cum
535 400 672 433 autem
696 420 710 443 ‚
750 390 849 434 ficut
876 389 1109 439 Christina,
1140 392 1179 433 δε
1203 391 1370 433 Beatrix

326 452 524 510 praedhftae
552 451 683 494 Nobis
712 465 842 507 nuper
859 450 1004 506 exponi
1028 448 1213 495 fecerunt
1231 478 1244 501 ,
1272 449 1367 492 dicti

327 510 699 556 Confraternitatis
723 508 964 553 Confratres
996 509 1086 552 aliis
1113 510 1272 566 piorum
1307 509 1368 552 le-

326 580 519 628 gatorum
544 569 738 613 oneribus
757 569 814 612 ita
840 571 999 625 gravati
1025 569 1218 620 existant,
1254 578 1299 611 ut
1317 567 1368 611 ad

326 629 570 673 earumdem
609 629 854 673 Monialium
897 627 1195 671 neceffitatibus
1226 626 1370 671 subve-

326 689 529 735 niendum
557 687 638 731 sese
670 688 839 744 amplius
878 687 1014 730 valide
1047 688 1223 745 obligari
1250 701 1365 730 non-2

325 747 502 807 possint,
532 749 815 803 distarumque
846 747 1087 791 Monialium
1122 746 1367 802 elemosynae

327 807 526 858 dotales,
553 808 594 849 in
624 807 812 862 psaediaesta
838 808 1026 849 Civitate
1043 836 1056 859 ‚
1088 822 1175 864 quae
1199 820 1366 850 annonae

325 866 448 922 copia
463 865 674 917 abundat,
687 864 779 909 satis
794 880 937 920 graves
953 867 1214 922 reperiantur
1227 896 1243 917 ‚
1275 878 1368 908 cum

326 925 505 971 aliorum
528 937 702 981 quatuor
730 924 911 981 'ejusdem
940 925 1134 968 Civitatis
1162 924 1367 967 Monaste-

325 985 485 1029 riorum
498 1013 512 1035 ‚
527 998 603 1026 non
622 985 678 1027 ita
695 985 834 1027 stricke
847 983 1107 1028 observantia:
1121 983 1370 1026 Monialium

326 1042 573 1098 elemosynae
600 1043 760 1086 dotales
775 1043 968 1085 summam
990 1043 1266 1088 ducentorum
1282 1040 1372 1085 scu-

327 1114 471 1145 torum
499 1101 724 1158 hujusmodi
742 1116 821 1145 non
839 1102 1046 1145 excedant
1063 1130 1077 1152 ‚
1104 1116 1149 1144 ac
1172 1102 1373 1158 primodi-

325 1163 435 1204 c‘tum
454 1161 746 1204 Monasterium
762 1161 947 1205 redditus
962 1175 1113 1203 annuos
1132 1188 1146 1211 ‚
1178 1161 1303 1217 usque
1319 1159 1372 1203 ad

327 1220 528 1264 summam
548 1220 828 1263 ducentorum
844 1249 857 1271 ‚
879 1222 920 1262 δε
936 1219 1146 1275 sexaginta
1162 1249 1177 1272 ‚
1201 1219 1268 1262 vel
1291 1219 1375 1263 cir-

331 1281 440 1322 citer
467 1279 672 1321 scutorum
696 1278 922 1333 hujusmodi
948 1294 999 1323 ex
1015 1280 1181 1322 Piorum
1199 1279 1373 1322 Christi-

327 1337 522 1381 fidelium
548 1337 792 1392 elemosynis
813 1337 1038 1395 poffideat,
1069 1339 1111 1380 in
1138 1338 1374 1395 eodemque

322 1396 575 1440 Monasterio
591 1396 812 1439 duodecim
837 1397 885 1440 ad
905 1396 1071 1454 praesens
1088 1398 1290 1441 Moniales
1306 1412 1372 1440 re-

322 1458 545 1514 periantur
559 1483 572 1505 ‚
590 1456 722 1497 Nobis
737 1467 956 1512 propterea
971 1457 1202 1507 Christina‚
1214 1458 1252 1498 &
1268 1459 1368 1500 Bea-

320 1514 410 1558 trix‘
434 1514 632 1570 praeditstae
660 1515 875 1558 humiliter
897 1512 1110 1571 supplicari
1141 1514 1334 1560 fecerunt
1352 1545 1367 1568 ‚

322 1583 368 1616 ut
397 1571 518 1628 super
543 1573 743 1627 praemiffis
770 1574 1003 1631 opportune
1027 1575 1278 1630 providere,
1309 1574 1367 1618 de

318 1631 583 1687 Benignitate
599 1633 836 1686 Apostolica
859 1634 1144 1689 dignaremur.
1181 1638 1270 1678 Nos
1288 1634 1366 1691 igi-

318 1703 389 1734 tur
414 1691 489 1748 piis
505 1691 730 1733 earundem
743 1693 984 1745 Christinae‚
1015 1694 1052 1736 &
1068 1694 1268 1737 Beatricis
1290 1693 1367 1736 de-

316 1750 479 1794 sideriis
505 1749 544 1792 in
576 1750 807 1803 praemissis,
840 1762 1040 1808 quantum
1069 1767 1165 1796 cum
1183 1752 1365 1795 Domino

315 1807 516 1865 possumus
531 1838 545 1861 ‚
576 1809 754 1865 benigne
769 1825 980 1863 annuere,
1011 1811 1192 1869 ipsasque
1207 1811 1364 1868 specia-

315 1868 424 1911 libus
450 1865 657 1911 favoribus
673 1898 687 1920 ‚
718 1871 757 1911 &
783 1871 924 1925 gratiis
940 1870 1128 1927 prosequi
1147 1871 1367 1919 volentes5

315 1927 358 1971 δὲ
379 1941 521 1969 earum
549 1927 776 1983 quamlibet
800 1930 821 1971 a
847 1929 1056 1986 quibusvis
1081 1931 1364 1975 excommuni-

315 1986 491 2029 cationis
506 1988 583 2028 &c.
608 1987 649 2030 &
671 1986 893 2030 absolutam
916 1989 1004 2032 fore
1018 1989 1255 2037 censentes,
1283 1991 1363 2032 hu-

313 2044 493 2103 jusinodi
521 2044 880 2101 supplicationibus
907 2047 1120 2098 inclinati,
1150 2048 1360 2092 Fraterni-

315 2104 396 2147 tati
414 2105 509 2146 Tuae
524 2117 599 2158 per
614 2106 830 2160 praesentes
849 2107 1141 2149 committimus
1156 2137 1172 2159 ,
1192 2111 1232 2150 &
1245 2122 1359 2150 man-

312 2163 457 2206 damus
472 2191 487 2213 ,
521 2173 566 2204 ut
592 2163 767 2206 constito
784 2165 879 2207 Tibi
901 2164 1087 2222 legitime
1111 2167 1165 2212 de
1190 2165 1364 2223 praemis-

312 2224 360 2266 fis
378 2251 393 2273 ,
425 2219 676 2264 Confratres
704 2222 916 2279 praedic'tos
947 2225 997 2267 ab
1025 2225 1280 2280 obligatione
1310 2225 1365 2268 de

312 2280 594 2324 subveniendo
620 2283 864 2326 Monialium
891 2285 989 2325 novi
1015 2283 1243 2341 hujufinodi
1273 2288 1367 2328 Mo-

311 2338 477 2383 nasterii
504 2338 810 2385 neccffitatibus
828 2371 842 2394 ‚
865 2344 1110 2386 austeritate
1138 2345 1268 2388 nostra
1298 2345 1365 2386 ab·-

310 2397 446 2441 solvas
462 2426 476 2449 ,
501 2398 543 2441 &
566 2397 749 2448 liberes,
781 2401 930 2455 eosque
944 2401 993 2443 ad
1018 2402 1248 2457 hujusmodi
1273 2405 1365 2446 sub-

313 2457 565 2503 ventionem
591 2456 646 2498 de
675 2467 827 2500 caetero
841 2461 1006 2502 minime
1034 2464 1170 2504 teneri
1190 2461 1363 2519 ‚eadem

318 2515 575 2558 auctoritate
598 2515 797 2558 decernas
813 2544 827 2565 a
858 2520 898 2563 &
924 2518 1113 2562 declares
1137 2550 1147 2561 .
1187 2519 1361 2576 Insuper

311 2574 413 2620 novi
444 2573 671 2630 hujusmodi
693 2577 931 2619 Monasterii
947 2579 1187 2622 Monialium
1211 2593 1360 2622 nume-

311 2645 409 2676 rum
425 2632 477 2674 ad
503 2644 571 2681 25·
587 2633 814 2685 duntaxat,
842 2649 1010 2691 quarum
1026 2638 1218 2694 quaelibet
1234 2669 1251 2690 ‚
1276 2653 1362 2694 quoe

311 2691 368 2735 de
398 2701 548 2734 caetero
570 2692 720 2734 dietum
738 2695 1030 2738 Monailerium
1047 2696 1239 2752 ingredi,
1268 2698 1362 2740 &in

311 2765 366 2795 eo
382 2751 584 2794 Ordinem
609 2752 842 2806 praedietum
857 2753 1044 2808 profiteri
1061 2755 1245 2800 voluerit
1262 2756 1364 2808 ,du-

312 2820 438 2854 centa
469 2812 579 2853 scuta
608 2809 839 2867 hujusmodi
869 2827 946 2869 pro
970 2814 1207 2872 elemosyna
1229 2815 1363 2859 dotali

310 2870 414 2913 dare
430 2898 443 2919 ‚
475 2871 515 2911 δε
543 2871 779 2924 persolvere
796 2871 979 2926 debeat,
1009 2875 1158 2918 &cum
1172 2877 1250 2919 hoc
1268 2905 1284 2927 ,
1315 2884 1363 2918 ut

308 2931 352 2971 in
378 2927 489 2970 dieto
509 2928 760 2971 Monasterio
786 2931 899 2974 nulla
918 2933 1108 2976 Monialis
1126 2962 1141 2984 ‚
1173 2934 1239 2977 nisi
1262 2948 1363 2978 eve-

305 2987 455 3032 niente
491 2987 606 3029 obitu
641 2987 815 3046 alicujus
840 3005 891 3035 ex
918 2992 1249 3051 vigintiquinque
1269 2996 1363 3037 Mo-

304 3045 490 3091 nialibus
519 3046 752 3103 hujusmodi
780 3051 908 3106 recipi
934 3051 1080 3108 poffit,
1112 3054 1361 3097 auctoritate

305 3106 496 3161 praedifia
514 3119 689 3162 augeas,
716 3107 954 3167 distumque
972 3113 1360 3169 vigintiquinque-³

305 3164 554 3208 Monialium
565 3179 780 3209 numerum
794 3168 834 3210 in
849 3168 994 3213 eodem
1007 3172 1254 3216 Monasterio
1267 3186 1361 3216 con·-

305 3223 446 3267 stituas
464 3252 478 3274 ‚
513 3235 671 3266 necnon
690 3238 766 3280 pro
785 3228 884 3269 novi
903 3230 1137 3274 Monasterii
1153 3230 1360 3288 hujusmo-

306 3283 381 3333 di,
413 3282 580 3338 ejusque
596 3283 848 3328 Monialium
869 3290 1065 3343 prospera
1098 3290 1330 3334 directione
1345 3321 1361 3342 ,

305 3343 344 3383 δε
371 3340 485 3384 felici
500 3342 727 3397 regimine,
756 3344 852 3388 duas
876 3359 928 3388 ex
943 3349 1192 3393 Monialibus
1212 3353 1358 3393 Mona-

306 3400 418 3441 sterii
440 3401 610 3445 Peruliae
632 3401 816 3459 ejusdem
843 3404 1015 3447 Ordinis
1031 3436 1045 3458 ‚
1074 3406 1229 3454 servati
1258 3409 1358 3451 alias

308 3459 592 3513 praedictarum
608 3459 821 3506 literarum
839 3461 972 3507 formai
988 3470 1184 3511 extrahas
1197 3495 1212 3518 ,
1242 3468 1285 3509 ὅτ.
1306 3469 1358 3511 ad

307 3530 460 3559 novum
475 3518 700 3574 hujusmodi
712 3521 1004 3567 Monasterium
1020 3525 1358 3584 transferasfflre-

307 3585 431 3641 terea.
453 3579 588 3619 eidem
604 3581 782 3624 Beatrici
799 3610 813 3633 ,
842 3592 886 3625 ut
903 3611 917 3634 ,
948 3585 1080 3639 quoad
1109 3586 1288 3638 vixerit,
1313 3589 1355 3629 in

306 3632 500 3701 praedia-0
516 3638 759 3684 Monasterio
777 3642 818 3685 in
845 3642 986 3685 habitu
1005 3642 1181 3689 saeculari
1197 3660 1358 3702 perma-

303 3692 431 3738 nendi
457 3693 695 3758 licentiam,
717 3702 965 3745 auctoritate
988 3705 1175 3759 praediGta
1202 3718 1355 3750 conce-

304 3752 375 3799 das
401 3780 418 3806 ‚
454 3753 514 3797 his
540 3753 741 3803 videlicet
769 3759 928 3820 legibus
945 3788 960 3814 2
992 3764 1102 3824 quod
1129 3764 1234 3810 dicta
1250 3767 1355 3812 Bea-

1202 153 1741 243 Provincia

1434 274 1516 317 trix
1543 271 1681 315 habitu
1707 270 1905 327 cultuque
1930 275 2068 313 utatur
2097 266 2281 311 modesto
2303 298 2318 322 ,
2352 271 2471 314 locu-

1435 332 1560 379 torii,
1582 332 1623 373 ἃ
1642 328 1837 375 clausurae
1858 331 1972 387 leges
1996 329 2114 372 instar
2131 327 2372 372 Monialium
2388 332 2470 374 ser-

1431 401 1530 443 vet,
1559 392 1600 434 &
1623 392 1650 433 ss
1680 389 1804 433 semel
1829 388 1854 432 ὃ
1883 392 1991 432 disto
2008 387 2259 432 Monasterio
2283 388 2466 443 exierit,

1428 452 1469 494 in
1496 450 1599 494 illud
1626 450 1799 506 amplius
1829 449 1985 493 reverti
2013 462 2094 492 non
2121 446 2266 504 poffit,
2297 448 2367 491 nisi
2394 449 2464 492 ubi

1428 511 1627 563 Habitum
1642 508 1923 552 monachalem
1941 507 2137 563 suscipere
2154 508 2347 550 voluerit.
2369 511 2468 551 Non
2488 536 2498 541 >-

1428 569 1679 615 obstantibus
1706 566 1934 624 praemissiS,
1964 580 2126 609 necnon
2143 568 2330 611 omnibus
2358 566 2470 617 illis,

1430 644 1517 687 quae
1542 629 1582 671 in
1603 626 1842 687 praeinsertis
1870 626 2006 669 literis
2033 625 2260 682 hujusmodi
2282 625 2470 670 conceffa

1431 690 1522 733 sunt
1539 702 1618 731 non
1644 687 1803 731 obstare
1832 714 1845 738 ‚
1875 682 2114 739 caeterisque
2135 688 2356 729 contrariis
2378 687 2472 744 qui-

1425 749 1686 804 buscunque.
1720 748 1875 788 Datum
1901 746 2043 787 Romae
2064 742 2174 800 apud
2199 746 2240 787 S.
2258 747 2469 790 Mariam-a

1428 807 1628 866 Majorem
1666 805 1734 849 sub
1765 805 1929 847 Annulo
1962 799 2180 846 Piscatoris
2203 828 2218 852 2
2256 805 2336 848 Die
2364 820 2415 848 xx
2428 820 2470 849 v.

1428 866 1527 923 Maij
1555 879 1763 911 mncxxu.
1796 861 2064 909 Pontificatus
2092 860 2232 906 Nostri
2258 866 2384 909 Anno
2409 863 2472 907 se-

1428 925 1564 971 cundo
1577 955 1590 968 .

1866 1044 1907 1086 S.
1923 1041 2053 1087 Card.
2082 1041 2124 1084 S.
2141 1038 2329 1085 Susannae
2343 1070 2358 1084 .

1493 1165 1619 1207 Breve
1633 1162 1864 1224 formatum
1889 1160 1934 1203 in
1951 1160 2125 1206 Archivo
2139 1158 2400 1205 Monialium.

2019 1299 2470 1318 ——Offfl

1433 1416 1675 1484 Capellam
1713 1418 1761 1466 S.
1778 1413 1989 1465 Severini
2017 1413 2064 1461 in
2096 1414 2203 1462 loco
2236 1408 2470 1479 Hispelli,

1496 1483 1731 1555 suppressd
1759 1484 1997 1536 Saecularis
2016 1480 2227 1533 Ecclcfiae
2252 1480 2437 1531 effcntis'l
2455 1515 2474 1538 ,
2502 1526 2546 1564 *-

1495 1556 1546 1610 ἃ
1577 1559 1720 1607 titulo
1751 1591 1768 1616 ‚
1808 1554 2046 1605 Fratribus
2078 1571 2188 1602 cum
2223 1555 2360 1602 Sacra
2400 1551 2505 1619 stt-3·

1495 1628 1723 1698 pellerfflle
1740 1662 1758 1686 ,
1785 1624 1835 1679 <St
1857 1623 2168 1690 adjacentibus
2197 1627 2482 1676 Domuncuv·

1493 1702 1549 1750 lis
1577 1716 1664 1767 pro
1690 1715 1812 1750 nova
1839 1714 2004 1747 eorum
2030 1694 2311 1745 habitatione
2330 1690 2476 1743 confi«

1493 1772 1626 1841 gnari
1647 1789 1662 1830 3
1689 1787 1742 1819 ac
1762 1765 2037 1819 beneficium
2064 1764 2256 1834 fimplex
2275 1801 2291 1824 ,
2307 1767 2474 1833 Capel-

1494 1844 1550 1891 1ae
1567 1859 1794 1891 annexum
1810 1876 1826 1899 ,
1841 1838 1900 1889 ad
1918 1840 2084 1890 Altare
2121 1841 2206 1888 SS.
2227 1839 2471 1902 Hierony-

1490 1914 1589 1971 mi,
1624 1910 1884 1980 &Josephi
1919 1912 1966 1960 in
1996 1906 2199 1960 Ecclefia
2235 1909 2475 1976 Collegia·

1493 1997 1542 2034 ta
1558 2019 1575 2043 ,
1591 1987 1640 2034 S.
1661 1984 1821 2034 Mariae
1837 1984 2030 2047 Majoris
2051 1993 2314 2048 nuncupata
2332 2014 2348 2037 ‚
2362 1995 2470 2028 curn

1489 2053 1704 2105 oneribus
1722 2089 1738 2113 ,
1775 2053 1824 2106 ἃ
1843 2052 2067 2104 fruffibus
2096 2048 2362 2108 transferri,
2389 2050 2474 2101 Vi-

1495 2128 1621 2176 cario
1641 2128 1862 2176 Generali
1879 2127 2131 2195 Spoletano
2145 2121 2405 2172 committit
2420 2155 2435 2169 .

1429 2266 1913 2322 GREGORIUS
1977 2231 2516 2319 1313130οΡυέ

1678 2400 1828 2442 Servus
1852 2399 2078 2441 Servorum
2102 2396 2184 2440 Dei
2202 2424 2215 2437 .

1420 2511 1578 2560 Dileffo
1592 2513 1699 2560 Filio
1720 2512 1872 2559 Vicario
1893 2514 2130 2557 Venerabilis
2155 2512 2322 2556 Fratris
2344 2510 2468 2567 nostri

1482 2576 1661 2634 Epifiopi
1687 2575 1915 2630 spoletani,
1941 2571 1986 2614 in
2011 2569 2330 2628 spiritualibus,
2364 2570 2414 2619 θ’

1563 2632 1845 2690 temporalibus
1868 2633 2087 2676 Gener-ali.
2121 2631 2328 2683 salutem,

1608 2694 1662 2745 ὠ*
1679 2692 1938 2751 Apostolicam
1950 2690 2267 2734 Benedlb't'ionem
2282 2718 2295 2732 .

1537 2815 1576 2856 Χ
1597 2812 1775 2870 injuncto
1789 2810 1921 2853 Nobis
1938 2808 2116 2866 desuper
2128 2807 2371 2866 Apostolicae
2386 2805 2471 2850 ser·

1555 2873 1698 2915 vitutis
1727 2870 1861 2914 officio
1890 2870 1995 2912 votis
2020 2870 2132 2922 illis,
2161 2883 2237 2925 per
2264 2882 2351 2924 quae
2382 2869 2469 2910 Re-

1424 2933 1634 2987 gularium
1650 2931 1838 2974 locorum
1859 2929 2171 2986 quorumlibet,
2205 2942 2253 2972 ac
2268 2926 2470 2971 Persona-

1422 3005 1510 3034 rum
1525 2993 1567 3035 in
1593 2990 1675 3034 illis
1691 3019 1705 3042 ‚
1722 2989 1790 3032 sub
1813 2988 2033 3043 Regularis
2047 2987 2324 3031 Observantiae
2346 2983 2471 3030 disci-.

1421 3050 1530 3107 plina
1544 3050 1747 3095 Altiffimo
1775 3048 2063 3092 famulantium
2090 3046 2286 3105 prospero
2320 3044 2466 3099 statui,

1421 3123 1468 3152 ac
1492 3121 1736 3168 opportunae
1763 3107 2052 3159 subventioni,
2080 3119 2172 3149 cum
2201 3104 2343 3148 Divini
2376 3103 2467 3145 eul-

1421 3167 1486 3214 tus
1517 3181 1738 3225 augmento
1764 3197 1780 3224 2
1819 3181 1865 3211 ac
1891 3165 2234 3211 Christifidclium
2262 3161 2466 3219 spirituali

1421 3229 1701 3274 consolatione
1723 3228 1887 3270 valeant
1905 3225 2127 3270 salubriter
2147 3223 2361 3280 provideri
2381 3250 2394 3272 ,
2419 3220 2468 3286 li·

1422 3290 1572 3332 beuter
1596 3288 1810 3331 annuimus
1826 3314 1840 3337 ‚
1866 3299 1996 3342 eaque
2023 3284 2227 3330 favoribus
2249 3280 2466 3348 prosequi·

1422 3363 1513 3392 mur
1526 3347 1771 3404 opportunis
1787 3375 1800 3398 ‚
1830 3356 1953 3400 prout
1971 3343 2239 3400 conspicimus
2260 3342 2300 3383 in
2318 3342 2464 3381 Domi-

1421 3422 1475 3450 no
1489 3402 1710 3452 sal‘ubriter
1725 3403 1924 3461 expedire
1938 3434 1951 3448 .
1977 3403 2146 3448 Dudum
2164 3397 2359 3456 fiquidem
2375 3412 2464 3439 oni-

1420 3467 1486 3510 nia
1513 3465 1712 3510 beneficia
1743 3461 2026 3510 Ecclesiastica
2050 3460 2155 3517 apud
2182 3458 2334 3504 sedem
2351 3461 2462 3512 Apo-

1420 3526 1599 3569 stolicam
1617 3553 1631 3578 ,
1646 3537 1744 3568 tunc
1765 3521 1949 3567 vacantia
1963 3550 1975 3574 ‚
2006 3523 2044 3563 8(
2068 3522 2107 3563 in
2133 3529 2254 3561 antea
2272 3529 2461 3560 vacatura

1419 3585 1696 3638 collationi,&
1708 3580 1953 3639 dispostioni
1972 3579 2124 3624 Nostrae
2140 3573 2462 3627 reservavimus,

1417 3643 1694 3688 decernentes
1719 3657 1770 3686 cx
1786 3653 1884 3684 tune
1905 3638 2070 3682 irritum
2086 3665 2101 3688 ,
2126 3638 2167 3680 δι
2191 3640 2336 3688 inane,
2353 3636 2375 3678 fi
2401 3636 2462 3678 se-

1412 3716 1486 3748 cus
1513 3703 1635 3761 super
1660 3703 1720 3747 his
1737 3698 2188 3755 ‚dquoquamffiuavis
2220 3696 2462 3742 auctoritate

1414 3763 1600 3811 scienter
1613 3793 1629 3819 ,
1658 3760 1729 3808 vel
1749 3760 1990 3819 ignoranter
2012 3758 2228 3817 contigerit
2247 3755 2460 3860 attgntari.

2339 3829 2405 3863 um
