2710 4108
399 220 569 306 354

468 351 624 397 Duc-&o
651 348 755 396 Filio
776 350 909 394 Nobili
933 351 1018 394 Viro
1049 352 1231 406 Leopoldo

632 410 845 455 Archiduci
872 408 1041 467 Austrin-
1058 439 1070 452 .
1200 439 1202 442 f

327 508 841 588 U'RBANUS
906 532 1150 580 PAPA
1208 532 1359 582 v111.

359 659 512 704 Dileffe
529 657 610 703 Fili
623 687 637 709 ,
654 657 805 702 Nobilis
820 657 907 707 vir,
928 659 1105 700 salutem
1118 684 1132 706 ‚
1165 658 1212 706 θ’
1229 659 1334 714 Apo-

570 718 751 777 stolicam
780 716 1108 760 Benedinionem.

437 833 616 877 Eneficia
635 833 749 877 certe
765 848 842 876 non
858 833 1018 888 perdit,
1045 847 1133 890 quae
1146 831 1182 874 in
1205 834 1354 877 Eccle-

453 894 546 936 siam
575 894 651 936 Dei
678 893 783 935 adeo
807 892 1043 949 frequenter
1073 890 1234 934 confert
1267 897 1354 935 No-

327 956 467 996 bilitas
485 963 582 995 tua:
614 952 752 995 scimus
785 951 975 1006 equidem
999 949 1238 992 Pontificum
1267 953 1354 993 Ro-

329 1025 540 1054 manorum
578 1010 909 1053 Benevolentiam
930 1037 945 1060 ,
988 1010 1028 1050 &
1051 1010 1223 1064 propriae
1253 1023 1354 1052 con·

328 1070 498 1113 scientia:
513 1068 669 1120 solatia,
686 1068 830 1111 uberes
845 1066 865 1108 tl
891 1069 972 1109 Tua
986 1070 1139 1122 pietate
1152 1065 1351 1112 existima-

329 1130 395 1178 ri,
427 1126 598 1170 desensae
624 1127 849 1181 Religionis
878 1123 1025 1167 fruetus
1053 1138 1069 1172 ε,
1109 1129 1166 1167 At
1205 1125 1349 1177 grandi

330 1200 491 1242 quoquc
517 1184 675 1228 foenore
700 1198 820 1239 auges
833 1186 926 1226 Tuae
942 1184 1132 1238 potentiae
1160 1184 1348 1238 praesidia.

329 1249 420 1287 Rex
435 1245 539 1286 enim
555 1256 691 1297 regum
705 1269 718 1290 a
749 1244 813 1298 qui
831 1244 869 1284 in
886 1243 992 1284 libro
1015 1242 1257 1286 aeternitatis
1274 1243 1350 1287 de-

326 1303 461 1347 scribit
489 1303 692 1356 singularia
707 1300 775 1342 ista
791 1303 886 1343 Tuae
903 1301 1128 1356 Religionis
1146 1302 1349 1356 exempla,

325 1362 522 1404 strenuam
562 1358 655 1400 fidei
683 1357 921 1402 orthodoxae
959 1361 1353 1416 propugnantionem

326 1418 658 1462 remunerabitur
687 1417 856 1460 Coelesti
880 1418 1141 1473 Principum
1172 1418 1352 1463 Austrin-

330 1491 419 1521 cam
445 1479 544 1520 vero
573 1478 797 1531 potentiam
825 1477 983 1518 muniet
1009 1476 1260 1532 Angelorum
1289 1492 1360 1520 ex·

328 1536 454 1579 cubiis
472 1565 483 1577 .
515 1537 610 1578 Haec
624 1535 781 1590 praemia
799 1536 892 1577 Tuae
907 1537 1051 1592 pietati
1074 1536 1181 1579 haud
1202 1536 1360 1579 temeri:

1112 1653 1335 1717 ΝΟ

1125 185 1664 272 Provincia

1419 301 1609 358 polliceri
1627 299 1854 353 voluimus,
1883 297 2070 344 statim'ac
2086 297 2365 347 intelleximus
2386 306 2458 350 ad-

1417 374 1468 403 eo
1491 361 1750 413 constanter,
1780 362 1821 402 δι
1850 364 2004 405 acriter
2036 360 2057 404 ἃ
2083 361 2312 403 Nobilitate
2332 365 2452 408 Tum,

1419 430 1713 476 propugnatum
1745 418 1857 461 fuisse
1885 420 2111 464 Catholicae
2140 420 2365 475 Religionis
2391 423 2457 464 di-

1418 478 1643 532 gnitatem,
1673 492 1766 520 cum
1792 478 2010 521 Grisonum
2028 481 2172 535 Legati
2200 493 2330 535 nuper
2353 481 2376 521 i
2393 481 2456 524 Te

1419 536 1651 593 flagitarent
1667 566 1683 588 ,
1699 537 1737 578 in
1751 537 1990 593 quibusdam
2009 538 2238 581 Provinciis
2251 565 2266 589 ,
2282 541 2456 583 auetori-

1419 597 1493 636 tati
1518 607 1593 638 tuae
1619 594 2006 651 subjectis‚impune
2019 598 2262 639 commorari
2289 596 2453 653 posse..-

1421 654 1651 697 haereticam
1666 654 1920 709 impietatem
1935 683 1946 695 .
1961 656 2092 710 Perge
2109 656 2267 698 Nobilis
2285 657 2360 699 Vir
2377 659 2457 700 Pa-

1421 712 1596 755 trocinio
1621 713 1782 768 potenti
1810 712 1971 756 firmare
2001 714 2054 755 ibi
2081 715 2279 757 ditionem
2306 716 2452 768 Petri,

1415 772 1616 825 speramus
1643 781 1781 813 autem
1805 770 1918 822 fore,
1949 781 1994 813 ut
2008 771 2113 815 bene
2140 770 2180 814 se
2209 775 2371 828 penitus
2409 774 2449 816 in

1414 830 1585 872 Rhoetia
1611 830 1757 872 habeat
1773 843 1835 872 res
1851 828 2065 873 Catholica
2080 858 2093 881 ,
2126 829 2150 871 fi
2166 831 2250 886 pios
2277 842 2447 876 conatus

1415 887 1606 943 Religiofi
1632 887 1867 931 Sacerdotis
1896 888 2043 944 Ignatii
2071 890 2270 946 Capucini
2306 890 2451 947 juvare

1415 947 1737 1002 perseveraveris
1767 975 1779 987 .
1826 946 1952 989 Illum
1988 947 2112 1001 igitur
2156 949 2449 993 accuratissime

1412 1004 1739 1048 commendamus
1769 1005 1990 1048 Nobilitati
2018 1014 2120 1056 tuae,
2152 1007 2215 1047 cui
2237 1008 2448 1060 Apostoli-

1411 1076 1500 1104 cam
1518 1063 1848 1106 Benedistionem
1880 1073 2139 1119 peramanter
2161 1065 2446 1121 impertimur.

1409 1123 1563 1163 Datum
1581 1123 1717 1165 Romae
1737 1122 1843 1177 apud
1859 1125 2041 1165 Sanctam
2058 1123 2228 1164 Mariam
2245 1122 2448 1178 Maiorem

1409 1177 1480 1222 sub
1494 1179 1874 1223 AnnuloPiscatoris
1888 1181 1955 1223 die
1975 1181 2183 1223 iii-Martii
2195 1195 2446 1226 mucxxvrn.

1411 1238 1673 1282 Pontificatus
1693 1238 1830 1282 Nostri
1852 1242 1973 1281 Anno
1988 1240 2102 1282 sexto
2117 1267 2128 1279 .

1473 1360 1571 1400 Aut.
1602 1359 1644 1397 in
1675 1355 1793 1399 Arch.
1825 1358 1967 1398 Secret·
1997 1355 2181 1399 Brevium
2196 1357 2365 1416 Apostol.
2392 1363 2443 1406 ad

1523 1415 1740 1529 ἓνίίηείςέες
1782 1417 1877 1469 Reg.
1908 1414 2027 1472 mens-⁸
2055 1415 2104 1463 ὅ
2127 1420 2223 1458 anni
2253 1417 2442 1473 pra-diff.

1557 1488 1576 1515 o
1597 1503 1609 1515 .
1632 1488 1676 1515 ιο
1711 1501 1722 1514 .

1428 1651 1670 1715 ΤΑ.

328 1803 473 1887 VAs
487 1803 663 1841 eleEtionis
678 1801 741 1838 fuit
757 1800 955 1848 inpeditius
967 1803 1003 1839 Ρ.
1016 1802 1168 1847 Ignatius
1193 1802 1212 1837 i
1226 1802 1399 1847 Bergomo
1407 1825 1420 1845 ,
1443 1801 1523 1845 vel,
1548 1801 1571 1837 Γι
1584 1801 1693 1838 mavis
1704 1823 1718 1845 ,
1741 1801 1761 1837 A
1788 1800 1939 1848 Casnigo
1950 1823 1964 1843 ‚
2003 1812 2046 1838 ex
2060 1800 2198 1837 honesto
2220 1801 2443 1844 lmbertorum

445 1855 530 1890 Suu
545 1863 668 1895 ortus,
691 1863 768 1887 cum
781 1851 867 1886 inter
885 1852 1110 1888 Miffionarios
1124 1874 1137 1893 ‚
1161 1862 1250 1896 quos
1272 1851 1458 1888 Provincia
1472 1849 1598 1887 Brixiae
1612 1862 1700 1886 anno
1718 1851 1817 1886 1621.
1838 1849 1881 1884 ad
1899 1850 2060 1886 incultam
2074 1876 2084 1892 ,
2111 1850 2212 1896 spInis
2239 1850 2441 1902 tribulisque

325 1902 510 1938 scatentem
527 1900 673 1937 Rhoetiae
697 1899 830 1934 vineam
852 1901 1065 1945 plantandam
1082 1899 1279 1947 ablegavit,
1294 1898 1391 1935 fuerit
1407 1898 1554 1945 primus.
1584 1898 1651 1936 lvit
1675 1899 1711 1934 &
1739 1898 1891 1945 ignatius
1913 1900 2068 1942 gaudens
2098 1901 2142 1935 ad
2164 1899 2311 1936 laborem
2326 1925 2339 1946 ,
2362 1914 2442 1941 cum

325 1951 425 1998 supra
440 1949 522 1985 alias
536 1949 682 1985 virtutes
694 1972 706 1990 ,
731 1947 837 1983 Zelus
851 1948 1076 1995 propaganda:
1093 1948 1314 1983 Orthodoxae
1329 1947 1420 1983 fidei
1434 1948 1618 1994 principem
1629 1949 1744 1983 locum
1771 1948 1804 1982 in
1819 1949 1895 1992 ejus
1910 1947 2147 1983 vendicaverit
2162 1951 2269 1987 corde
2282 1973 2294 1984 .

426 1998 518 2033 Cum
532 2008 642 2032 autem
667 1996 710 2031 ab
726 1994 868 2030 inimico
891 1996 1026 2031 homine
1039 1995 1182 2031 Zizania
1204 1995 1248 2030 ita
1262 1995 1515 2042 superseminat-i
1540 1995 1732 2032 adverteret
1749 2021 1761 2040 ‚
1787 2006 1823 2031 ut
1849 1994 1979 2032 frustus
2007 1996 2186 2041 Evangelii
2206 1999 2250 2033 ad
2267 1999 2440 2042 Meffem...

326 2057 495 2083 maturare
509 2044 599 2080 haud
619 2046 771 2086 valeret,
797 2042 993 2079 Ecclesiae&
1007 2043 1199 2090 Principum
1216 2043 1401 2088 pra-,sidium
1417 2045 1616 2090 imploravit
1631 2056 1644 2085 ς
1671 2044 1747 2080 hinc
1763 2055 1851 2080 anno
1871 2045 1972 2080 1622.
1989 2045 2206 2085 Romam,ad
2224 2047 2441 2094 Gregorium

331 2096 460 2140 Papam
476 2092 562 2129 XV.
577 2104 665 2128 anno
682 2091 783 2138 1625.
798 2090 940 2127 Parisios
948 2091 1004 2134 ‚ad
1020 2092 1155 2136 Regem
1169 2091 1484 2128 Christianislimum
1495 2118 1503 2132 .
1528 2103 1619 2129 anno
1639 2092 1738 2129 1626.
1750 2095 1886 2129 demum
1905 2092 2066 2135 Romam,
2080 2094 2123 2128 ad
2138 2093 2319 2132 Urbanum
2338 2099 2442 2137 Vm.

323 2143 358 2178 8<
379 2145 479 2185 ¹627·
492 2141 716 2187 OEnipontum
742 2139 786 2175 ad
797 2138 1023 2176 Archiducem
1039 2140 1249 2186 Leopoldum
1265 2163 1277 2183 ,
1291 2145 1323 2176 ἆ
1337 2141 1437 2189 hujus
1453 2140 1547 2178 suasu
1565 2141 1740 2177 Viennam
1754 2141 1796 2177 ad
1813 2140 2089 2185 Augustiffimum
2107 2142 2349 2188 lmperatorem
2365 2149 2441 2185 Fer·

321 2191 508 2228 dinandum
524 2192 568 2227 ll.
593 2188 623 2225 se
635 2188 805 2231 contulit,
829 2188 864 2223 &
881 2188 1068 2232 languentis
1080 2187 1246 2224 Mislionis
1260 2189 1378 2225 statum
1416 2191 1549 2236 potenti
1565 2191 1704 2225 illorum
1722 2189 1838 2225 virtuti
1850 2189 2103 2226 commendavit
2119 2214 2129 2224 .
2155 2193 2284 2231 Omnes
2299 2196 2438 2243 quidem

320 2249 567 2277 concurrerunt
577 2235 612 2273 in
626 2236 806 2279 auxilium,
815 2246 848 2271 at
863 2235 1020 2272 effe&um
1031 2236 1210 2282 impedivit
1223 2237 1411 2285 versipellis
1432 2238 1667 2275 hereticorum
1691 2236 1786 2273 furor
1799 2265 1807 2278 ,
1822 2237 2006 2279 hincffiuas
2017 2240 2237 2277 contumelias
2250 2264 2263 2284 ‚
2286 2245 2440 2290 ignauus

320 2299 385 2335 pro
399 2287 550 2323 Nomine
564 2286 642 2331 Jesu
664 2284 771 2332 passus
783 2282 880 2320 fuerit
895 2283 1072 2332 ?judicatu
1088 2282 1184 2321 facile
1197 2285 1243 2321 est
1256 2285 1307 2323 illi
1323 2311 1335 2330 ,
1345 2287 1404 2334 qui
1419 2288 1510 2324 vires
1523 2286 1594 2322 odii
1610 2295 1730 2323 contra
1745 2285 1874 2326 fidem,
1889 2283 2020 2321 ferociae
2030 2296 2155 2323 nuturre
2171 2291 2258 2325 uniti
2270 2295 2440 2338 agnoscit-

321 2336 410 2385 Q
433 2335 538 2380 magis
563 2345 676 2370 autem
691 2333 849 2369 Haeretici
873 2332 1085 2379 splendorem
1103 2333 1287 2378 lgnatianae
1311 2334 1449 2371 virtutis
1479 2335 1658 2371 obfuscare
1679 2334 1872 2371 nitebantur
1893 2357 1907 2377 ,
1940 2334 1984 2371 εὸ
2004 2333 2124 2371 altiore
2147 2337 2289 2376 eminuit
2314 2343 2410 2380 radio
2425 2367 2438 2379 .

319 2396 397 2421 nam
410 2385 492 2419 dum
514 2382 610 2419 fifitas
630 2383 774 2418 maculas
787 2392 905 2417 contra
927 2381 1026 2417 illum
1048 2383 1271 2426 cogitabant,
1301 2382 1428 2419 Mulier
1456 2395 1502 2422 ex
1521 2385 1594 2420 viso
1611 2384 1734 2428 Ignatii
1759 2384 1861 2420 vultu
1882 2382 1916 2417 in
1931 2382 2107 2419 lachrimas
2119 2383 2228 2422 soluta
2251 2387 2316 2426 sese
2333 2391 2435 2428 subor

318 2442 432 2469 natam
454 2431 545 2467 fuisse
567 2431 684 2467 fatetur
703 2456 711 2464 .
737 2430 906 2476 ignatium
921 2430 1048 2477 ubique
1063 2430 1206 2474 Magum
1233 2434 1440 2476 proclamant
1456 2458 1464 2473 ‚
1490 2438 1523 2470 &
1542 2433 1656 2479 Equus
1678 2433 1843 2468 virtutem
1858 2431 1932 2479 ejus
1953 2432 2161 2476 genuflexus
2186 2434 2346 2474 testatur.
2367 2441 2438 2478 C..

320 2481 456 2517 lumniis
480 2480 560 2515 dum
575 2479 747 2515 haereticus
777 2478 895 2514 famam
913 2478 1039 2523 lgnatii
1067 2478 1287 2526 impudenter
1307 2481 1452 2526 lacerat,
1481 2481 1641 2528 ignatius
1661 2491 1805 2518 mortem
1818 2504 1832 2524 ‚
1861 2479 1904 2516 ad
1935 2491 2037 2527 quam
2052 2482 2302 2523 condemnatus
2319 2485 2432 2535 jam

322 2539 418 2571 erat,
443 2527 582 2564 inimico
594 2526 779 2563 condonari
806 2537 901 2563 orat.

416 2578 453 2613 ln
477 2575 646 2612 exercitio
666 2574 857 2622 hujusmodi
879 2575 1070 2618 virtutum,
1104 2575 1138 2611 &
1156 2577 1432 2622 evangelizantis
1453 2577 1580 2614 laboris
1606 2576 1849 2624 Apostolatum
1874 2576 1969 2613 suum
1984 2576 2090 2626 usque
2117 2579 2160 2615 ad
2177 2591 2300 2617 annum
2322 2585 2428 2630 1632.

315 2624 550 2668 continuavit,
578 2635 648 2671 quo
670 2622 828 2658 humanas
840 2624 987 2660 exuvias
1000 2623 1033 2659 in
1045 2624 1226 2662 suaviffimi
1246 2627 1364 2664 odoris
1381 2627 1581 2673 fragrantia,
1594 2625 1764 2665 6,'Martii
1779 2625 1961 2675 deposuit,
1977 2628 2183 2675 exs'pestans
2202 2628 2238 2666 in
2253 2629 2424 2669 Conven-

322 2684 363 2710 ω
378 2673 523 2714 Titani.
544 2673 655 2709 done·
676 2675 791 2708 veniat
814 2671 1003 2708 immutatio
1024 2671 1098 2720 ejus
1111 2696 1123 2708 .

316 2812 2189 2830 ——-——-—-——————-—-———.—-—--
2195 2818 2429 2830 u———n-

518 2912 557 2951 D
621 2911 653 2953 E
715 2910 753 2950 C
814 2909 852 2950 R
910 2910 945 2951 E
1008 2911 1045 2952 T
1103 2914 1143 2954 O

312 3027 348 3079 S
347 3046 445 3078 acrae
475 3026 807 3096 Congrcgationis
835 3026 884 3074 de
905 3025 1170 3096 Propaganda
1202 3032 1338 3082 Fide,

313 3156 546 3213 Articuli,
584 3154 631 3206 ἃ
651 3158 991 3206 Conventiones
1022 3157 1077 3207 de
1109 3157 1339 3210 divisioni-

381 3229 463 3277 bus
483 3223 784 3275 Ecclefiarum
801 3263 814 3283 ‚
839 3226 887 3277 <St
907 3244 1062 3277 earum
1084 3229 1336 3281 redditibus

380 3315 464 3365 pro
480 3295 684 3364 pluribus
702 3296 972 3346 Miffionum
1002 3301 1113 3349 locis
1133 3297 1237 3350 fasti
1271 3320 1337 3350 re-

381 3367 674 3425 scinduntur,
712 3365 760 3417 ὃ(
774 3370 990 3416 nonnulla
1012 3371 1096 3419 alia
1111 3388 1194 3438 pro
1212 3371 1332 3422 bono

383 3440 637 3509 Religionis
669 3438 842 3506 agenda
857 3437 1204 3505 praescibuntur.

518 3559 595 3598 Die
616 3571 655 3599 x.
673 3555 872 3610 ‘Januarii
892 3572 1131 3602 mocxxxrv.

445 3615 639 3658 Eferente
679 3615 997 3659 Eminentiffimo
1036 3619 1085 3659 D.
1120 3619 1334 3663 Cardinali

461 3676 639 3716 Antonio
677 3675 970 3731 (Barberino)
1009 3676 1149 3720 literas
1191 3679 1334 3721 Nuntii

313 3734 519 3778 Helvetici
544 3759 558 3782 ‚
602 3733 806 3792 Praepositi
846 3735 1053 3780 Curienfis
1076 3763 1092 3788 ,
1136 3738 1174 3779 &
1204 3738 1334 3780 Patris

1399 2913 1541 2957 Irenaei
1555 2910 1732 2957 Praefeffl
1749 2914 1972 2960 Miinonum
1987 2914 2291 2971 Capucinorum
2309 2917 2423 2958 Rhae-

1399 2974 1462 3015 tiae
1499 2973 1552 3014 de
1582 2974 1935 3018 Conventionibus
1965 2973 2072 3016 circa
2106 2974 2318 3017 divisiones
2344 2977 2427 3017 Ec-

1398 3032 1608 3075 clefiarum
1642 3058 1654 3080 ,
1695 3035 1735 3075 &
1772 3033 2004 3077 reddituum
2033 3046 2174 3074 earum
2209 3032 2419 3088 propositis

1398 3087 1710 3143 Commissariis,
1740 3093 1808 3150 qui
1834 3090 1994 3135 fuerunt
2017 3093 2208 3146 Deputati
2235 3090 2256 3133 at
2275 3093 2424 3147 Leghis

1401 3150 1635 3192 Rhaetorum
1653 3150 1702 3193 ad
1730 3151 2028 3205 componendas
2051 3147 2298 3192 differentias
2316 3150 2424 3193 inter

1398 3209 1632 3265 Capucinos
1666 3209 1954 3258 Miffionarios,
1994 3211 2034 3253 δε
2062 3208 2282 3253 Haereticos
2307 3210 2427 3251 Rhae-

1397 3269 1461 3310 tiae
1484 3296 1499 3318 ‚
1544 3271 1667 3311 Sacra
1696 3270 1973 3325 Congregatio
2012 3267 2199 3309 decrevit
2225 3295 2240 3316 ,
2290 3277 2333 3309 ut
2361 3267 2423 3312 se-

1426 3337 1560 3368 uitur.

1397 3341 1421 3383 q
1452 3385 1614 3427 primo.
1645 3385 1978 3436 Conventiones,
2009 3385 2048 3425 &
2075 3379 2287 3425 divisiones
2314 3398 2416 3440 prae-

1390 3443 1512 3486 dietas
1531 3442 1832 3495 Ecclesium,
1862 3446 1902 3486 &
1926 3441 2161 3486 reddituum
2190 3456 2326 3485 earum
2355 3446 2413 3486 in-

1398 3513 1464 3546 ter
1478 3501 1742 3554 Catholicos,
1770 3505 1811 3544 &
1836 3500 2060 3545 Haereticos
2082 3496 2160 3542 esse
2187 3502 2416 3557 improban-

1395 3560 1467 3603 das
1497 3590 1511 3612 ,
1539 3561 1577 3601 &
1610 3560 1852 3616 rejiciendas
1879 3560 2015 3618 ‚rquia
2044 3573 2118 3614 per
2144 3573 2212 3602 eas
2243 3559 2415 3617 positivi:

1393 3620 1663 3676 probarentur
1693 3620 1887 3667 exercitia
1919 3618 2196 3662 haereticorum
2232 3647 2247 3670 ,
2279 3618 2414 3675 eisque

1394 3689 1709 3734 cooperarentur
1721 3677 1924 3722 Catholici
1940 3686 2080 3721 contra
2094 3677 2206 3735 leges
2226 3677 2381 3724 divinas
2395 3708 2411 3732 ,

1394 3739 1434 3780 &
1448 3740 1633 3782 humanas
1654 3766 1666 3779 .

2239 3822 2244 3829 ·
2289 3800 2365 3840 Se·
