2762 4088
852 214 1841 317 ISAGOGES.
2172 245 2328 325 xxi.

265 365 418 407 zana
498 358 541 407 t.
590 362 641 403 2.
707 335 869 402 verb.
912 337 1191 405 Oracula
1238 364 1400 407 num.
1433 364 1493 423 7.
1535 361 1669 408 tum
1712 344 1795 422 ob
1845 349 1966 410 vim
2008 353 2388 422 consuetudi·-

262 438 359 500 nis
389 484 406 512 ,
468 435 675 518 legem
716 431 1007 495 inducere
1038 481 1055 508 ,
1118 434 1178 497 &
1212 432 1505 522 abrogare
1550 440 1813 504 valentis
1842 487 1858 513 ,
1905 456 2032 504 tum
2056 491 2071 516 ‚
2118 451 2258 534 quia
2297 452 2389 514 di..

262 525 485 615 stingui
525 522 760 612 potest,
809 527 1022 613 quod,
1069 526 1302 592 etiamsi
1348 529 1498 591 tales
1532 529 2041 607 consuetudines,
2090 557 2389 624 quatenus

261 623 328 688 in
374 620 535 684 vivae
577 618 767 683 Vocis
812 619 1084 683 Oraculo
1132 617 1398 685 fimdatae
1447 620 1748 711 abrogatae
1791 622 1907 687 fint
1946 647 2057 713 per
2080 629 2389 697 Constitu-

257 715 460 778 tiones
508 713 864 801 praediekas‚
912 713 1173 801 plenum
1218 729 1430 777 tamen
1478 716 1763 802 vigorem
1803 718 2137 793 retineant,
2182 743 2390 810 quate-

255 828 369 872 nus
427 805 561 871 finnt
595 803 1103 881 consuetudineS,
1151 805 1622 872 conditionibus
1667 808 1961 895 legalibus
1999 814 2281 877 munitoe.

442 899 601 964 VIII.
649 901 938 964 Tandem
971 898 1427 965 controverfia:
1474 923 1553 966 an
1581 902 1985 988 privilegium
2024 925 2135 990 per
2156 907 2389 971 Bullam

257 995 365 1061 uni
402 994 738 1082 Religioni
783 989 1166 1069 concellum,
1224 993 1285 1058 8(
1322 994 1481 1059 viva:
1516 995 1690 1059 vocis
1711 995 1982 1059 Oraculo
2017 997 2186 1060 alteri
2224 1019 2390 1062 com-

259 1088 642 1153 municatum
674 1135 690 1162 ‚
735 1084 1046 1152 censeatur
1081 1091 1483 1153 revocatum?
1534 1088 1788 1178 materie
1830 1086 2084 1178 confuse
2119 1136 2137 1162 ,
2184 1090 2243 1153 8(
2284 1090 2391 1155 ob-

257 1181 424 1271 scure
467 1180 755 1246 ultimum
796 1179 1067 1269 imponit
1110 1179 1576 1271 colophonem,
1624 1181 1682 1245 &
1715 1182 1780 1245 in
1804 1203 1874 1245 ea
1895 1182 2204 1247 Doctores
2244 1206 2392 1248 con·

258 1271 430 1354 sensu
450 1274 807 1361 negativam
833 1289 1084 1350 tenent,
1133 1297 1276 1340 cum
1298 1275 1468 1339 enim
1488 1275 1950 1339 communicare
1986 1278 2092 1341 uni
2118 1277 2391 1364 Religio-

254 1369 323 1433 ni
357 1368 683 1456 privilegia
711 1367 955 1432 alterius
991 1369 1162 1434 idem
1199 1365 1270 1432 fit
1291 1419 1308 1446 ,
1355 1391 1430 1433 ac
1454 1369 1542 1433 illi
1576 1368 1795 1432 eadem
1831 1369 2205 1446 concedere,
2244 1370 2392 1435 Iic‘u-

253 1463 302 1527 ti
345 1459 582 1526 fuerant
620 1457 899 1526 concefla
951 1462 1124 1528 alteri
1159 1462 1475 1551 Religioni
1514 1509 1532 1537 ,
1579 1461 1638 1526 δί
1667 1462 2071 1549 Privilegium
2122 1463 2206 1527 ita
2246 1486 2392 1528 con-

258 1550 485 1620 ceffum
529 1576 663 1618 non
710 1553 814 1621 fiat
857 1555 1189 1622 Oraculum
1233 1577 1348 1644 per
1404 1556 2071 1630 communicationem,
2116 1555 2393 1620 factam

259 1667 545 1714 oretenus
589 1645 716 1712 fine
759 1646 1050 1736 scriptura
1093 1651 1263 1715 alteri
1283 1646 1637 1739 Religioni,
1685 1647 1787 1713 sed
1833 1647 2038 1714 adhuc
2081 1667 2392 1714 remaneat

257 1738 607 1807 concessum
652 1763 762 1831 per
807 1741 1077 1817 Bullam,
1122 1742 1392 1829 adjectus
1444 1760 1649 1809 autem
1703 1743 1929 1808 modus
1986 1739 2392 1808 conceffionis

258 1853 546 1900 oretenus
576 1831 701 1900 fine
742 1832 1067 1924 scriptura,
1113 1859 1252 1902 cum
1272 1834 1344 1903 fit
1377 1839 1531 1928 quid
1574 1836 1953 1901 accidentale
1974 1882 1993 1910 ‚
2036 1836 2167 1900 vim
2207 1858 2391 1901 nom,

260 1925 448 1994 habet
489 1929 860 1994 immutandi
908 1928 1295 1995 stabilitatem
1351 1930 1665 2022 privilegii
1709 1931 1926 2002 Bullati
1957 1977 1975 2004 ,
2030 1928 2091 1992 ἃ
2126 1928 2209 1991 ita
2262 1927 2391 1993 Ien-

267 2021 342 2085 tit
379 2021 625 2116 qurin.
668 2026 738 2090 in
784 2021 968 2090 tracfi'.
1013 2024 1082 2090 de
1122 2025 1338 2112 privil.
1372 2024 1630 2092 Minim.
1674 2020 1765 2087 ad
1799 2018 1937 2089 did.
1977 2021 2227 2087 Bullam
2274 2023 2389 2088 Ur-

266 2114 419 2181 bani
448 2115 586 2183 VIII.
643 2139 807 2182 num.
830 2139 881 2180 2.
948 2115 1294 2184 Turrianus
1350 2137 1408 2207 p.
1442 2142 1497 2182 2.
1533 2112 1736 2203 filed.
1776 2114 2009 2202 Dg‘ffvut.
2038 2124 2132 2180 16.
2180 2113 2315 2179 dab:
2338 2137 2389 2196 5.

265 2207 622 2299 Rodriquez
673 2211 868 2300 quast.
905 2211 1116 2298 Regul.
1164 2236 1221 2302 q.
1254 2217 1307 2276 8.
1361 2229 1484 2278 art.
1503 2237 1561 2294 4.
1596 2260 1613 2286 ,
1665 2207 1742 2278 ἐφ’)
1790 2208 1984 2297 qua-st.
2013 2229 2037 2288 5
2063 2229 2112 2287 5.
2148 2223 2272 2271 art.
2293 2230 2391 2272 21.

265 2299 587 2370 Bardonus
647 2305 811 2390 resol.
832 2327 933 2388 31.
987 2328 1045 2370 n.
1083 2315 1138 2371 6.
1175 2353 1194 2381 ‚
1238 2303 1502 2371 Lezana
1559 2320 1702 2370 tom.
1743 2324 1796 2365 2.
1855 2303 2021 2368 verb.
2060 2300 2388 2367 oracula,

265 2415 430 2460 num.
467 2402 520 2463 8.

846 2581 1532 2712 sEcho
1679 2580 1793 2667 w

410 2752 508 2823 De
548 2752 730 2832 Fide,
779 2769 1161 2843 reportatum
1201 2756 1245 2820 a*
1285 2756 1464 2842 Papa
1508 2758 1673 2821 viva·
1710 2753 1876 2819 Vocis
1918 2753 2259 2819 Oraculum

907 2850 1321 2936 allegantibus
1365 2846 1716 2914 adhibenda
1738 2891 1754 2908 .

505 3034 883 3100 Uantumvis
928 3033 1091 3097 inter
1135 3035 1444 3099 Doctores
1490 3033 1570 3095 de
1619 3029 1744 3093 hoc
1790 3051 2019 3116 magna
2055 3029 2263 3114 vigeat
2301 3027 2394 3090 di·-

531 3128 803 3202 scordia,
850 3125 1238 3191 conveniunt
1285 3143 1495 3189 tamen
1542 3124 1607 3187 in
1657 3143 1848 3184 unum
1898 3123 1965 3184 in
2012 3118 2174 3193 hoc,
2219 3118 2393 3209 quod

501 3221 820 3309 §Principi
846 3267 862 3294 ,
910 3218 1011 3283 vel
1045 3218 1430 3306 Magistratui
1471 3217 1631 3282 vivae
1665 3214 1858 3278 Vocis
1888 3213 2223 3277 Oraculum
2257 3212 2395 3275 alle-

274 3316 447 3404 ganti
472 3362 488 3389 ,
533 3311 604 3378 s1t
651 3311 1057 3375 deferendum
1094 3356 1111 3385 ,
1162 3312 1265 3375 vel
1310 3311 1553 3400 quoties
1596 3308 1794 3394 agitur
1834 3307 1912 3370 de
1951 3307 2116 3392 Papa
2166 3306 2201 3366 a
2250 3304 2394 3366 loco

274 3407 563 3480 absente3
611 3406 669 3469 8<
707 3403 791 3468 est
826 3402 952 3492 ipsa
972 3403 1313 3491 PrincipiS‚
1357 3405 1459 3468 vel
1491 3397 1795 3464 Officialis
1837 3395 2160 3486 conspicua
2202 3395 2396 3484 quali-

275 3520 370 3568 tas
404 3551 422 3578 ,
479 3524 611 3591 quae
659 3497 822 3562 hanc
876 3496 1067 3562 fidem
1119 3497 1312 3583 exigit
1370 3494 1687 3587 pedatiam
1718 3542 1735 3570 ,
1788 3508 1852 3554 ut
1900 3489 1989 3555 ad
2017 3505 2130 3553 tex.
2163 3491 2234 3554 in
2273 3506 2400 3574 cap.

271 3591 693 3682 Nobilffmus
716 3590 955 3678 firmat
1004 3588 1076 3654 de
1117 3589 1292 3656 Luca
1343 3589 1576 3676 distept.
1598 3593 1702 3652 82.
1736 3609 1871 3666 n.4.
1910 3582 1980 3647 de
2000 3579 2230 3667 jurgsd.
2264 3602 2399 3646 cum

283 3689 433 3755 aliis
458 3686 745 3775 superius
793 3685 1046 3754 relatis.
1095 3682 1214 3749 Vel
1247 3685 1484 3772 quoties
1521 3680 1717 3768 agitur
1757 3679 1838 3743 de
1875 3672 2106 3739 actibus
2153 3673 2402 3829 praesen-

2275 3788 2309 3830 e
