2710 4108
356 215 531 315 328

1092 207 1618 297 Provincia

292 333 457 380 Altam
486 327 861 395 privilegiatum,
882 326 906 374 a
936 327 1079 377 Paulo
1108 329 1229 394 Papa
1267 329 1327 375 V.
1390 321 1666 369 Provinciales
1682 322 1988 366 Provinciarum
2004 298 2433 368 Mediolanum-Mesia-

359 400 505 449 tribus
527 399 770 460 cujuslibet
801 400 1052 447 Provincia:
1090 396 1327 449 Altaribus

357 466 614 518 concessum
631 504 646 526 ‚
679 470 734 517 de
751 470 892 519 veteri
909 465 1106 517 Ecclesia
1124 467 1182 516 ad
1201 468 1326 515 novi-

356 554 426 590 ter
442 539 697 588 extrudiam
715 573 731 596 ‚
754 558 804 588 ac
816 539 939 588 aliud
959 536 1219 602 hujusmodi
1240 538 1326 590 Al.-

356 611 492 669 tat-esti
505 612 696 678 Capella
713 608 918 659 Ecclesia:
934 607 1113 659 Domus
1128 610 1326 658 Alex-an-

357 679 464 730 driae
481 715 497 738 ,
516 681 574 728 ad
590 682 750 731 Altare
774 685 925 748 Majus
954 682 1000 729 in
1019 699 1070 730 ea
1090 676 1322 730 transferri

358 751 593 802 concedit.

288 896 412 951 UR
444 896 622 942 BAN
658 895 708 949 U
739 897 769 946 S
843 896 1054 945 PAPA
1127 893 1318 945 V111.

478 1033 783 1089 Ad‘pcrpetuam
799 1034 860 1074 rei
878 1033 1100 1076 memoriam
1110 1064 1123 1076 .

416 1150 506 1193 Lias
527 1149 547 1190 xi
559 1147 628 1193 fel.
646 1149 807 1192 record.
822 1149 948 1191 Paulo
965 1153 1069 1206 Papa
1087 1153 1137 1193 V.
1156 1149 1318 1195 Praede-

446 1206 596 1250 ceffore
614 1209 791 1257 Nostro,
821 1209 872 1248 ad
902 1205 1084 1251 favorem
1116 1208 1319 1251 Ecclesia-

285 1283 377 1311 rum
409 1270 631 1309 Domorum
652 1266 914 1322 Regularium
943 1269 1127 1310 Fratrum
1153 1267 1320 1311 Ordinis

287 1330 496 1370 Minorum
520 1326 648 1367 Sanffi
674 1323 870 1368 francisci
894 1328 1196 1381 Capucinorum
1221 1341 1320 1369 nun-

286 1394 525 1440 cupatorum
558 1394 792 1426 emanarunt
821 1383 947 1426 literae
969 1387 1153 1437 ‚tenoris
1193 1387 1325 1429 subse-

288 1442 477 1499 quentis,
506 1443 730 1484 videlicet:
766 1442 910 1485 Paulus
928 1446 1032 1500 Papa
1061 1447 1112 1485 V·
1140 1445 1208 1487 Ad·
1227 1459 1323 1500 per·

286 1512 455 1561 petuam
471 1501 799 1543 reimerum-iam.
831 1505 1020 1544 Omnium
1044 1503 1157 1546 saluti
1184 1514 1322 1559 pater-

287 1575 336 1604 na
354 1560 558 1602 charitate
572 1561 714 1602 intenti
729 1590 744 1611 ‚
768 1564 889 1602 Sacra
907 1560 1112 1604 interdum
1127 1562 1216 1604 loca
1234 1561 1321 1617 spe-

287 1619 458 1661 cialibus
499 1618 851 1674 lndulgentiarum
885 1621 1114 1662 muneribus
1152 1621 1319 1666 decora-

288 1692 379 1720 mus
393 1707 406 1727 ,
429 1686 475 1719 ut
496 1677 593 1718 inde
610 1676 812 1719 Fidelium
829 1678 1118 1722 Defunnorum
1137 1681 1291 1723 Animae
1305 1706 1319 1728 2

287 1737 454 1779 Domini
484 1736 618 1778 Nostri
636 1736 731 1791 Jesu
759 1737 939 1789 Christi,
963 1737 1130 1794 ejusque
1157 1741 1320 1781 Sancto-

287 1809 379 1838 rum
392 1794 569 1848 suffragia
585 1796 820 1836 meritorum
835 1798 1020 1852 consequi
1031 1826 1047 1852 ⁵.
1062 1797 1196 1842 &illis
1207 1797 1323 1852 adju-

289 1865 362 1903 tce,
385 1854 407 1897 ὲ
430 1854 658 1908 Purgatorii
685 1856 816 1908 poenis
837 1853 887 1895 ad
912 1865 1099 1898 aeternam
1126 1854 1321 1906 salutem,

286 1925 361 1968 per
379 1913 458 1953 Dei
471 1912 803 1964 misericordiam,
819 1913 990 1966 perduci
1007 1915 1167 1957 valeant
1182 1945 1194 1956 .
1213 1918 1320 1957 Cum

285 1973 425 2025 itaque
438 1970 605 2012 nomine
620 1971 910 2024 Superiorum',
937 1974 978 2014 &
995 1976 1180 2015 Fratrum
1196 1973 1322 2015 ordi-

286 2032 345 2073 nis
370 2030 578 2071 Minorum
601 2030 900 2081 Capucinorum
930 2031 1037 2073 ultra
1064 2042 1224 2074 montes
1247 2033 1316 2075 de—

286 2087 467 2143 gentium
484 2116 497 2138 ,
515 2086 641 2129 Nobis
658 2101 787 2142 nuper
805 2088 1026 2140 expositum
1045 2089 1118 2131 fuit
1137 2119 1150 2141 ,
1172 2088 1242 2133 fel.
1261 2105 1321 2133 re-

286 2147 400 2190 cord.
425 2146 649 2201 Gregorius
667 2147 772 2201 Papa
789 2148 910 2190 xm-
937 2147 1203 2191 Praedecessor
1232 2154 1318 2193 No·

285 2205 381 2255 fler,
406 2215 468 2256 ut,
485 2203 1026 2260 quotiescumque-Sacerdos
1055 2207 1198 2263 aliquis
1215 2208 1321 2264 ejus-

285 2263 383 2306 dem
399 2262 565 2305 Ordinis
590 2262 740 2306 Missam
768 2261 1060 2308 Defunnorum
1077 2280 1151 2321 pro
1172 2269 1318 2310 Anima

286 2320 572 2378 cujuscumque
590 2322 740 2364 Fidelis
754 2351 767 2373 ‚
793 2337 879 2378 qua:
897 2326 990 2368 Deo
1015 2326 1054 2367 in
1082 2326 1320 2370 charitate)

284 2380 499 2435 conjunct-a
517 2406 531 2427 s
555 2380 605 2424 ab
620 2382 693 2423 hac
712 2381 805 2422 luce
833 2382 1056 2438 migrasset,
1087 2384 1136 2426 ad
1153 2386 1225 2427 tria
1244 2385 1322 2433 Als

285 2449 324 2482 ta
334 2441 392 2480 ria
407 2440 530 2481 trium
545 2438 833 2491 Ecclefiarum,
847 2440 1133 2498 cujuscumque
1153 2445 1319 2486 Provin-

283 2498 353 2541 cix:
369 2498 461 2539 dini
480 2498 738 2552 Ordinis‚per
762 2501 1000 2554 Superiores
1024 2502 1229 2557 praedie‘tos
1247 2503 1319 2546 de-

283 2555 558 2612 fignandarum
573 2555 994 2608 ‚celebraretffinima
1005 2561 1084 2613 ipsa
1101 2561 1154 2602 de
1168 2560 1322 2604 thesau-

282 2629 331 2656 ro
360 2615 545 2657 Ecclesiae
572 2628 644 2670 per
656 2614 826 2657 modum
840 2617 1008 2672 suffragii
1022 2620 1318 2677 indulgentiam

281 2672 574 2728 conse-luatur,
591 2673 688 2715 vivae
719 2674 827 2715 votis
851 2677 1021 2719 oraculo
1052 2679 1317 2728 concesserit,

282 2733 321 2774 &
337 2731 577 2782 indulserit,
607 2733 647 2773 δι
673 2732 721 2774 ab
737 2732 832 2774 inde
846 2736 950 2777 citra
965 2737 1186 2780 Provinciae
1205 2737 1317 2792 ipsius

281 2790 447 2832 Ordinis
462 2821 476 2841 ,
507 2789 779 2833 benedicente
795 2794 972 2835 Domino
987 2824 1000 2846 ,
1030 2794 1204 2839 adaustae
1229 2795 1318 2839 fue-

281 2850 392 2890 rint.
427 2853 515 2893 Nos
532 2850 794 2903 superiorum
807 2877 822 2898 ,
851 2854 891 2893 &
906 2854 1092 2896 Fratrum
1110 2855 1319 2911 praedicto·

280 2921 370 2949 rum
385 2906 874 2964 supplicationibusNobis
887 2912 1111 2956 humillime
1125 2915 1320 2971 porrec‘lis

279 2966 489 3016 inclinati,
515 2969 753 3010 auctoritate
777 2970 906 3012 Nobis
923 2977 945 3015 a
961 2974 1136 3016 Domino
1151 2973 1319 3028 tradita,

281 3026 321 3065 ἃ.
341 3025 393 3066 de
408 3025 696 3080 omnipotentis
715 3029 793 3068 Dei
821 3030 1099 3075 misericordia
1114 3060 1128 3083 ,
1159 3047 1200 3075 ac
1217 3035 1316 3076 Bea-

283 3093 418 3124 torum
449 3086 587 3134 Petri,
612 3087 652 3127 &
673 3084 785 3127 Pauli
815 3089 1101 3142 Apostolorum
1127 3091 1216 3147 ejus
1246 3106 1311 3136 au-

281 3145 468 3186 ‹stoi-state
499 3141 632 3184 confisi
654 3172 667 3195 ‚
699 3146 1017 3201 eonceffionem,
1048 3151 1087 3192 δι
1113 3149 1313 3194 indultum

283 3200 509 3254 hujusmodi
526 3229 542 3251 ,
570 3201 793 3245 dummodo
810 3206 834 3248 a
859 3205 968 3249 dieto
982 3208 1189 3265 Gregorio
1207 3213 1314 3252 Prae-

282 3257 488 3303 decessore
505 3260 601 3303 vere
618 3263 870 3305 emanaverit
885 3266 1025 3314 ,etiam
1040 3268 1090 3309 ad
1112 3266 1212 3310 alias
1230 3271 1312 3311 Ec-

280 3318 419 3361 clefias
434 3319 735 3363 Provinciarum
751 3320 844 3364 disti
858 3324 1045 3377 Ordinis,
1059 3326 1312 3382 postmodum

281 3380 505 3419 erectarum
519 3404 533 3425 ,
564 3380 602 3419 &
638 3377 786 3422 futuris
814 3385 1064 3437 temporibus
1096 3386 1310 3440 erigenda-

281 3448 374 3475 rum
387 3463 400 3485 ,
433 3437 583 3480 eisdem
597 3439 718 3481 modo
731 3466 743 3488 ,
773 3441 812 3481 &
828 3438 981 3494 forma,
1013 3443 1156 3500 quibus
1171 3446 1222 3486 ab
1237 3459 1310 3489 eo-

281 3492 375 3534 dem
393 3497 595 3550 Gregorio
614 3497 906 3542 Praedecessore
920 3503 1098 3546 concessa
1115 3501 1276 3547 fuerunt
1294 3534 1309 3558 ,

280 3555 483 3606 perpetuo
496 3556 778 3609 extendimus,
796 3559 836 3600 &
848 3560 1084 3615 ampliamus
1101 3591 1112 3602 .
1147 3566 1193 3605 In
1208 3578 1309 3606 con-

282 3612 450 3653 trarium
478 3612 621 3655 facien.
662 3630 743 3657 non
776 3616 928 3661 obstan.
967 3619 1281 3679 quibuscumque
1298 3653 1309 3664 .

282 3671 436 3710 Datum
453 3670 611 3713 Tusculi
629 3674 697 3718 sub
712 3676 879 3719 Annulo
902 3677 1117 3722 piscatoris
1145 3681 1213 3722 die
1247 3695 1309 3723 rx.

276 3729 382 3784 Junii
401 3742 593 3772 Mocvm.
614 3734 872 3779 Pontificatus
888 3738 1026 3780 Nostri
1045 3741 1164 3781 Anno
1189 3754 1311 3794 quar-

280 3796 349 3830 to·
382 3792 489 3831 Cum
501 3799 638 3834 autem
656 3820 670 3844 ,
700 3792 799 3838 sicut
826 3796 977 3841 Dileni
1003 3798 1093 3841 Filii
1119 3798 1308 3843 moderni

1390 398 1485 431 nen.
1514 384 1554 424 &
1578 383 1751 438 Januen.
1769 382 1935 424 Ordinis
1963 383 2168 439 praedicti,
2200 382 2330 423 Nobis
2355 396 2432 424 nu-

1389 458 1460 500 per
1475 437 1831 498 exponifecerunt
1860 443 1898 483 in
1918 441 2244 489 Mediolanensi,
2276 442 2316 482 &
2346 445 2430 482 Ca-

1389 502 1553 545 taniensi
1567 499 1838 546 Civitatibus,
1853 499 1940 542 duae
1959 499 2138 556 ejusdem
2155 499 2323 541 Ordinis
2341 502 2428 541 Do-

1385 575 1475 604 mus
1503 557 1759 614 Regulares,
1791 571 1868 605 una
1888 557 2084 601 videlieet
2107 559 2362 614 antiquitus,
2388 559 2429 599 δι

1386 620 1515 663 altera
1549 627 1744 662 recenter
1781 617 1977 660 exstructa
2007 645 2023 668 ,
2073 617 2258 660 omnibus
2288 630 2428 659 tamen

1383 678 1515 723 adeas
1533 675 1794 721 facultatibus
1822 675 2012 718 instruetae
2038 677 2232 728 existant,
2257 690 2427 733 quarum

1384 749 1570 785 veterum
1584 733 1770 782 Ecclefiae
1783 763 1795 785 ‚
1808 733 2023 790 privilegio
2039 735 2239 788 praedisto,
2257 737 2428 777 conces-

1383 798 1499 839 fionis
1516 827 1531 848 ,
1546 799 1586 839 &
1603 793 1750 836 indulti
1767 793 1957 848 Gregorii
1977 793 2282 837 Praedecessoris
2300 795 2422 835 nostri

1384 855 1561 913 praedic'ti
1588 854 1730 909 vigore
1753 852 1962 894 decoratae
1981 851 2096 903 sunt,
2122 854 2254 895 minor
2279 865 2421 895 autem

1382 915 1656 959 Sacer-dotum
1669 924 1860 955 numerus
1876 910 1915 951 in
1931 910 2018 961 eis,
2049 911 2089 951 &
2114 912 2251 964 populi
2281 913 2331 954 ad
2349 926 2419 954 eas

1382 974 1599 1017 concursus
1615 999 1633 1022 ‚‚
1658 969 1776 1026 quam
1804 971 1846 1011 in
1877 979 2068 1012 recenter
2096 969 2305 1015 exstructis
2333 972 2424 1016 exi-

1382 1032 1484 1082 stat,
1515 1035 1551 1073 &
1579 1040 1799 1086 propterea
1827 1027 2168 1076 Mediolanenfis,
2200 1029 2244 1071 δε,
2275 1027 2421 1071 Meffa-

1381 1090 1510 1132 nensis
1536 1118 1550 1140 ‚
1582 1088 1729 1130 dietum
1759 1087 2021 1142 Privilegium
2048 1087 2102 1129 de
2134 1088 2342 1130 veteribus
2371 1085 2424 1130 ad

1379 1163 1509 1192 novas
1526 1147 1722 1192 Ecclefias
1742 1145 2163 1204 hujufino,di,Januen.
2185 1149 2301 1197 vero,
2317 1148 2424 1190 Pro-

1381 1208 1575 1250 vinciales
1590 1208 1792 1261 praediffi,
1819 1206 1872 1247 de
1890 1218 1967 1246 una
1981 1205 2154 1260 Capella
2170 1204 2218 1247 ad
2237 1207 2422 1250 Altam-2¹

1381 1265 1507 1322 majus
1527 1264 1921 1316 Ecclesiae2Civitatis
1938 1263 2222 1309 Alexandrinae
2238 1293 2251 1316 ,
2267 1267 2422 1308 Domus

1382 1325 1580 1380 regularis
1597 1323 1775 1378 ejusdem
1799 1325 1963 1366 Ordinis
1989 1338 2062 1376 per
2091 1325 2176 1366 Nos
2208 1321 2420 1367 transferri

1385 1383 1640 1438 summopere
1662 1382 1895 1424 desiderent
1920 1412 1933 1434 ‚
1966 1383 2320 1437 supplicationibus
2347 1397 2420 1424 eo—

1385 1444 1570 1486 rumdem
1587 1441 1900 1484 provincialium
1918 1442 2081 1483 nomine
2097 1471 2110 1492 a
2145 1444 2273 1485 Nobi-s
2301 1441 2419 1497 super

1383 1504 1459 1544 hoc
1506 1500 1721 1543 humiliter
1754 1501 1946 1557 porrectis
1996 1500 2211 1553 inclinati,
2246 1502 2422 1543 Privile-

1381 1548 1492 1616 gium
1509 1560 1736 1613 praediehtm
1753 1590 1768 1610 ,
1804 1561 1944 1614 vigore
1973 1559 2267 1611 concesiionis,
2297 1562 2336 1602 δι
2362 1560 2421 1602 in·

1381 1620 1485 1661 dulti
1503 1618 1697 1672 Gregorii
1713 1617 2014 1661 1>raedeceffi›ris
2027 1620 2234 1672 praedicti,
2263 1620 2419 1673 pariter

1381 1677 1496 1720 Pauli
1515 1674 1883 1720 V.Praedecessoris
1901 1677 2128 1718 nostrorum
2154 1679 2300 1719 literas
2319 1693 2421 1734 prae-

1381 1736 1551 1779 insertas
1567 1736 1616 1778 ad
1633 1737 1755 1777 dietas
1779 1747 1939 1778 veteres
1958 1735 2238 1778 Mediolanen.
2269 1738 2309 1778 δε
2335 1741 2422 1780 Ca-

1380 1796 1535 1840 tanien.
1560 1795 1817 1844 ,Civitatum‚
1850 1796 2080 1837 Domorum
2116 1795 2420 1852 Regularium..

1381 1854 1545 1897 Ordinis
1560 1851 1787 1908 hujusmodi
1807 1852 2004 1894 Ecclesms
2021 1855 2232 1895 extensum
2250 1886 2265 1907 ,
2292 1857 2341 1896 ad
2356 1856 2423 1897 di-

1382 1923 1463 1956 ctas
1480 1924 1671 1956 recenter
1685 1911 1899 1953 exstruens
1914 1941 1926 1962 ‚
1954 1928 1998 1954 ac
2014 1913 2070 1955 de
2088 1915 2260 1967 Capella
2275 1915 2419 1969 praedi-

1382 1983 1447 2016 cta
1462 2001 1476 2023 ‚
1495 1972 1544 2014 ad
1560 1971 1678 2013 dictae
1695 1969 1876 2017 Ecclesia:
1888 1971 2082 2014 Civitatis
2097 1972 2294 2026 praedictae
2310 1974 2417 2015 Ale-

1382 2031 1560 2074 xandrin.
1580 2031 1723 2073 Altare
1753 2027 1880 2083 maius
1895 2056 1910 2078 ‚
1949 2032 2150 2086 perpetuo
2167 2059 2180 2082 ‚
2198 2031 2350 2083 modo,
2377 2034 2417 2073 Sc

1379 2088 1508 2132 forma
1530 2087 1726 2142 praemiffis
1755 2086 2036 2131 transferimus
2054 2117 2068 2139 ‚
2103 2104 2148 2131 ac
2175 2091 2414 2133 translatum

1379 2147 1457 2204 esse
1474 2148 1686 2200 volumus,
1716 2150 1757 2190 ἃ.
1782 2148 2062 2190 declaramus.
2098 2150 2191 2191 Non
2218 2149 2416 2199 obstanti·¹

1382 2210 1455 2252 bus
1468 2206 1689 2261 praemislis,
1705 2220 1770 2258 ac,
1783 2206 1976 2262 quantum
1991 2220 2097 2260 opus
2112 2205 2156 2248 fit
2171 2235 2186 2257 ‚
2220 2219 2414 2250 veterum

1383 2267 1653 2309 Ecclesiarum
1665 2293 1681 2317 ,
1695 2266 1735 2305 &
1749 2262 1935 2319 Capellae
1956 2265 2236 2318 praedictarum
2252 2296 2265 2317 ,
2286 2267 2414 2308 etiam

1380 2325 1608 2383 juramento
1634 2355 1650 2376 ,
1692 2322 2004 2366 confirmatione
2044 2323 2275 2378 Apostolica
2292 2353 2308 2375 s
2349 2327 2417 2368 vel

1381 2385 1521 2441 quavis
1537 2382 1728 2428 firmitate
1752 2382 1829 2425 alia
1855 2381 2058 2423 roboratis
2087 2383 2270 2434 statutis,
2295 2395 2417 2428 >cete-

1382 2445 1508 2497 risque
1537 2441 1752 2484 contrariis
1778 2437 2079 2495 quibuscunque
2099 2468 2110 2480 .
2146 2444 2298 2484 Datum
2325 2446 2412 2484 Ro-

1379 2516 1451 2544 mae
1464 2502 1568 2553 apud
1583 2504 1781 2546 Sanctum
1795 2503 1961 2544 Petrum,
1973 2498 2046 2541 sub
2058 2502 2220 2543 Annulo
2238 2502 2417 2544 Piscatoi

1380 2563 1435 2603 ris
1457 2561 1526 2602 die
1548 2575 1610 2602 tv.
1628 2558 1869 2602 Decembris
1897 2571 2035 2600 Moeri
2051 2574 2063 2601 1
2079 2570 2109 2598 1·
2147 2559 2412 2602 Pontificatus

1381 2621 1517 2664 Nostri
1534 2633 1636 2666 anno
1653 2617 1973 2674 vigesimoprimo
1985 2645 1998 2661 .

1914 2796 1972 2836 Μ.
1987 2795 2037 2836 Α.
2052 2792 2263 2839 Maraldus
2281 2821 2294 2834 .

1439 2977 1497 3016 Ex
1512 2975 1604 3029 Reg.
1624 2971 1746 3014 Arch.
1759 2975 1901 3013 secret.
1918 2973 2032 3014 Brev.
2049 2969 2218 3028 Apostol.
2235 2970 2411 3029 mens&

1494 3033 1590 3075 anni
1594 3031 1722 3089 prad·
1729 3030 1812 3089 fol.
1828 3030 1929 3075 668.

1955 3229 2204 3245 mss-
2209 3228 2224 3238 ο
2229 3228 2402 3240 ——nm

1372 3390 1489 3440 Tres
1518 3389 1746 3438 Moniales
1784 3387 1811 3438 ὃ
1838 3385 2115 3436 Monasterio
2149 3383 2402 3449 Capucina·

1441 3477 1543 3509 rum
1564 3463 1611 3510 S.
1630 3458 1834 3509 Barbarae
1853 3455 2103 3505 Mediolani
2124 3490 2140 3513 ,
2154 3454 2210 3503 ad
2229 3471 2404 3502 novum

1439 3526 2114 3594 MonasteriumCapucinarum
2129 3524 2404 3575 &infimum

1440 3602 1728 3671 Angelorum
1759 3597 1954 3655 ibidem,
1980 3614 2065 3667 pro
2083 3595 2405 3648 instructione,

1443 3670 1674 3724 transferri
1701 3668 1909 3739 indulget
1923 3703 1935 3719 .

2251 3857 2348 3897 IN·
