<?xml version="1.0" encoding="UTF-8"?>
<!DOCTYPE html PUBLIC "-//W3C//DTD XHTML 1.0 Transitional//EN"
    "http://www.w3.org/TR/xhtml1/DTD/xhtml1-transitional.dtd">
<html xmlns="http://www.w3.org/1999/xhtml" xml:lang="en" lang="en">
 <head>
  <title>
</title>
<meta http-equiv="Content-Type" content="text/html;charset=utf-8" />
  <meta name='ocr-system' content='tesseract 3.04.00' />
  <meta name='ocr-capabilities' content='ocr_page ocr_carea ocr_par ocr_line ocrx_word'/>
</head>
<body>
  <div class='ocr_page' id='page_1' title='image "./bullariumordinis02cath_0205.png"; bbox 0 0 2774 4068; ppageno 0'>
   <div class='ocr_carea' id='block_1_1' title="bbox 0 3239 21 3618">
    <p class='ocr_par' dir='ltr' id='par_1_1' title="bbox 0 3239 21 3618">
     <span class='ocr_line' id='line_1_1' title="bbox 0 3239 21 3618; textangle 90"><span class='ocrx_word' id='word_1_1' title='bbox 0 3607 14 3618; x_wconf 71' lang='lat'>¹.</span> <span class='ocrx_word' id='word_1_2' title='bbox 1 3578 18 3587; x_wconf 63' lang='grc' dir='ltr'><strong><em>ς</em></strong></span> <span class='ocrx_word' id='word_1_3' title='bbox 0 3286 21 3562; x_wconf 44' lang='lat' dir='ltr'>xvaezgaqsfvsggsfwerffw-w*</span> <span class='ocrx_word' id='word_1_4' title='bbox 0 3239 14 3276; x_wconf 52' lang='grc' dir='ltr'>,κ’</span> 
     </span>
    </p>
   </div>
   <div class='ocr_carea' id='block_1_2' title="bbox 966 172 2444 300">
    <p class='ocr_par' dir='ltr' id='par_1_2' title="bbox 966 172 2444 300">
     <span class='ocr_line' id='line_1_2' title="bbox 966 172 2444 300; baseline 0.004 -38"><span class='ocrx_word' id='word_1_5' title='bbox 966 174 1044 262; x_wconf 77' lang='lat' dir='ltr'>S.</span> <span class='ocrx_word' id='word_1_6' title='bbox 1116 176 1206 262; x_wconf 75' lang='lat' dir='ltr'>P.</span> <span class='ocrx_word' id='word_1_7' title='bbox 1273 172 1812 292; x_wconf 83' lang='lat' dir='ltr'>Francisci.</span> <span class='ocrx_word' id='word_1_8' title='bbox 2286 212 2444 300; x_wconf 78' lang='lat'>135</span> 
     </span>
    </p>
   </div>
   <div class='ocr_carea' id='block_1_3' title="bbox 306 286 1408 3846">
    <p class='ocr_par' dir='ltr' id='par_1_3' title="bbox 306 286 1408 3846">
     <span class='ocr_line' id='line_1_3' title="bbox 346 286 1408 348; baseline 0.008 -19"><span class='ocrx_word' id='word_1_9' title='bbox 346 299 516 336; x_wconf 74' lang='lat' dir='ltr'>ventum</span> <span class='ocrx_word' id='word_1_10' title='bbox 544 291 707 345; x_wconf 58' lang='lat' dir='ltr'>fuerit,</span> <span class='ocrx_word' id='word_1_11' title='bbox 732 286 881 335; x_wconf 65' lang='lat' dir='ltr'>‘confici</span> <span class='ocrx_word' id='word_1_12' title='bbox 903 286 1044 334; x_wconf 82' lang='lat' dir='ltr'>facere</span> <span class='ocrx_word' id='word_1_13' title='bbox 1060 321 1076 343; x_wconf 89' lang='lat'>‚</span> <span class='ocrx_word' id='word_1_14' title='bbox 1092 292 1221 337; x_wconf 71' lang='lat' dir='ltr'>libere</span> <span class='ocrx_word' id='word_1_15' title='bbox 1244 324 1259 348; x_wconf 91' lang='lat'>,</span> <span class='ocrx_word' id='word_1_16' title='bbox 1288 297 1329 338; x_wconf 75' lang='grc' dir='ltr'>δι</span> <span class='ocrx_word' id='word_1_17' title='bbox 1355 294 1408 338; x_wconf 80' lang='lat' dir='ltr'>li-</span> 
     </span>
     <span class='ocr_line' id='line_1_4' title="bbox 343 348 1403 404; baseline 0.001 -8"><span class='ocrx_word' id='word_1_18' title='bbox 343 352 429 397; x_wconf 74' lang='lat' dir='ltr'>cite</span> <span class='ocrx_word' id='word_1_19' title='bbox 453 348 908 404; x_wconf 67' lang='lat' dir='ltr'>valeant,auktoritnte</span> <span class='ocrx_word' id='word_1_20' title='bbox 923 349 1072 393; x_wconf 81' lang='lat' dir='ltr'>Nostra</span> <span class='ocrx_word' id='word_1_21' title='bbox 1100 382 1116 403; x_wconf 91' lang='lat'>,</span> <span class='ocrx_word' id='word_1_22' title='bbox 1150 354 1232 396; x_wconf 82' lang='lat' dir='ltr'>fine</span> <span class='ocrx_word' id='word_1_23' title='bbox 1266 362 1403 398; x_wconf 87' lang='lat' dir='ltr'>tamen</span> 
     </span>
     <span class='ocr_line' id='line_1_5' title="bbox 333 405 1402 469; baseline 0 -13"><span class='ocrx_word' id='word_1_24' title='bbox 333 411 518 469; x_wconf 65' lang='lat' dir='ltr'>alicujus</span> <span class='ocrx_word' id='word_1_25' title='bbox 541 407 782 468; x_wconf 69' lang='lat' dir='ltr'>prejudicio</span> <span class='ocrx_word' id='word_1_26' title='bbox 799 433 815 455; x_wconf 84' lang='lat'>·,</span> <span class='ocrx_word' id='word_1_27' title='bbox 833 405 1047 452; x_wconf 76' lang='lat' dir='ltr'>licentiam</span> <span class='ocrx_word' id='word_1_28' title='bbox 1075 412 1277 456; x_wconf 80' lang='lat' dir='ltr'>concedas</span> <span class='ocrx_word' id='word_1_29' title='bbox 1305 441 1320 464; x_wconf 93' lang='lat'>,</span> <span class='ocrx_word' id='word_1_30' title='bbox 1360 415 1402 456; x_wconf 75' lang='grc' dir='ltr'>δι</span> 
     </span>
     <span class='ocr_line' id='line_1_6' title="bbox 338 468 1399 585; baseline -0.005 -10"><span class='ocrx_word' id='word_1_31' title='bbox 338 469 626 575; x_wconf 52' lang='grc' dir='ltr'>Ε’Σίἱᾶἕῗέ,</span> <span class='ocrx_word' id='word_1_32' title='bbox 647 479 845 584; x_wconf 62' lang='lat'>‘35533122</span> <span class='ocrx_word' id='word_1_33' title='bbox 857 475 1062 571; x_wconf 48' lang='lat' dir='ltr'>{323⁰ss</span> <span class='ocrx_word' id='word_1_34' title='bbox 1074 468 1243 570; x_wconf 58' lang='lat'>255332</span> <span class='ocrx_word' id='word_1_35' title='bbox 1253 479 1399 585; x_wconf 45' lang='lat'>3133?</span> 
     </span>
     <span class='ocr_line' id='line_1_7' title="bbox 629 553 1397 578; baseline -0.003 0"><span class='ocrx_word' id='word_1_36' title='bbox 629 554 644 578; x_wconf 65' lang='grc' dir='ltr'>θ</span> <span class='ocrx_word' id='word_1_37' title='bbox 976 553 991 576; x_wconf 69' lang='lat'>3</span> <span class='ocrx_word' id='word_1_38' title='bbox 1377 555 1397 561; x_wconf 89' lang='grc'><em>“</em></span> 
     </span>
     <span class='ocr_line' id='line_1_8' title="bbox 336 585 1396 645; baseline -0.002 -13"><span class='ocrx_word' id='word_1_39' title='bbox 336 587 452 634; x_wconf 80' lang='lat' dir='ltr'>modi</span> <span class='ocrx_word' id='word_1_40' title='bbox 473 585 679 638; x_wconf 76' lang='lat' dir='ltr'>cbomni,</span> <span class='ocrx_word' id='word_1_41' title='bbox 707 586 1004 645; x_wconf 85' lang='lat' dir='ltr'>&amp;quacunque</span> <span class='ocrx_word' id='word_1_42' title='bbox 1022 587 1230 630; x_wconf 89' lang='lat' dir='ltr'>vendendi</span> <span class='ocrx_word' id='word_1_43' title='bbox 1256 590 1396 643; x_wconf 84' lang='lat' dir='ltr'>prohi-</span> 
     </span>
     <span class='ocr_line' id='line_1_9' title="bbox 333 643 1394 705; baseline 0 -17"><span class='ocrx_word' id='word_1_44' title='bbox 333 643 714 703; x_wconf 56' lang='lat' dir='ltr'>bit&#39;oneflliispue</span> <span class='ocrx_word' id='word_1_45' title='bbox 739 644 966 698; x_wconf 84' lang='lat' dir='ltr'>oneribus,</span> <span class='ocrx_word' id='word_1_46' title='bbox 996 647 1039 690; x_wconf 73' lang='grc' dir='ltr'>δι</span> <span class='ocrx_word' id='word_1_47' title='bbox 1073 646 1246 689; x_wconf 84' lang='lat' dir='ltr'>vinculis</span> <span class='ocrx_word' id='word_1_48' title='bbox 1264 675 1278 699; x_wconf 87' lang='lat'>,</span> <span class='ocrx_word' id='word_1_49' title='bbox 1304 648 1394 705; x_wconf 91' lang='lat' dir='ltr'>qui-</span> 
     </span>
     <span class='ocr_line' id='line_1_10' title="bbox 330 701 1393 763; baseline 0.003 -16"><span class='ocrx_word' id='word_1_50' title='bbox 330 708 411 752; x_wconf 65' lang='lat' dir='ltr'>bus</span> <span class='ocrx_word' id='word_1_51' title='bbox 426 701 557 748; x_wconf 83' lang='lat' dir='ltr'>forsan</span> <span class='ocrx_word' id='word_1_52' title='bbox 574 717 649 760; x_wconf 86' lang='lat' dir='ltr'>per</span> <span class='ocrx_word' id='word_1_53' title='bbox 661 703 815 748; x_wconf 69' lang='lat' dir='ltr'>dictum</span> <span class='ocrx_word' id='word_1_54' title='bbox 824 706 1025 761; x_wconf 85' lang='lat' dir='ltr'>Joannem</span> <span class='ocrx_word' id='word_1_55' title='bbox 1041 706 1258 763; x_wconf 83' lang='lat' dir='ltr'>Baptistam</span> <span class='ocrx_word' id='word_1_56' title='bbox 1272 732 1288 755; x_wconf 85' lang='lat'>,</span> <span class='ocrx_word' id='word_1_57' title='bbox 1319 717 1393 750; x_wconf 85' lang='lat' dir='ltr'>aut</span> 
     </span>
     <span class='ocr_line' id='line_1_11' title="bbox 330 762 1389 822; baseline -0.002 -11"><span class='ocrx_word' id='word_1_58' title='bbox 330 764 434 810; x_wconf 67' lang='lat' dir='ltr'>elias</span> <span class='ocrx_word' id='word_1_59' title='bbox 457 763 779 821; x_wconf 82' lang='lat' dir='ltr'>quomodolibet</span> <span class='ocrx_word' id='word_1_60' title='bbox 803 762 980 822; x_wconf 70' lang='lat' dir='ltr'>subjecta</span> <span class='ocrx_word' id='word_1_61' title='bbox 995 795 1011 818; x_wconf 93' lang='lat'>,</span> <span class='ocrx_word' id='word_1_62' title='bbox 1036 767 1076 808; x_wconf 86' lang='lat'>&amp;</span> <span class='ocrx_word' id='word_1_63' title='bbox 1101 764 1299 821; x_wconf 79' lang='lat' dir='ltr'>supposita</span> <span class='ocrx_word' id='word_1_64' title='bbox 1315 779 1389 809; x_wconf 86' lang='lat' dir='ltr'>ex-</span> 
     </span>
     <span class='ocr_line' id='line_1_12' title="bbox 332 821 1388 877; baseline -0.001 -9"><span class='ocrx_word' id='word_1_65' title='bbox 332 823 528 868; x_wconf 71' lang='lat' dir='ltr'>stiterunt</span> <span class='ocrx_word' id='word_1_66' title='bbox 547 850 564 874; x_wconf 83' lang='lat'>,</span> <span class='ocrx_word' id='word_1_67' title='bbox 591 824 632 866; x_wconf 79' lang='grc' dir='ltr'>δι</span> <span class='ocrx_word' id='word_1_68' title='bbox 654 821 788 868; x_wconf 87' lang='lat' dir='ltr'>forsan</span> <span class='ocrx_word' id='word_1_69' title='bbox 814 825 992 871; x_wconf 76' lang='lat' dir='ltr'>existunt</span> <span class='ocrx_word' id='word_1_70' title='bbox 1009 824 1086 877; x_wconf 83' lang='lat' dir='ltr'>,ad</span> <span class='ocrx_word' id='word_1_71' title='bbox 1113 823 1301 868; x_wconf 67' lang='lat' dir='ltr'>effectum</span> <span class='ocrx_word' id='word_1_72' title='bbox 1317 839 1388 867; x_wconf 81' lang='lat' dir='ltr'>va-</span> 
     </span>
     <span class='ocr_line' id='line_1_13' title="bbox 326 881 1392 941; baseline -0.003 -12"><span class='ocrx_word' id='word_1_73' title='bbox 326 881 512 929; x_wconf 57' lang='lat' dir='ltr'>liditatis</span> <span class='ocrx_word' id='word_1_74' title='bbox 526 882 779 927; x_wconf 72' lang='lat' dir='ltr'>venditionis</span> <span class='ocrx_word' id='word_1_75' title='bbox 793 883 1021 941; x_wconf 78' lang='lat' dir='ltr'>hujufinodi</span> <span class='ocrx_word' id='word_1_76' title='bbox 1035 884 1200 940; x_wconf 87' lang='lat' dir='ltr'>penitus</span> <span class='ocrx_word' id='word_1_77' title='bbox 1217 912 1232 936; x_wconf 85' lang='lat'>,</span> <span class='ocrx_word' id='word_1_78' title='bbox 1247 884 1287 930; x_wconf 70' lang='grc' dir='ltr'>δι</span> <span class='ocrx_word' id='word_1_79' title='bbox 1302 897 1392 926; x_wconf 89' lang='lat' dir='ltr'>om-</span> 
     </span>
     <span class='ocr_line' id='line_1_14' title="bbox 329 941 1390 999; baseline -0.004 -11"><span class='ocrx_word' id='word_1_80' title='bbox 329 944 434 988; x_wconf 84' lang='lat' dir='ltr'>nino</span> <span class='ocrx_word' id='word_1_81' title='bbox 450 942 673 999; x_wconf 67' lang='lat' dir='ltr'>perpetuo,</span> <span class='ocrx_word' id='word_1_82' title='bbox 688 941 795 986; x_wconf 65' lang='lat' dir='ltr'>dista</span> <span class='ocrx_word' id='word_1_83' title='bbox 811 943 1056 988; x_wconf 65' lang='lat' dir='ltr'>auctoritate</span> <span class='ocrx_word' id='word_1_84' title='bbox 1066 944 1222 987; x_wconf 80' lang='lat' dir='ltr'>eximas</span> <span class='ocrx_word' id='word_1_85' title='bbox 1235 970 1251 993; x_wconf 80' lang='lat'>,</span> <span class='ocrx_word' id='word_1_86' title='bbox 1281 944 1322 985; x_wconf 78' lang='grc' dir='ltr'>δι</span> <span class='ocrx_word' id='word_1_87' title='bbox 1338 942 1390 985; x_wconf 86' lang='lat' dir='ltr'>li-</span> 
     </span>
     <span class='ocr_line' id='line_1_15' title="bbox 329 1001 1385 1059; baseline 0 -12"><span class='ocrx_word' id='word_1_88' title='bbox 329 1004 482 1054; x_wconf 79' lang='lat' dir='ltr'>beres,</span> <span class='ocrx_word' id='word_1_89' title='bbox 511 1001 684 1059; x_wconf 88' lang='lat' dir='ltr'>illasque</span> <span class='ocrx_word' id='word_1_90' title='bbox 708 1031 725 1054; x_wconf 92' lang='lat'>,</span> <span class='ocrx_word' id='word_1_91' title='bbox 765 1003 807 1045; x_wconf 79' lang='grc' dir='ltr'>δι</span> <span class='ocrx_word' id='word_1_92' title='bbox 829 1002 903 1046; x_wconf 91' lang='lat' dir='ltr'>illa</span> <span class='ocrx_word' id='word_1_93' title='bbox 934 1003 974 1048; x_wconf 91' lang='lat' dir='ltr'>in</span> <span class='ocrx_word' id='word_1_94' title='bbox 1000 1016 1150 1047; x_wconf 80' lang='lat' dir='ltr'>novum</span> <span class='ocrx_word' id='word_1_95' title='bbox 1179 1001 1385 1049; x_wconf 82' lang='lat' dir='ltr'>Monaste-</span> 
     </span>
     <span class='ocr_line' id='line_1_16' title="bbox 328 1059 1382 1120; baseline -0.003 -13"><span class='ocrx_word' id='word_1_96' title='bbox 328 1062 439 1107; x_wconf 86' lang='lat' dir='ltr'>rium</span> <span class='ocrx_word' id='word_1_97' title='bbox 465 1059 695 1118; x_wconf 82' lang='lat' dir='ltr'>hujusmodi</span> <span class='ocrx_word' id='word_1_98' title='bbox 715 1063 962 1105; x_wconf 79' lang='lat' dir='ltr'>transferas.</span> <span class='ocrx_word' id='word_1_99' title='bbox 994 1063 1190 1118; x_wconf 81' lang='lat' dir='ltr'>Denique</span> <span class='ocrx_word' id='word_1_100' title='bbox 1204 1076 1283 1119; x_wconf 89' lang='lat' dir='ltr'>pro</span> <span class='ocrx_word' id='word_1_101' title='bbox 1307 1076 1382 1120; x_wconf 90' lang='lat' dir='ltr'>po-</span> 
     </span>
     <span class='ocr_line' id='line_1_17' title="bbox 329 1119 1385 1173; baseline -0.002 -7"><span class='ocrx_word' id='word_1_102' title='bbox 329 1121 426 1166; x_wconf 86' lang='lat' dir='ltr'>tiori</span> <span class='ocrx_word' id='word_1_103' title='bbox 454 1120 620 1164; x_wconf 80' lang='lat' dir='ltr'>cautela</span> <span class='ocrx_word' id='word_1_104' title='bbox 641 1119 920 1165; x_wconf 86' lang='lat' dir='ltr'>venditionem</span> <span class='ocrx_word' id='word_1_105' title='bbox 943 1123 1097 1166; x_wconf 81' lang='lat' dir='ltr'>veteris</span> <span class='ocrx_word' id='word_1_106' title='bbox 1113 1122 1353 1169; x_wconf 79' lang='lat' dir='ltr'>Monasterii</span> <span class='ocrx_word' id='word_1_107' title='bbox 1369 1149 1385 1173; x_wconf 93' lang='lat'>,</span> 
     </span>
     <span class='ocr_line' id='line_1_18' title="bbox 330 1176 1387 1238; baseline 0.002 -13"><span class='ocrx_word' id='word_1_108' title='bbox 330 1176 520 1238; x_wconf 68' lang='lat' dir='ltr'>illiusque</span> <span class='ocrx_word' id='word_1_109' title='bbox 545 1178 858 1232; x_wconf 63' lang='lat' dir='ltr'>structurarum,</span> <span class='ocrx_word' id='word_1_110' title='bbox 887 1182 929 1226; x_wconf 76' lang='grc' dir='ltr'>δι</span> <span class='ocrx_word' id='word_1_111' title='bbox 950 1179 1215 1226; x_wconf 68' lang='lat' dir='ltr'>edificiorum</span> <span class='ocrx_word' id='word_1_112' title='bbox 1246 1181 1387 1237; x_wconf 72' lang='lat' dir='ltr'>praedi.</span> 
     </span>
     <span class='ocr_line' id='line_1_19' title="bbox 326 1240 1388 1301; baseline -0.002 -17"><span class='ocrx_word' id='word_1_113' title='bbox 326 1242 485 1284; x_wconf 66' lang='lat' dir='ltr'>florum</span> <span class='ocrx_word' id='word_1_114' title='bbox 512 1253 563 1283; x_wconf 85' lang='lat' dir='ltr'>ex</span> <span class='ocrx_word' id='word_1_115' title='bbox 584 1251 693 1282; x_wconf 86' lang='lat' dir='ltr'>nunc</span> <span class='ocrx_word' id='word_1_116' title='bbox 709 1265 724 1291; x_wconf 85' lang='lat'>,</span> <span class='ocrx_word' id='word_1_117' title='bbox 738 1249 859 1296; x_wconf 88' lang='lat' dir='ltr'>prout</span> <span class='ocrx_word' id='word_1_118' title='bbox 887 1240 1092 1301; x_wconf 87' lang='lat' dir='ltr'>postquam</span> <span class='ocrx_word' id='word_1_119' title='bbox 1105 1240 1208 1285; x_wconf 65' lang='lat' dir='ltr'>fasta</span> <span class='ocrx_word' id='word_1_120' title='bbox 1230 1240 1356 1284; x_wconf 87' lang='lat' dir='ltr'>suerit</span> <span class='ocrx_word' id='word_1_121' title='bbox 1371 1270 1388 1294; x_wconf 92' lang='lat'>,</span> 
     </span>
     <span class='ocr_line' id='line_1_20' title="bbox 327 1295 1386 1357; baseline -0.002 -13"><span class='ocrx_word' id='word_1_122' title='bbox 327 1315 377 1344; x_wconf 79' lang='lat' dir='ltr'>ac</span> <span class='ocrx_word' id='word_1_123' title='bbox 402 1297 581 1355; x_wconf 76' lang='lat' dir='ltr'>desuper</span> <span class='ocrx_word' id='word_1_124' title='bbox 607 1295 890 1345; x_wconf 83' lang='lat' dir='ltr'>conficiendas</span> <span class='ocrx_word' id='word_1_125' title='bbox 914 1301 1167 1357; x_wconf 81' lang='lat' dir='ltr'>scripturas,</span> <span class='ocrx_word' id='word_1_126' title='bbox 1194 1302 1236 1344; x_wconf 76' lang='grc' dir='ltr'>δι</span> <span class='ocrx_word' id='word_1_127' title='bbox 1260 1300 1301 1342; x_wconf 93' lang='lat' dir='ltr'>in</span> <span class='ocrx_word' id='word_1_128' title='bbox 1327 1299 1386 1342; x_wconf 88' lang='lat' dir='ltr'>eis</span> 
     </span>
     <span class='ocr_line' id='line_1_21' title="bbox 325 1356 1385 1417; baseline -0.001 -14"><span class='ocrx_word' id='word_1_129' title='bbox 325 1356 571 1417; x_wconf 82' lang='lat' dir='ltr'>apponenda</span> <span class='ocrx_word' id='word_1_130' title='bbox 597 1369 878 1416; x_wconf 66' lang='lat' dir='ltr'>quacunque,</span> <span class='ocrx_word' id='word_1_131' title='bbox 902 1358 1014 1405; x_wconf 76' lang='lat' dir='ltr'>licita</span> <span class='ocrx_word' id='word_1_132' title='bbox 1049 1370 1187 1405; x_wconf 90' lang='lat' dir='ltr'>tamen</span> <span class='ocrx_word' id='word_1_133' title='bbox 1205 1389 1219 1413; x_wconf 89' lang='lat'><strong>‚</strong></span> <span class='ocrx_word' id='word_1_134' title='bbox 1245 1361 1287 1403; x_wconf 87' lang='lat'>&amp;</span> <span class='ocrx_word' id='word_1_135' title='bbox 1312 1360 1385 1402; x_wconf 90' lang='lat' dir='ltr'>ho-</span> 
     </span>
     <span class='ocr_line' id='line_1_22' title="bbox 323 1417 1384 1477; baseline 0 -15"><span class='ocrx_word' id='word_1_136' title='bbox 323 1418 434 1462; x_wconf 76' lang='lat' dir='ltr'>nesta</span> <span class='ocrx_word' id='word_1_137' title='bbox 460 1429 555 1460; x_wconf 92' lang='lat' dir='ltr'>cum</span> <span class='ocrx_word' id='word_1_138' title='bbox 571 1417 788 1467; x_wconf 87' lang='lat' dir='ltr'>omnibus,</span> <span class='ocrx_word' id='word_1_139' title='bbox 813 1421 855 1462; x_wconf 76' lang='grc' dir='ltr'>δι</span> <span class='ocrx_word' id='word_1_140' title='bbox 882 1418 1045 1477; x_wconf 78' lang='lat' dir='ltr'>lingulis</span> <span class='ocrx_word' id='word_1_141' title='bbox 1070 1421 1170 1466; x_wconf 88' lang='lat' dir='ltr'>inde</span> <span class='ocrx_word' id='word_1_142' title='bbox 1198 1420 1384 1477; x_wconf 71' lang='lat' dir='ltr'>legitime</span> 
     </span>
     <span class='ocr_line' id='line_1_23' title="bbox 323 1475 1397 1535; baseline 0.003 -13"><span class='ocrx_word' id='word_1_143' title='bbox 323 1476 504 1535; x_wconf 86' lang='lat' dir='ltr'>sequutis</span> <span class='ocrx_word' id='word_1_144' title='bbox 517 1475 989 1534; x_wconf 69' lang='lat' dir='ltr'>quibuscunque3eadem</span> <span class='ocrx_word' id='word_1_145' title='bbox 1007 1481 1250 1525; x_wconf 66' lang='lat' dir='ltr'>auctoritate</span> <span class='ocrx_word' id='word_1_146' title='bbox 1266 1479 1397 1525; x_wconf 81' lang='lat' dir='ltr'>etiam</span> 
     </span>
     <span class='ocr_line' id='line_1_24' title="bbox 323 1535 1386 1596; baseline 0.004 -15"><span class='ocrx_word' id='word_1_147' title='bbox 323 1536 534 1596; x_wconf 75' lang='lat' dir='ltr'>perpetuo</span> <span class='ocrx_word' id='word_1_148' title='bbox 551 1535 782 1593; x_wconf 82' lang='lat' dir='ltr'>approbes,</span> <span class='ocrx_word' id='word_1_149' title='bbox 814 1538 858 1585; x_wconf 74' lang='grc' dir='ltr'>δι,</span> <span class='ocrx_word' id='word_1_150' title='bbox 877 1537 1132 1593; x_wconf 79' lang='lat' dir='ltr'>confirmes,</span> <span class='ocrx_word' id='word_1_151' title='bbox 1170 1538 1386 1596; x_wconf 51' lang='lat' dir='ltr'>illisque.»</span> 
     </span>
     <span class='ocr_line' id='line_1_25' title="bbox 322 1596 1383 1656; baseline 0.005 -16"><span class='ocrx_word' id='word_1_152' title='bbox 322 1604 536 1655; x_wconf 76' lang='lat' dir='ltr'>perpetuae</span> <span class='ocrx_word' id='word_1_153' title='bbox 551 1623 566 1648; x_wconf 84' lang='lat'>,</span> <span class='ocrx_word' id='word_1_154' title='bbox 593 1596 934 1642; x_wconf 76' lang='lat' dir='ltr'>&amp;irrevocabilis</span> <span class='ocrx_word' id='word_1_155' title='bbox 951 1599 1197 1656; x_wconf 83' lang='lat' dir='ltr'>Apostolicae</span> <span class='ocrx_word' id='word_1_156' title='bbox 1210 1596 1383 1645; x_wconf 81' lang='lat' dir='ltr'>firmita-</span> 
     </span>
     <span class='ocr_line' id='line_1_26' title="bbox 321 1654 1384 1716; baseline 0.002 -17"><span class='ocrx_word' id='word_1_157' title='bbox 321 1658 378 1700; x_wconf 88' lang='lat' dir='ltr'>tis</span> <span class='ocrx_word' id='word_1_158' title='bbox 400 1657 530 1699; x_wconf 90' lang='lat' dir='ltr'>robur</span> <span class='ocrx_word' id='word_1_159' title='bbox 545 1654 712 1712; x_wconf 87' lang='lat' dir='ltr'>adjicias</span> <span class='ocrx_word' id='word_1_160' title='bbox 728 1681 745 1706; x_wconf 95' lang='lat'>,</span> <span class='ocrx_word' id='word_1_161' title='bbox 771 1670 821 1699; x_wconf 84' lang='lat' dir='ltr'>ac</span> <span class='ocrx_word' id='word_1_162' title='bbox 835 1671 978 1702; x_wconf 88' lang='lat' dir='ltr'>omnes</span> <span class='ocrx_word' id='word_1_163' title='bbox 992 1689 1008 1711; x_wconf 95' lang='lat'>,</span> <span class='ocrx_word' id='word_1_164' title='bbox 1038 1660 1080 1700; x_wconf 71' lang='grc' dir='ltr'>δι</span> <span class='ocrx_word' id='word_1_165' title='bbox 1094 1658 1269 1716; x_wconf 74' lang='lat' dir='ltr'>singulos</span> <span class='ocrx_word' id='word_1_166' title='bbox 1296 1668 1384 1701; x_wconf 84' lang='lat' dir='ltr'>tam</span> 
     </span>
     <span class='ocr_line' id='line_1_27' title="bbox 320 1713 1381 1776; baseline 0.001 -18"><span class='ocrx_word' id='word_1_167' title='bbox 320 1715 454 1776; x_wconf 81' lang='lat' dir='ltr'>juris,</span> <span class='ocrx_word' id='word_1_168' title='bbox 483 1715 605 1773; x_wconf 66' lang='lat' dir='ltr'>quam</span> <span class='ocrx_word' id='word_1_169' title='bbox 626 1713 748 1766; x_wconf 63' lang='lat' dir='ltr'>facti,</span> <span class='ocrx_word' id='word_1_170' title='bbox 774 1729 823 1758; x_wconf 86' lang='lat' dir='ltr'>ac</span> <span class='ocrx_word' id='word_1_171' title='bbox 849 1717 1156 1762; x_wconf 78' lang='lat' dir='ltr'>solemnitatum</span> <span class='ocrx_word' id='word_1_172' title='bbox 1186 1731 1381 1776; x_wconf 85' lang='lat' dir='ltr'>quarum-</span> 
     </span>
     <span class='ocr_line' id='line_1_28' title="bbox 320 1772 1382 1832; baseline 0.003 -14"><span class='ocrx_word' id='word_1_173' title='bbox 320 1787 483 1832; x_wconf 79' lang='lat' dir='ltr'>cunque</span> <span class='ocrx_word' id='word_1_174' title='bbox 496 1772 811 1831; x_wconf 80' lang='lat' dir='ltr'>quomodolibet</span> <span class='ocrx_word' id='word_1_175' title='bbox 836 1774 1150 1821; x_wconf 82' lang='lat' dir='ltr'>necess&#39;ariarum</span> <span class='ocrx_word' id='word_1_176' title='bbox 1162 1774 1350 1822; x_wconf 65' lang='lat' dir='ltr'>defectus</span> <span class='ocrx_word' id='word_1_177' title='bbox 1364 1806 1382 1831; x_wconf 77' lang='lat'>,</span> 
     </span>
     <span class='ocr_line' id='line_1_29' title="bbox 318 1831 1378 1892; baseline 0.003 -15"><span class='ocrx_word' id='word_1_178' title='bbox 318 1833 346 1877; x_wconf 83' lang='lat' dir='ltr'>fi</span> <span class='ocrx_word' id='word_1_179' title='bbox 372 1834 444 1892; x_wconf 90' lang='lat' dir='ltr'>qui</span> <span class='ocrx_word' id='word_1_180' title='bbox 461 1831 639 1891; x_wconf 76' lang='lat' dir='ltr'>desuper</span> <span class='ocrx_word' id='word_1_181' title='bbox 664 1833 982 1892; x_wconf 80' lang='lat' dir='ltr'>quomodolibet</span> <span class='ocrx_word' id='word_1_182' title='bbox 996 1837 1319 1888; x_wconf 80' lang='lat' dir='ltr'>intervenerint,</span> <span class='ocrx_word' id='word_1_183' title='bbox 1336 1837 1378 1880; x_wconf 86' lang='lat' dir='ltr'>in</span> 
     </span>
     <span class='ocr_line' id='line_1_30' title="bbox 320 1892 1378 1950; baseline 0.002 -13"><span class='ocrx_word' id='word_1_184' title='bbox 320 1892 477 1937; x_wconf 79' lang='lat' dir='ltr'>eisdem</span> <span class='ocrx_word' id='word_1_185' title='bbox 488 1892 681 1950; x_wconf 83' lang='lat' dir='ltr'>suppleas</span> <span class='ocrx_word' id='word_1_186' title='bbox 694 1921 710 1946; x_wconf 83' lang='lat'>,</span> <span class='ocrx_word' id='word_1_187' title='bbox 722 1907 886 1941; x_wconf 88' lang='lat' dir='ltr'>necnon</span> <span class='ocrx_word' id='word_1_188' title='bbox 900 1895 1182 1941; x_wconf 83' lang='lat' dir='ltr'>venditionem</span> <span class='ocrx_word' id='word_1_189' title='bbox 1195 1926 1210 1949; x_wconf 88' lang='lat'>,</span> <span class='ocrx_word' id='word_1_190' title='bbox 1225 1899 1266 1943; x_wconf 82' lang='lat'>&amp;</span> <span class='ocrx_word' id='word_1_191' title='bbox 1278 1894 1378 1939; x_wconf 89' lang='lat' dir='ltr'>scri-</span> 
     </span>
     <span class='ocr_line' id='line_1_31' title="bbox 316 1952 1380 2014; baseline 0.005 -19"><span class='ocrx_word' id='word_1_192' title='bbox 316 1961 464 2010; x_wconf 78' lang='lat' dir='ltr'>pturas</span> <span class='ocrx_word' id='word_1_193' title='bbox 496 1952 703 2010; x_wconf 71' lang='lat' dir='ltr'>praedietas</span> <span class='ocrx_word' id='word_1_194' title='bbox 715 1967 768 1997; x_wconf 87' lang='lat' dir='ltr'>ex</span> <span class='ocrx_word' id='word_1_195' title='bbox 785 1965 1049 2013; x_wconf 87' lang='lat' dir='ltr'>nunc,prout</span> <span class='ocrx_word' id='word_1_196' title='bbox 1075 1956 1287 2014; x_wconf 84' lang='lat' dir='ltr'>postquam</span> <span class='ocrx_word' id='word_1_197' title='bbox 1318 1954 1380 2000; x_wconf 88' lang='lat' dir='ltr'>fa·</span> 
     </span>
     <span class='ocr_line' id='line_1_32' title="bbox 316 2011 1383 2073; baseline 0.004 -18"><span class='ocrx_word' id='word_1_198' title='bbox 316 2015 389 2055; x_wconf 64' lang='grc' dir='ltr'>ἂι</span> <span class='ocrx_word' id='word_1_199' title='bbox 414 2011 572 2057; x_wconf 71' lang='lat' dir='ltr'>fixerint</span> <span class='ocrx_word' id='word_1_200' title='bbox 588 2040 603 2065; x_wconf 88' lang='lat'>,</span> <span class='ocrx_word' id='word_1_201' title='bbox 629 2011 790 2071; x_wconf 83' lang='lat' dir='ltr'>semper</span> <span class='ocrx_word' id='word_1_202' title='bbox 818 2016 860 2058; x_wconf 76' lang='grc' dir='ltr'>δι</span> <span class='ocrx_word' id='word_1_203' title='bbox 884 2017 1091 2073; x_wconf 80' lang='lat' dir='ltr'>perpetuo</span> <span class='ocrx_word' id='word_1_204' title='bbox 1121 2016 1274 2062; x_wconf 81' lang='lat' dir='ltr'>validas</span> <span class='ocrx_word' id='word_1_205' title='bbox 1290 2044 1306 2069; x_wconf 87' lang='lat'>,</span> <span class='ocrx_word' id='word_1_206' title='bbox 1336 2015 1383 2059; x_wconf 81' lang='lat'>&amp;.</span> 
     </span>
     <span class='ocr_line' id='line_1_33' title="bbox 318 2070 1375 2134; baseline 0.003 -19"><span class='ocrx_word' id='word_1_207' title='bbox 318 2070 507 2116; x_wconf 79' lang='lat' dir='ltr'>efficaces</span> <span class='ocrx_word' id='word_1_208' title='bbox 536 2070 656 2124; x_wconf 85' lang='lat' dir='ltr'>sore,</span> <span class='ocrx_word' id='word_1_209' title='bbox 685 2074 729 2116; x_wconf 87' lang='lat'>&amp;</span> <span class='ocrx_word' id='word_1_210' title='bbox 754 2072 1048 2134; x_wconf 79' lang='lat' dir='ltr'>eise,suosque</span> <span class='ocrx_word' id='word_1_211' title='bbox 1063 2076 1273 2133; x_wconf 66' lang='lat' dir='ltr'>plenarios,</span> <span class='ocrx_word' id='word_1_212' title='bbox 1287 2105 1304 2127; x_wconf 91' lang='lat'>,</span> <span class='ocrx_word' id='word_1_213' title='bbox 1335 2076 1375 2118; x_wconf 76' lang='grc' dir='ltr'>δε</span> 
     </span>
     <span class='ocr_line' id='line_1_34' title="bbox 315 2129 1374 2189; baseline 0.003 -14"><span class='ocrx_word' id='word_1_214' title='bbox 315 2131 503 2188; x_wconf 77' lang='lat' dir='ltr'>integros</span> <span class='ocrx_word' id='word_1_215' title='bbox 529 2129 696 2176; x_wconf 69' lang='lat' dir='ltr'>effeetus</span> <span class='ocrx_word' id='word_1_216' title='bbox 712 2131 845 2178; x_wconf 71' lang='lat' dir='ltr'>sortiri</span> <span class='ocrx_word' id='word_1_217' title='bbox 865 2163 880 2188; x_wconf 91' lang='lat'><strong>‚</strong></span> <span class='ocrx_word' id='word_1_218' title='bbox 906 2137 947 2178; x_wconf 77' lang='grc' dir='ltr'>δι</span> <span class='ocrx_word' id='word_1_219' title='bbox 975 2135 1194 2189; x_wconf 87' lang='lat' dir='ltr'>obtinere,</span> <span class='ocrx_word' id='word_1_220' title='bbox 1225 2150 1271 2178; x_wconf 83' lang='lat' dir='ltr'>ac</span> <span class='ocrx_word' id='word_1_221' title='bbox 1289 2145 1374 2178; x_wconf 86' lang='lat' dir='ltr'>tam</span> 
     </span>
     <span class='ocr_line' id='line_1_35' title="bbox 313 2189 1370 2251; baseline 0.002 -17"><span class='ocrx_word' id='word_1_222' title='bbox 313 2191 366 2234; x_wconf 86' lang='lat' dir='ltr'>ab</span> <span class='ocrx_word' id='word_1_223' title='bbox 393 2189 483 2248; x_wconf 82' lang='lat' dir='ltr'>iplis</span> <span class='ocrx_word' id='word_1_224' title='bbox 501 2190 716 2235; x_wconf 71' lang='lat' dir='ltr'>Abbatissa</span> <span class='ocrx_word' id='word_1_225' title='bbox 730 2220 745 2244; x_wconf 93' lang='lat'>,</span> <span class='ocrx_word' id='word_1_226' title='bbox 758 2195 801 2237; x_wconf 86' lang='lat'>&amp;</span> <span class='ocrx_word' id='word_1_227' title='bbox 814 2196 1040 2241; x_wconf 77' lang='lat' dir='ltr'>Conventu</span> <span class='ocrx_word' id='word_1_228' title='bbox 1053 2223 1069 2246; x_wconf 89' lang='lat'>‚</span> <span class='ocrx_word' id='word_1_229' title='bbox 1082 2208 1128 2239; x_wconf 86' lang='lat' dir='ltr'>ac</span> <span class='ocrx_word' id='word_1_230' title='bbox 1143 2197 1370 2251; x_wconf 84' lang='lat' dir='ltr'>Emptore,</span> 
     </span>
     <span class='ocr_line' id='line_1_36' title="bbox 314 2247 1371 2310; baseline 0.005 -18"><span class='ocrx_word' id='word_1_231' title='bbox 314 2247 385 2293; x_wconf 84' lang='lat' dir='ltr'>seu</span> <span class='ocrx_word' id='word_1_232' title='bbox 416 2249 685 2307; x_wconf 85' lang='lat' dir='ltr'>Emptoribus.</span> <span class='ocrx_word' id='word_1_233' title='bbox 709 2250 887 2306; x_wconf 85' lang='lat' dir='ltr'>praefatis</span> <span class='ocrx_word' id='word_1_234' title='bbox 897 2282 917 2303; x_wconf 20' lang='lat' dir='ltr'>,A</span> <span class='ocrx_word' id='word_1_235' title='bbox 930 2251 1200 2310; x_wconf 79' lang='lat' dir='ltr'>omnibusque</span> <span class='ocrx_word' id='word_1_236' title='bbox 1225 2266 1371 2297; x_wconf 88' lang='lat' dir='ltr'>eorum</span> 
     </span>
     <span class='ocr_line' id='line_1_37' title="bbox 313 2306 1373 2369; baseline 0.003 -19"><span class='ocrx_word' id='word_1_237' title='bbox 313 2306 544 2365; x_wconf 68' lang='lat' dir='ltr'>respective</span> <span class='ocrx_word' id='word_1_238' title='bbox 571 2309 888 2362; x_wconf 79' lang='lat' dir='ltr'>succefforibus,</span> <span class='ocrx_word' id='word_1_239' title='bbox 915 2312 1036 2369; x_wconf 70' lang='lat' dir='ltr'>quam</span> <span class='ocrx_word' id='word_1_240' title='bbox 1055 2311 1175 2364; x_wconf 83' lang='lat' dir='ltr'>aliis,</span> <span class='ocrx_word' id='word_1_241' title='bbox 1203 2312 1253 2355; x_wconf 86' lang='lat' dir='ltr'>ad</span> <span class='ocrx_word' id='word_1_242' title='bbox 1267 2324 1373 2369; x_wconf 88' lang='lat' dir='ltr'>quos.</span> 
     </span>
     <span class='ocr_line' id='line_1_38' title="bbox 316 2366 1369 2427; baseline 0.004 -17"><span class='ocrx_word' id='word_1_243' title='bbox 316 2381 427 2411; x_wconf 90' lang='lat' dir='ltr'>nunc</span> <span class='ocrx_word' id='word_1_244' title='bbox 457 2366 779 2425; x_wconf 87' lang='lat' dir='ltr'>quomodolibet</span> <span class='ocrx_word' id='word_1_245' title='bbox 807 2371 989 2426; x_wconf 63' lang='lat' dir='ltr'>spectat,</span> <span class='ocrx_word' id='word_1_246' title='bbox 1019 2370 1059 2412; x_wconf 76' lang='grc' dir='ltr'>δι</span> <span class='ocrx_word' id='word_1_247' title='bbox 1084 2368 1278 2427; x_wconf 69' lang='grc' dir='ltr'><strong>ᾣεᾶεώίῑ</strong></span> <span class='ocrx_word' id='word_1_248' title='bbox 1295 2384 1369 2427; x_wconf 86' lang='lat' dir='ltr'>pro</span> 
     </span>
     <span class='ocr_line' id='line_1_39' title="bbox 315 2427 1375 2483; baseline 0.004 -15"><span class='ocrx_word' id='word_1_249' title='bbox 315 2436 527 2482; x_wconf 79' lang='lat' dir='ltr'>tempore,</span> <span class='ocrx_word' id='word_1_250' title='bbox 543 2429 748 2483; x_wconf 77' lang='lat' dir='ltr'>perpetuo</span> <span class='ocrx_word' id='word_1_251' title='bbox 776 2457 789 2480; x_wconf 92' lang='lat'>,</span> <span class='ocrx_word' id='word_1_252' title='bbox 803 2427 977 2472; x_wconf 84' lang='lat' dir='ltr'>firmiter</span> <span class='ocrx_word' id='word_1_253' title='bbox 989 2458 1003 2481; x_wconf 91' lang='lat'>,</span> <span class='ocrx_word' id='word_1_254' title='bbox 1019 2430 1060 2470; x_wconf 91' lang='lat'>&amp;</span> <span class='ocrx_word' id='word_1_255' title='bbox 1075 2430 1375 2473; x_wconf 86' lang='lat' dir='ltr'>inviolabiliter-</span> 
     </span>
     <span class='ocr_line' id='line_1_40' title="bbox 312 2483 1368 2545; baseline 0.002 -16"><span class='ocrx_word' id='word_1_256' title='bbox 312 2483 520 2530; x_wconf 81' lang='lat' dir='ltr'>observari</span> <span class='ocrx_word' id='word_1_257' title='bbox 546 2514 561 2538; x_wconf 91' lang='lat'>,</span> <span class='ocrx_word' id='word_1_258' title='bbox 587 2487 627 2528; x_wconf 88' lang='lat'>&amp;</span> <span class='ocrx_word' id='word_1_259' title='bbox 659 2486 879 2544; x_wconf 85' lang='lat' dir='ltr'>adimpleri</span> <span class='ocrx_word' id='word_1_260' title='bbox 904 2487 1062 2534; x_wconf 81' lang='lat' dir='ltr'>debere</span> <span class='ocrx_word' id='word_1_261' title='bbox 1085 2517 1100 2540; x_wconf 83' lang='lat'>,</span> <span class='ocrx_word' id='word_1_262' title='bbox 1132 2488 1183 2532; x_wconf 87' lang='lat' dir='ltr'>ab</span> <span class='ocrx_word' id='word_1_263' title='bbox 1211 2489 1368 2545; x_wconf 87' lang='lat' dir='ltr'>iliisque</span> 
     </span>
     <span class='ocr_line' id='line_1_41' title="bbox 312 2544 1369 2605; baseline 0.002 -17"><span class='ocrx_word' id='word_1_264' title='bbox 312 2544 489 2597; x_wconf 83' lang='lat' dir='ltr'>refiliri,</span> <span class='ocrx_word' id='word_1_265' title='bbox 522 2552 595 2588; x_wconf 86' lang='lat' dir='ltr'>aut</span> <span class='ocrx_word' id='word_1_266' title='bbox 617 2546 792 2599; x_wconf 85' lang='lat' dir='ltr'>recedi,</span> <span class='ocrx_word' id='word_1_267' title='bbox 825 2546 1060 2592; x_wconf 89' lang='lat' dir='ltr'>nullatenus</span> <span class='ocrx_word' id='word_1_268' title='bbox 1090 2547 1369 2605; x_wconf 88' lang='lat' dir='ltr'>unquampos-</span> 
     </span>
     <span class='ocr_line' id='line_1_42' title="bbox 308 2603 1377 2665; baseline 0.002 -18"><span class='ocrx_word' id='word_1_269' title='bbox 308 2603 353 2647; x_wconf 90' lang='lat' dir='ltr'>se</span> <span class='ocrx_word' id='word_1_270' title='bbox 371 2633 386 2657; x_wconf 91' lang='lat'>,</span> <span class='ocrx_word' id='word_1_271' title='bbox 418 2603 553 2662; x_wconf 76' lang='lat' dir='ltr'>sicque</span> <span class='ocrx_word' id='word_1_272' title='bbox 567 2617 642 2660; x_wconf 85' lang='lat' dir='ltr'>per</span> <span class='ocrx_word' id='word_1_273' title='bbox 659 2605 1097 2665; x_wconf 87' lang='lat' dir='ltr'>quoscunqueJudices</span> <span class='ocrx_word' id='word_1_274' title='bbox 1113 2608 1377 2659; x_wconf 72' lang='lat' dir='ltr'>Ordinatios,</span> 
     </span>
     <span class='ocr_line' id='line_1_43' title="bbox 309 2663 1368 2721; baseline 0.002 -15"><span class='ocrx_word' id='word_1_275' title='bbox 309 2665 350 2706; x_wconf 73' lang='grc' dir='ltr'>δε</span> <span class='ocrx_word' id='word_1_276' title='bbox 379 2663 609 2721; x_wconf 87' lang='lat' dir='ltr'>Delegatos</span> <span class='ocrx_word' id='word_1_277' title='bbox 630 2693 645 2717; x_wconf 85' lang='lat'>,</span> <span class='ocrx_word' id='word_1_278' title='bbox 679 2665 807 2707; x_wconf 80' lang='lat' dir='ltr'>ctiam</span> <span class='ocrx_word' id='word_1_279' title='bbox 837 2668 1066 2711; x_wconf 85' lang='lat' dir='ltr'>Causarum</span> <span class='ocrx_word' id='word_1_280' title='bbox 1085 2666 1235 2709; x_wconf 89' lang='lat' dir='ltr'>Palatii</span> <span class='ocrx_word' id='word_1_281' title='bbox 1255 2669 1368 2721; x_wconf 85' lang='lat' dir='ltr'>Apo-</span> 
     </span>
     <span class='ocr_line' id='line_1_44' title="bbox 307 2720 1372 2787; baseline 0 -21"><span class='ocrx_word' id='word_1_282' title='bbox 307 2721 442 2766; x_wconf 80' lang='lat' dir='ltr'>stolici</span> <span class='ocrx_word' id='word_1_283' title='bbox 461 2720 685 2787; x_wconf 73' lang='lat' dir='ltr'>Auditores</span> <span class='ocrx_word' id='word_1_284' title='bbox 699 2723 908 2781; x_wconf 83' lang='lat' dir='ltr'>judicari,</span> <span class='ocrx_word' id='word_1_285' title='bbox 942 2727 982 2768; x_wconf 85' lang='lat'>&amp;</span> <span class='ocrx_word' id='word_1_286' title='bbox 1007 2722 1168 2768; x_wconf 84' lang='lat' dir='ltr'>definiri</span> <span class='ocrx_word' id='word_1_287' title='bbox 1185 2724 1372 2776; x_wconf 67' lang='lat' dir='ltr'>debere,</span> 
     </span>
     <span class='ocr_line' id='line_1_45' title="bbox 310 2781 1368 2899; baseline -0.01 -12"><span class='ocrx_word' id='word_1_288' title='bbox 310 2781 1248 2899; x_wconf 51' lang='lat' dir='ltr'>25⁵2222533525012fsz&#39;xt222&#39;221‘222002222&#39;5:</span> <span class='ocrx_word' id='word_1_289' title='bbox 1267 2795 1368 2883; x_wconf 64' lang='lat'>{¹321</span> 
     </span>
     <span class='ocr_line' id='line_1_46' title="bbox 312 2898 1367 2955; baseline 0.001 -12"><span class='ocrx_word' id='word_1_290' title='bbox 312 2898 460 2955; x_wconf 85' lang='lat' dir='ltr'>tigerit</span> <span class='ocrx_word' id='word_1_291' title='bbox 486 2900 688 2942; x_wconf 85' lang='lat' dir='ltr'>attentari</span> <span class='ocrx_word' id='word_1_292' title='bbox 710 2928 727 2953; x_wconf 87' lang='lat'>,</span> <span class='ocrx_word' id='word_1_293' title='bbox 758 2901 919 2945; x_wconf 88' lang='lat' dir='ltr'>irritum</span> <span class='ocrx_word' id='word_1_294' title='bbox 935 2931 950 2954; x_wconf 92' lang='lat'>,</span> <span class='ocrx_word' id='word_1_295' title='bbox 978 2903 1019 2944; x_wconf 75' lang='grc' dir='ltr'>δε</span> <span class='ocrx_word' id='word_1_296' title='bbox 1044 2903 1194 2952; x_wconf 90' lang='lat' dir='ltr'>inane,</span> <span class='ocrx_word' id='word_1_297' title='bbox 1225 2901 1367 2944; x_wconf 70' lang='lat' dir='ltr'>dista...</span> 
     </span>
     <span class='ocr_line' id='line_1_47' title="bbox 309 2957 1364 3014; baseline -0.003 -11"><span class='ocrx_word' id='word_1_298' title='bbox 309 2957 575 3003; x_wconf 59' lang='lat' dir='ltr'>Auum-itate</span> <span class='ocrx_word' id='word_1_299' title='bbox 605 2960 755 3001; x_wconf 83' lang='lat' dir='ltr'>Nostra</span> <span class='ocrx_word' id='word_1_300' title='bbox 782 2958 1013 3014; x_wconf 82' lang='lat' dir='ltr'>decernas;</span> <span class='ocrx_word' id='word_1_301' title='bbox 1044 2963 1143 3003; x_wconf 88' lang='lat' dir='ltr'>Non</span> <span class='ocrx_word' id='word_1_302' title='bbox 1169 2959 1364 3003; x_wconf 87' lang='lat' dir='ltr'>obstanti-</span> 
     </span>
     <span class='ocr_line' id='line_1_48' title="bbox 312 3016 1367 3076; baseline -0.003 -13"><span class='ocrx_word' id='word_1_303' title='bbox 312 3019 387 3062; x_wconf 88' lang='lat' dir='ltr'>bus</span> <span class='ocrx_word' id='word_1_304' title='bbox 413 3017 629 3059; x_wconf 83' lang='lat' dir='ltr'>voluntate</span> <span class='ocrx_word' id='word_1_305' title='bbox 654 3016 1008 3073; x_wconf 70' lang='lat' dir='ltr'>praedistiJoannis</span> <span class='ocrx_word' id='word_1_306' title='bbox 1021 3017 1232 3074; x_wconf 72' lang='lat' dir='ltr'>Baptistae,</span> <span class='ocrx_word' id='word_1_307' title='bbox 1265 3032 1367 3076; x_wconf 87' lang='lat' dir='ltr'>qua-</span> 
     </span>
     <span class='ocr_line' id='line_1_49' title="bbox 312 3074 1362 3133; baseline -0.001 -12"><span class='ocrx_word' id='word_1_308' title='bbox 312 3089 435 3121; x_wconf 85' lang='lat' dir='ltr'>tenus</span> <span class='ocrx_word' id='word_1_309' title='bbox 463 3076 504 3119; x_wconf 87' lang='lat' dir='ltr'>in</span> <span class='ocrx_word' id='word_1_310' title='bbox 531 3074 672 3131; x_wconf 90' lang='lat' dir='ltr'>aliquo</span> <span class='ocrx_word' id='word_1_311' title='bbox 686 3075 1028 3132; x_wconf 68' lang='lat' dir='ltr'>obstet‚aliilqne</span> <span class='ocrx_word' id='word_1_312' title='bbox 1052 3076 1285 3133; x_wconf 81' lang='lat' dir='ltr'>praemiffis,</span> <span class='ocrx_word' id='word_1_313' title='bbox 1315 3091 1362 3120; x_wconf 86' lang='lat' dir='ltr'>ac</span> 
     </span>
     <span class='ocr_line' id='line_1_50' title="bbox 311 3133 1362 3190; baseline -0.002 -11"><span class='ocrx_word' id='word_1_314' title='bbox 311 3137 387 3180; x_wconf 86' lang='lat' dir='ltr'>fel.</span> <span class='ocrx_word' id='word_1_315' title='bbox 418 3134 585 3179; x_wconf 86' lang='lat' dir='ltr'>record.</span> <span class='ocrx_word' id='word_1_316' title='bbox 610 3134 724 3177; x_wconf 87' lang='lat' dir='ltr'>Pauli</span> <span class='ocrx_word' id='word_1_317' title='bbox 738 3137 928 3190; x_wconf 82' lang='lat' dir='ltr'>Papaell.</span> <span class='ocrx_word' id='word_1_318' title='bbox 954 3133 1261 3178; x_wconf 80' lang='lat' dir='ltr'>Praedecefforis</span> <span class='ocrx_word' id='word_1_319' title='bbox 1275 3137 1362 3178; x_wconf 86' lang='lat' dir='ltr'>No-</span> 
     </span>
     <span class='ocr_line' id='line_1_51' title="bbox 310 3191 1364 3251; baseline -0.004 -12"><span class='ocrx_word' id='word_1_320' title='bbox 310 3196 400 3246; x_wconf 81' lang='lat' dir='ltr'>stri,</span> <span class='ocrx_word' id='word_1_321' title='bbox 418 3194 473 3238; x_wconf 89' lang='lat' dir='ltr'>de</span> <span class='ocrx_word' id='word_1_322' title='bbox 498 3195 621 3237; x_wconf 87' lang='lat' dir='ltr'>rebus</span> <span class='ocrx_word' id='word_1_323' title='bbox 638 3191 828 3237; x_wconf 78' lang='lat' dir='ltr'>Ecclefiae</span> <span class='ocrx_word' id='word_1_324' title='bbox 844 3208 924 3237; x_wconf 91' lang='lat' dir='ltr'>non</span> <span class='ocrx_word' id='word_1_325' title='bbox 941 3193 1163 3238; x_wconf 81' lang='lat' dir='ltr'>alienandis</span> <span class='ocrx_word' id='word_1_326' title='bbox 1176 3220 1191 3243; x_wconf 87' lang='lat'>,</span> <span class='ocrx_word' id='word_1_327' title='bbox 1205 3209 1253 3237; x_wconf 85' lang='lat' dir='ltr'>ac</span> <span class='ocrx_word' id='word_1_328' title='bbox 1269 3194 1364 3251; x_wconf 88' lang='lat' dir='ltr'>qui-</span> 
     </span>
     <span class='ocr_line' id='line_1_52' title="bbox 310 3251 1368 3309; baseline -0.002 -11"><span class='ocrx_word' id='word_1_329' title='bbox 310 3254 445 3299; x_wconf 85' lang='lat' dir='ltr'>busvis</span> <span class='ocrx_word' id='word_1_330' title='bbox 475 3253 564 3296; x_wconf 88' lang='lat' dir='ltr'>aliis</span> <span class='ocrx_word' id='word_1_331' title='bbox 581 3251 854 3309; x_wconf 81' lang='lat' dir='ltr'>Apostolicis,</span> <span class='ocrx_word' id='word_1_332' title='bbox 885 3265 1050 3297; x_wconf 85' lang='lat' dir='ltr'>necnon</span> <span class='ocrx_word' id='word_1_333' title='bbox 1075 3251 1368 3304; x_wconf 73' lang='lat' dir='ltr'>Sinodalibus,</span> 
     </span>
     <span class='ocr_line' id='line_1_53' title="bbox 310 3311 1362 3371; baseline -0.003 -14"><span class='ocrx_word' id='word_1_334' title='bbox 310 3313 640 3357; x_wconf 87' lang='lat' dir='ltr'>Provincialibus</span> <span class='ocrx_word' id='word_1_335' title='bbox 655 3339 668 3363; x_wconf 87' lang='lat'>,</span> <span class='ocrx_word' id='word_1_336' title='bbox 695 3312 1067 3371; x_wconf 73' lang='lat' dir='ltr'>universalibusque</span> <span class='ocrx_word' id='word_1_337' title='bbox 1088 3311 1362 3356; x_wconf 78' lang='lat' dir='ltr'>Constitutio-</span> 
     </span>
     <span class='ocr_line' id='line_1_54' title="bbox 310 3371 1363 3425; baseline -0.004 -8"><span class='ocrx_word' id='word_1_338' title='bbox 310 3373 434 3418; x_wconf 90' lang='lat' dir='ltr'>nibus</span> <span class='ocrx_word' id='word_1_339' title='bbox 451 3401 465 3425; x_wconf 89' lang='lat'>,</span> <span class='ocrx_word' id='word_1_340' title='bbox 496 3374 537 3415; x_wconf 76' lang='grc' dir='ltr'>δε</span> <span class='ocrx_word' id='word_1_341' title='bbox 563 3372 903 3415; x_wconf 80' lang='lat' dir='ltr'>ordinationibus</span> <span class='ocrx_word' id='word_1_342' title='bbox 920 3399 934 3422; x_wconf 87' lang='lat'>,</span> <span class='ocrx_word' id='word_1_343' title='bbox 965 3385 1012 3415; x_wconf 88' lang='lat' dir='ltr'>ac</span> <span class='ocrx_word' id='word_1_344' title='bbox 1033 3371 1186 3415; x_wconf 84' lang='lat' dir='ltr'>veteris</span> <span class='ocrx_word' id='word_1_345' title='bbox 1215 3375 1363 3416; x_wconf 81' lang='lat' dir='ltr'>Mona-</span> 
     </span>
     <span class='ocr_line' id='line_1_55' title="bbox 313 3430 1361 3487; baseline -0.003 -11"><span class='ocrx_word' id='word_1_346' title='bbox 313 3432 424 3476; x_wconf 85' lang='lat' dir='ltr'>sterii</span> <span class='ocrx_word' id='word_1_347' title='bbox 443 3461 458 3484; x_wconf 93' lang='lat'>,</span> <span class='ocrx_word' id='word_1_348' title='bbox 485 3434 526 3475; x_wconf 76' lang='grc' dir='ltr'>δι</span> <span class='ocrx_word' id='word_1_349' title='bbox 550 3430 719 3476; x_wconf 85' lang='lat' dir='ltr'>Ordinis</span> <span class='ocrx_word' id='word_1_350' title='bbox 740 3430 967 3487; x_wconf 88' lang='lat' dir='ltr'>hujusmodi</span> <span class='ocrx_word' id='word_1_351' title='bbox 991 3430 1361 3486; x_wconf 87' lang='lat' dir='ltr'>juramento,Con-</span> 
     </span>
     <span class='ocr_line' id='line_1_56' title="bbox 310 3489 1356 3547; baseline 0 -13"><span class='ocrx_word' id='word_1_352' title='bbox 310 3489 546 3535; x_wconf 79' lang='lat' dir='ltr'>firmatione</span> <span class='ocrx_word' id='word_1_353' title='bbox 575 3490 805 3547; x_wconf 80' lang='lat' dir='ltr'>Apostolica</span> <span class='ocrx_word' id='word_1_354' title='bbox 823 3520 839 3544; x_wconf 92' lang='lat'>,</span> <span class='ocrx_word' id='word_1_355' title='bbox 864 3491 929 3533; x_wconf 81' lang='lat' dir='ltr'>vel</span> <span class='ocrx_word' id='word_1_356' title='bbox 956 3492 1096 3547; x_wconf 80' lang='lat' dir='ltr'>quavis</span> <span class='ocrx_word' id='word_1_357' title='bbox 1125 3489 1356 3535; x_wconf 56' lang='lat' dir='ltr'>firmitate,</span> 
     </span>
     <span class='ocr_line' id='line_1_57' title="bbox 309 3548 1358 3602; baseline 0 -11"><span class='ocrx_word' id='word_1_358' title='bbox 309 3548 390 3592; x_wconf 79' lang='lat' dir='ltr'>alia</span> <span class='ocrx_word' id='word_1_359' title='bbox 420 3551 629 3595; x_wconf 83' lang='lat' dir='ltr'>roboratis</span> <span class='ocrx_word' id='word_1_360' title='bbox 662 3549 819 3594; x_wconf 83' lang='lat' dir='ltr'>statutis</span> <span class='ocrx_word' id='word_1_361' title='bbox 853 3579 868 3602; x_wconf 89' lang='lat'>,</span> <span class='ocrx_word' id='word_1_362' title='bbox 893 3551 932 3591; x_wconf 75' lang='grc' dir='ltr'>δι</span> <span class='ocrx_word' id='word_1_363' title='bbox 967 3549 1358 3598; x_wconf 77' lang='lat' dir='ltr'>consuetudinibus,</span> 
     </span>
     <span class='ocr_line' id='line_1_58' title="bbox 311 3607 1150 3667; baseline 0.001 -16"><span class='ocrx_word' id='word_1_364' title='bbox 311 3607 550 3667; x_wconf 68' lang='lat' dir='ltr'>caterisque</span> <span class='ocrx_word' id='word_1_365' title='bbox 577 3610 796 3655; x_wconf 81' lang='lat' dir='ltr'>contrariis</span> <span class='ocrx_word' id='word_1_366' title='bbox 823 3607 1150 3667; x_wconf 84' lang='lat' dir='ltr'>quibuscunque.</span> 
     </span>
     <span class='ocr_line' id='line_1_59' title="bbox 371 3662 1357 3728; baseline -0.001 -17"><span class='ocrx_word' id='word_1_367' title='bbox 371 3667 574 3714; x_wconf 80' lang='lat' dir='ltr'>Volumus</span> <span class='ocrx_word' id='word_1_368' title='bbox 604 3680 741 3714; x_wconf 84' lang='lat' dir='ltr'>autem</span> <span class='ocrx_word' id='word_1_369' title='bbox 763 3699 777 3722; x_wconf 90' lang='lat'>,</span> <span class='ocrx_word' id='word_1_370' title='bbox 800 3669 910 3728; x_wconf 88' lang='lat' dir='ltr'>quod</span> <span class='ocrx_word' id='word_1_371' title='bbox 925 3670 1192 3721; x_wconf 89' lang='lat' dir='ltr'>Dominium‚</span> <span class='ocrx_word' id='word_1_372' title='bbox 1216 3662 1357 3725; x_wconf 69' lang='lat' dir='ltr'>&amp;pos-</span> 
     </span>
     <span class='ocr_line' id='line_1_60' title="bbox 309 3723 1355 3784; baseline 0.004 -17"><span class='ocrx_word' id='word_1_373' title='bbox 309 3723 423 3769; x_wconf 74' lang='lat' dir='ltr'>semo</span> <span class='ocrx_word' id='word_1_374' title='bbox 451 3728 604 3772; x_wconf 82' lang='lat' dir='ltr'>veteris</span> <span class='ocrx_word' id='word_1_375' title='bbox 621 3729 883 3782; x_wconf 86' lang='lat' dir='ltr'>Monasterii,</span> <span class='ocrx_word' id='word_1_376' title='bbox 911 3740 958 3773; x_wconf 90' lang='lat' dir='ltr'>ut</span> <span class='ocrx_word' id='word_1_377' title='bbox 982 3725 1227 3784; x_wconf 77' lang='lat' dir='ltr'>praefertur‚</span> <span class='ocrx_word' id='word_1_378' title='bbox 1255 3741 1355 3771; x_wconf 80' lang='lat' dir='ltr'>ven-</span> 
     </span>
     <span class='ocr_line' id='line_1_61' title="bbox 306 3783 1352 3846; baseline 0.003 -19"><span class='ocrx_word' id='word_1_379' title='bbox 306 3783 432 3832; x_wconf 88' lang='lat' dir='ltr'>dendi</span> <span class='ocrx_word' id='word_1_380' title='bbox 449 3786 489 3830; x_wconf 90' lang='lat' dir='ltr'>in</span> <span class='ocrx_word' id='word_1_381' title='bbox 502 3788 747 3845; x_wconf 79' lang='lat' dir='ltr'>Emptorem</span> <span class='ocrx_word' id='word_1_382' title='bbox 766 3818 782 3843; x_wconf 90' lang='lat'>,</span> <span class='ocrx_word' id='word_1_383' title='bbox 807 3789 873 3833; x_wconf 88' lang='lat' dir='ltr'>seu</span> <span class='ocrx_word' id='word_1_384' title='bbox 891 3791 1109 3846; x_wconf 86' lang='lat' dir='ltr'>Emptores</span> <span class='ocrx_word' id='word_1_385' title='bbox 1128 3798 1248 3832; x_wconf 86' lang='lat' dir='ltr'>antea</span> <span class='ocrx_word' id='word_1_386' title='bbox 1271 3801 1352 3832; x_wconf 87' lang='lat' dir='ltr'>non</span> 
     </span>
    </p>
   </div>
   <div class='ocr_carea' id='block_1_4' title="bbox 1449 289 2506 878">
    <p class='ocr_par' dir='ltr' id='par_1_4' title="bbox 1449 289 2506 878">
     <span class='ocr_line' id='line_1_62' title="bbox 1467 289 2506 346; baseline 0.006 -8"><span class='ocrx_word' id='word_1_387' title='bbox 1467 291 1772 338; x_wconf 82' lang='lat' dir='ltr'>transferantur</span> <span class='ocrx_word' id='word_1_388' title='bbox 1783 318 1800 342; x_wconf 88' lang='lat'>‚</span> <span class='ocrx_word' id='word_1_389' title='bbox 1814 289 1939 346; x_wconf 67' lang='lat' dir='ltr'>quam</span> <span class='ocrx_word' id='word_1_390' title='bbox 1954 304 2109 337; x_wconf 83' lang='lat' dir='ltr'>novum</span> <span class='ocrx_word' id='word_1_391' title='bbox 2125 297 2414 342; x_wconf 80' lang='lat' dir='ltr'>Monasserium</span> <span class='ocrx_word' id='word_1_392' title='bbox 2435 303 2506 344; x_wconf 85' lang='lat' dir='ltr'>hu-</span> 
     </span>
     <span class='ocr_line' id='line_1_63' title="bbox 1468 348 2506 411; baseline 0.009 -16"><span class='ocrx_word' id='word_1_393' title='bbox 1468 352 1640 397; x_wconf 84' lang='lat' dir='ltr'>’usmodi</span> <span class='ocrx_word' id='word_1_394' title='bbox 1654 349 1842 395; x_wconf 87' lang='lat' dir='ltr'>omnibus</span> <span class='ocrx_word' id='word_1_395' title='bbox 1857 348 1933 392; x_wconf 84' lang='lat' dir='ltr'>suis</span> <span class='ocrx_word' id='word_1_396' title='bbox 1947 355 2122 396; x_wconf 81' lang='lat' dir='ltr'>numeris</span> <span class='ocrx_word' id='word_1_397' title='bbox 2140 354 2394 411; x_wconf 88' lang='lat' dir='ltr'>absolutum,</span> <span class='ocrx_word' id='word_1_398' title='bbox 2409 361 2506 405; x_wconf 82' lang='lat' dir='ltr'>&amp;in</span> 
     </span>
     <span class='ocr_line' id='line_1_64' title="bbox 1461 409 2506 471; baseline 0.008 -17"><span class='ocrx_word' id='word_1_399' title='bbox 1461 411 1566 457; x_wconf 81' lang='lat' dir='ltr'>illud</span> <span class='ocrx_word' id='word_1_400' title='bbox 1581 409 1808 461; x_wconf 75' lang='lat' dir='ltr'>Abbatiffa,</span> <span class='ocrx_word' id='word_1_401' title='bbox 1824 409 1866 453; x_wconf 75' lang='grc' dir='ltr'>δι</span> <span class='ocrx_word' id='word_1_402' title='bbox 1886 409 2088 453; x_wconf 74' lang='lat' dir='ltr'>Moniales</span> <span class='ocrx_word' id='word_1_403' title='bbox 2106 415 2298 466; x_wconf 61' lang='lat' dir='ltr'>praedieiae</span> <span class='ocrx_word' id='word_1_404' title='bbox 2317 419 2506 471; x_wconf 83' lang='lat' dir='ltr'>realiter,</span> 
     </span>
     <span class='ocr_line' id='line_1_65' title="bbox 1460 466 2506 530; baseline 0.009 -19"><span class='ocrx_word' id='word_1_405' title='bbox 1460 473 1502 516; x_wconf 75' lang='grc' dir='ltr'>δι</span> <span class='ocrx_word' id='word_1_406' title='bbox 1516 481 1611 514; x_wconf 85' lang='lat' dir='ltr'>cum</span> <span class='ocrx_word' id='word_1_407' title='bbox 1623 467 1770 514; x_wconf 71' lang='lat' dir='ltr'>effectu</span> <span class='ocrx_word' id='word_1_408' title='bbox 1786 466 1992 511; x_wconf 84' lang='lat' dir='ltr'>translatae</span> <span class='ocrx_word' id='word_1_409' title='bbox 2006 468 2226 524; x_wconf 68' lang='lat' dir='ltr'>respective</span> <span class='ocrx_word' id='word_1_410' title='bbox 2239 475 2393 520; x_wconf 86' lang='lat' dir='ltr'>fuerint</span> <span class='ocrx_word' id='word_1_411' title='bbox 2406 506 2422 530; x_wconf 89' lang='lat'>‚</span> <span class='ocrx_word' id='word_1_412' title='bbox 2435 477 2506 520; x_wconf 89' lang='lat' dir='ltr'>sed</span> 
     </span>
     <span class='ocr_line' id='line_1_66' title="bbox 1458 523 2504 579; baseline 0.007 -6"><span class='ocrx_word' id='word_1_413' title='bbox 1458 529 1624 573; x_wconf 89' lang='lat' dir='ltr'>interim</span> <span class='ocrx_word' id='word_1_414' title='bbox 1651 527 1798 572; x_wconf 85' lang='lat' dir='ltr'>eadem</span> <span class='ocrx_word' id='word_1_415' title='bbox 1817 523 2026 569; x_wconf 79' lang='lat' dir='ltr'>Abbatiisa</span> <span class='ocrx_word' id='word_1_416' title='bbox 2041 555 2055 578; x_wconf 90' lang='lat'>,</span> <span class='ocrx_word' id='word_1_417' title='bbox 2078 528 2116 568; x_wconf 84' lang='lat'>&amp;</span> <span class='ocrx_word' id='word_1_418' title='bbox 2144 532 2344 577; x_wconf 84' lang='lat' dir='ltr'>Moniales</span> <span class='ocrx_word' id='word_1_419' title='bbox 2366 537 2408 578; x_wconf 89' lang='lat' dir='ltr'>in</span> <span class='ocrx_word' id='word_1_420' title='bbox 2430 549 2504 579; x_wconf 82' lang='lat' dir='ltr'>ve-</span> 
     </span>
     <span class='ocr_line' id='line_1_67' title="bbox 1455 584 2505 643; baseline 0.007 -11"><span class='ocrx_word' id='word_1_421' title='bbox 1455 588 1535 632; x_wconf 87' lang='lat' dir='ltr'>teri</span> <span class='ocrx_word' id='word_1_422' title='bbox 1562 585 1813 630; x_wconf 87' lang='lat' dir='ltr'>Monasterio</span> <span class='ocrx_word' id='word_1_423' title='bbox 1837 585 2030 643; x_wconf 67' lang='lat' dir='ltr'>praedifto</span> <span class='ocrx_word' id='word_1_424' title='bbox 2055 584 2126 628; x_wconf 89' lang='lat' dir='ltr'>sub</span> <span class='ocrx_word' id='word_1_425' title='bbox 2148 586 2345 636; x_wconf 84' lang='lat' dir='ltr'>Clausura</span> <span class='ocrx_word' id='word_1_426' title='bbox 2372 608 2505 639; x_wconf 87' lang='lat' dir='ltr'>rema-</span> 
     </span>
     <span class='ocr_line' id='line_1_68' title="bbox 1455 646 2506 703; baseline -0.002 -14"><span class='ocrx_word' id='word_1_427' title='bbox 1455 655 1611 696; x_wconf 85' lang='lat' dir='ltr'>neant,</span> <span class='ocrx_word' id='word_1_428' title='bbox 1627 654 1672 686; x_wconf 90' lang='lat' dir='ltr'>ut</span> <span class='ocrx_word' id='word_1_429' title='bbox 1703 646 1815 702; x_wconf 89' lang='lat' dir='ltr'>prius</span> <span class='ocrx_word' id='word_1_430' title='bbox 1839 672 1852 686; x_wconf 86' lang='lat'><strong>.</strong></span> <span class='ocrx_word' id='word_1_431' title='bbox 1893 646 2048 687; x_wconf 89' lang='lat' dir='ltr'>Datum</span> <span class='ocrx_word' id='word_1_432' title='bbox 2063 646 2202 688; x_wconf 77' lang='lat' dir='ltr'>Romae</span> <span class='ocrx_word' id='word_1_433' title='bbox 2229 650 2335 703; x_wconf 84' lang='lat' dir='ltr'>apud</span> <span class='ocrx_word' id='word_1_434' title='bbox 2363 654 2403 693; x_wconf 89' lang='lat' dir='ltr'>S.</span> <span class='ocrx_word' id='word_1_435' title='bbox 2418 656 2506 696; x_wconf 67' lang='lat' dir='ltr'>Ma..</span> 
     </span>
     <span class='ocr_line' id='line_1_69' title="bbox 1453 702 2505 760; baseline 0.005 -13"><span class='ocrx_word' id='word_1_436' title='bbox 1453 705 1557 748; x_wconf 86' lang='lat' dir='ltr'>riam</span> <span class='ocrx_word' id='word_1_437' title='bbox 1586 702 1790 760; x_wconf 77' lang='lat' dir='ltr'>Majorem</span> <span class='ocrx_word' id='word_1_438' title='bbox 1815 706 1938 748; x_wconf 78' lang='lat' dir='ltr'>Anno</span> <span class='ocrx_word' id='word_1_439' title='bbox 1965 705 2291 749; x_wconf 83' lang='lat' dir='ltr'>lnncarnationis</span> <span class='ocrx_word' id='word_1_440' title='bbox 2318 710 2505 752; x_wconf 84' lang='lat' dir='ltr'>Domini·</span> 
     </span>
     <span class='ocr_line' id='line_1_70' title="bbox 1450 761 2498 820; baseline 0.004 -14"><span class='ocrx_word' id='word_1_441' title='bbox 1450 778 1507 806; x_wconf 87' lang='lat' dir='ltr'>cae</span> <span class='ocrx_word' id='word_1_442' title='bbox 1543 761 1758 805; x_wconf 66' lang='lat' dir='ltr'>millesimo</span> <span class='ocrx_word' id='word_1_443' title='bbox 1793 762 2088 805; x_wconf 70' lang='lat' dir='ltr'>sexcentesimo</span> <span class='ocrx_word' id='word_1_444' title='bbox 2126 764 2333 820; x_wconf 83' lang='lat' dir='ltr'>trigeiimo</span> <span class='ocrx_word' id='word_1_445' title='bbox 2371 769 2498 811; x_wconf 87' lang='lat' dir='ltr'>tertio</span> 
     </span>
     <span class='ocr_line' id='line_1_71' title="bbox 1449 820 2471 878; baseline 0.002 -11"><span class='ocrx_word' id='word_1_446' title='bbox 1449 823 1550 868; x_wconf 87' lang='lat' dir='ltr'>Idus</span> <span class='ocrx_word' id='word_1_447' title='bbox 1563 820 1665 878; x_wconf 89' lang='lat' dir='ltr'>Julii</span> <span class='ocrx_word' id='word_1_448' title='bbox 1677 848 1692 873; x_wconf 84' lang='lat'>,</span> <span class='ocrx_word' id='word_1_449' title='bbox 1707 820 1978 866; x_wconf 85' lang='lat' dir='ltr'>Pontificatus</span> <span class='ocrx_word' id='word_1_450' title='bbox 1995 822 2133 867; x_wconf 85' lang='lat' dir='ltr'>Nostri</span> <span class='ocrx_word' id='word_1_451' title='bbox 2154 829 2272 868; x_wconf 86' lang='lat' dir='ltr'>Anno</span> <span class='ocrx_word' id='word_1_452' title='bbox 2287 824 2471 870; x_wconf 87' lang='lat' dir='ltr'>decimo.</span> 
     </span>
    </p>
   </div>
   <div class='ocr_carea' id='block_1_5' title="bbox 1507 937 2456 998">
    <p class='ocr_par' dir='ltr' id='par_1_5' title="bbox 1507 937 2456 998">
     <span class='ocr_line' id='line_1_72' title="bbox 1507 937 2456 998; baseline 0.002 -13"><span class='ocrx_word' id='word_1_453' title='bbox 1507 940 1628 985; x_wconf 80' lang='lat' dir='ltr'>Bulla</span> <span class='ocrx_word' id='word_1_454' title='bbox 1638 937 1830 998; x_wconf 79' lang='lat' dir='ltr'>formata</span> <span class='ocrx_word' id='word_1_455' title='bbox 1854 942 1898 982; x_wconf 77' lang='lat' dir='ltr'>t&#39;n</span> <span class='ocrx_word' id='word_1_456' title='bbox 1914 939 2037 983; x_wconf 84' lang='lat' dir='ltr'>Arch.</span> <span class='ocrx_word' id='word_1_457' title='bbox 2056 944 2275 986; x_wconf 69' lang='lat' dir='ltr'>conventas</span> <span class='ocrx_word' id='word_1_458' title='bbox 2289 944 2456 987; x_wconf 88' lang='lat' dir='ltr'>Monlal.</span> 
     </span>
    </p>
   </div>
   <div class='ocr_carea' id='block_1_6' title="bbox 1831 1082 2145 1097">
    <p class='ocr_par' dir='ltr' id='par_1_6' title="bbox 1831 1082 2145 1097">
     <span class='ocr_line' id='line_1_73' title="bbox 1831 1082 2145 1097; baseline 0 2971"><span class='ocrx_word' id='word_1_459' title='bbox 1831 1082 2145 1097; x_wconf 95' lang='lat' dir='ltr'> </span> 
     </span>
    </p>
   </div>
   <div class='ocr_carea' id='block_1_7' title="bbox 2146 1084 2375 1098">
    <p class='ocr_par' dir='ltr' id='par_1_7' title="bbox 2146 1084 2375 1098">
     <span class='ocr_line' id='line_1_74' title="bbox 2146 1084 2375 1098; baseline 0 2970"><span class='ocrx_word' id='word_1_460' title='bbox 2146 1084 2375 1098; x_wconf 95' lang='lat' dir='ltr'> </span> 
     </span>
    </p>
   </div>
   <div class='ocr_carea' id='block_1_8' title="bbox 1447 1177 2498 1518">
    <p class='ocr_par' dir='ltr' id='par_1_8' title="bbox 1447 1177 2498 1518">
     <span class='ocr_line' id='line_1_75' title="bbox 1447 1177 2498 1239; baseline 0.001 -7"><span class='ocrx_word' id='word_1_461' title='bbox 1447 1185 1659 1233; x_wconf 87' lang='lat' dir='ltr'>Domum</span> <span class='ocrx_word' id='word_1_462' title='bbox 1694 1215 1711 1239; x_wconf 87' lang='lat'>,</span> <span class='ocrx_word' id='word_1_463' title='bbox 1748 1177 1799 1231; x_wconf 72' lang='grc'>8(</span> <span class='ocrx_word' id='word_1_464' title='bbox 1848 1177 2097 1231; x_wconf 81' lang='lat' dir='ltr'>Ecclesiam</span> <span class='ocrx_word' id='word_1_465' title='bbox 2139 1182 2253 1233; x_wconf 86' lang='lat' dir='ltr'>Loci</span> <span class='ocrx_word' id='word_1_466' title='bbox 2283 1185 2498 1234; x_wconf 73' lang='lat' dir='ltr'>Amutri-</span> 
     </span>
     <span class='ocr_line' id='line_1_76' title="bbox 1517 1247 2496 1324; baseline 0.004 -22"><span class='ocrx_word' id='word_1_467' title='bbox 1517 1254 1582 1302; x_wconf 89' lang='lat' dir='ltr'>cis</span> <span class='ocrx_word' id='word_1_468' title='bbox 1624 1249 1716 1301; x_wconf 75' lang='lat' dir='ltr'>alio</span> <span class='ocrx_word' id='word_1_469' title='bbox 1764 1247 2045 1310; x_wconf 81' lang='lat' dir='ltr'>transferri,</span> <span class='ocrx_word' id='word_1_470' title='bbox 2098 1250 2147 1306; x_wconf 71' lang='grc' dir='ltr'>ὅ(</span> <span class='ocrx_word' id='word_1_471' title='bbox 2185 1255 2391 1324; x_wconf 86' lang='lat' dir='ltr'>pretium</span> <span class='ocrx_word' id='word_1_472' title='bbox 2441 1273 2496 1307; x_wconf 83' lang='lat' dir='ltr'>ex</span> 
     </span>
     <span class='ocr_line' id='line_1_77' title="bbox 1517 1320 2496 1394; baseline 0.002 -21"><span class='ocrx_word' id='word_1_473' title='bbox 1517 1324 1746 1374; x_wconf 84' lang='lat' dir='ltr'>caementis</span> <span class='ocrx_word' id='word_1_474' title='bbox 1774 1320 1867 1374; x_wconf 75' lang='grc' dir='ltr'>ἃς.</span> <span class='ocrx_word' id='word_1_475' title='bbox 1910 1323 2180 1384; x_wconf 65' lang='grc' dir='ltr'>τεάεὲὶυω,</span> <span class='ocrx_word' id='word_1_476' title='bbox 2211 1343 2291 1394; x_wconf 87' lang='lat' dir='ltr'>per</span> <span class='ocrx_word' id='word_1_477' title='bbox 2318 1330 2348 1377; x_wconf 95' lang='lat' dir='ltr'>S</span> <span class='ocrx_word' id='word_1_478' title='bbox 2358 1327 2496 1393; x_wconf 86' lang='lat' dir='ltr'>yndi-</span> 
     </span>
     <span class='ocr_line' id='line_1_78' title="bbox 1518 1391 2489 1518; baseline 0.005 -74"><span class='ocrx_word' id='word_1_479' title='bbox 1518 1412 1627 1445; x_wconf 83' lang='lat' dir='ltr'>cum</span> <span class='ocrx_word' id='word_1_480' title='bbox 1655 1395 1713 1518; x_wconf 48' lang='lat' dir='ltr'>ieritl</span> <span class='ocrx_word' id='word_1_481' title='bbox 1732 1411 1862 1445; x_wconf 86' lang='lat' dir='ltr'>novae</span> <span class='ocrx_word' id='word_1_482' title='bbox 1897 1391 2079 1446; x_wconf 84' lang='lat' dir='ltr'>fabricae</span> <span class='ocrx_word' id='word_1_483' title='bbox 2123 1413 2245 1467; x_wconf 85' lang='lat' dir='ltr'>opus</span> <span class='ocrx_word' id='word_1_484' title='bbox 2273 1399 2489 1449; x_wconf 85' lang='lat' dir='ltr'>converti</span> 
     </span>
     <span class='ocr_line' id='line_1_79' title="bbox 1521 1479 1766 1518; baseline 0.008 -2"><span class='ocrx_word' id='word_1_485' title='bbox 1521 1482 1663 1517; x_wconf 86' lang='lat' dir='ltr'>conce</span> <span class='ocrx_word' id='word_1_486' title='bbox 1717 1479 1766 1518; x_wconf 76' lang='lat' dir='ltr'>t.</span> 
     </span>
    </p>
   </div>
   <div class='ocr_carea' id='block_1_9' title="bbox 1446 1597 2485 1787">
    <p class='ocr_par' dir='ltr' id='par_1_9' title="bbox 1446 1597 2485 1787">
     <span class='ocr_line' id='line_1_80' title="bbox 1446 1597 2485 1656; baseline 0.002 -7"><span class='ocrx_word' id='word_1_487' title='bbox 1446 1597 1918 1656; x_wconf 83' lang='lat' dir='ltr'>URBANUS</span> <span class='ocrx_word' id='word_1_488' title='bbox 1991 1600 2213 1652; x_wconf 90' lang='lat' dir='ltr'>PAPA</span> <span class='ocrx_word' id='word_1_489' title='bbox 2284 1603 2485 1653; x_wconf 88' lang='lat' dir='ltr'><strong>VIII.</strong></span> 
     </span>
     <span class='ocr_line' id='line_1_81' title="bbox 1617 1714 2302 1787; baseline -0.001 -25"><span class='ocrx_word' id='word_1_490' title='bbox 1617 1717 1711 1787; x_wconf 11' lang='lat' dir='ltr'>‘Ad</span> <span class='ocrx_word' id='word_1_491' title='bbox 1722 1714 1923 1776; x_wconf 85' lang='lat' dir='ltr'>futuram</span> <span class='ocrx_word' id='word_1_492' title='bbox 1956 1720 2020 1761; x_wconf 79' lang='lat' dir='ltr'>rei</span> <span class='ocrx_word' id='word_1_493' title='bbox 2045 1721 2276 1763; x_wconf 76' lang='lat' dir='ltr'>memoriam</span> <span class='ocrx_word' id='word_1_494' title='bbox 2289 1748 2302 1761; x_wconf 88' lang='lat'><strong>.</strong></span> 
     </span>
    </p>
   </div>
   <div class='ocr_carea' id='block_1_10' title="bbox 1577 1835 2490 1944">
    <p class='ocr_par' dir='ltr' id='par_1_10' title="bbox 1577 1835 2490 1944">
     <span class='ocr_line' id='line_1_82' title="bbox 1577 1835 2490 1894; baseline 0.002 -13"><span class='ocrx_word' id='word_1_495' title='bbox 1577 1838 1693 1892; x_wconf 88' lang='lat' dir='ltr'>Uper</span> <span class='ocrx_word' id='word_1_496' title='bbox 1721 1850 1799 1894; x_wconf 89' lang='lat' dir='ltr'>pro</span> <span class='ocrx_word' id='word_1_497' title='bbox 1825 1846 1944 1894; x_wconf 88' lang='lat' dir='ltr'>parte</span> <span class='ocrx_word' id='word_1_498' title='bbox 1959 1835 2115 1881; x_wconf 88' lang='lat' dir='ltr'>Dilecti</span> <span class='ocrx_word' id='word_1_499' title='bbox 2147 1837 2269 1891; x_wconf 81' lang='lat' dir='ltr'>Filii,</span> <span class='ocrx_word' id='word_1_500' title='bbox 2296 1837 2490 1883; x_wconf 86' lang='lat' dir='ltr'>moderni</span> 
     </span>
     <span class='ocr_line' id='line_1_83' title="bbox 1604 1897 2490 1944; baseline 0.002 -4"><span class='ocrx_word' id='word_1_501' title='bbox 1604 1897 1876 1944; x_wconf 75' lang='lat' dir='ltr'>Provincialis</span> <span class='ocrx_word' id='word_1_502' title='bbox 1889 1899 2079 1941; x_wconf 87' lang='lat' dir='ltr'>Fratrum</span> <span class='ocrx_word' id='word_1_503' title='bbox 2094 1897 2266 1941; x_wconf 87' lang='lat' dir='ltr'>Ordinis</span> <span class='ocrx_word' id='word_1_504' title='bbox 2280 1899 2490 1942; x_wconf 88' lang='lat' dir='ltr'>Minorum</span> 
     </span>
    </p>
   </div>
   <div class='ocr_carea' id='block_1_11' title="bbox 1442 1953 2561 2014">
    <p class='ocr_par' dir='ltr' id='par_1_11' title="bbox 1442 1953 2561 2014">
     <span class='ocr_line' id='line_1_84' title="bbox 1442 1953 2561 2014; baseline 0.004 -16"><span class='ocrx_word' id='word_1_505' title='bbox 1442 1961 1485 1998; x_wconf 84' lang='lat' dir='ltr'>S.</span> <span class='ocrx_word' id='word_1_506' title='bbox 1511 1953 1716 2000; x_wconf 81' lang='lat' dir='ltr'>Francisci</span> <span class='ocrx_word' id='word_1_507' title='bbox 1767 1958 2081 2013; x_wconf 85' lang='lat' dir='ltr'>Capucinorum</span> <span class='ocrx_word' id='word_1_508' title='bbox 2116 1968 2487 2014; x_wconf 71' lang='lat' dir='ltr'>nuncupatorum...</span> <span class='ocrx_word' id='word_1_509' title='bbox 2558 2000 2561 2002; x_wconf 74' lang='grc'>,</span> 
     </span>
    </p>
   </div>
   <div class='ocr_carea' id='block_1_12' title="bbox 1430 2014 2487 2427">
    <p class='ocr_par' dir='ltr' id='par_1_12' title="bbox 1430 2014 2487 2427">
     <span class='ocr_line' id='line_1_85' title="bbox 1441 2014 2487 2073; baseline 0.004 -16"><span class='ocrx_word' id='word_1_510' title='bbox 1441 2015 1667 2060; x_wconf 81' lang='lat' dir='ltr'>Provinciae</span> <span class='ocrx_word' id='word_1_511' title='bbox 1709 2014 1889 2059; x_wconf 87' lang='lat' dir='ltr'>Umbriae</span> <span class='ocrx_word' id='word_1_512' title='bbox 1930 2016 2062 2059; x_wconf 85' lang='lat' dir='ltr'>Nobis</span> <span class='ocrx_word' id='word_1_513' title='bbox 2106 2017 2334 2073; x_wconf 85' lang='lat' dir='ltr'>expofitum</span> <span class='ocrx_word' id='word_1_514' title='bbox 2377 2017 2487 2071; x_wconf 69' lang='lat' dir='ltr'>fuit,</span> 
     </span>
     <span class='ocr_line' id='line_1_86' title="bbox 1437 2073 2484 2130; baseline 0.005 -16"><span class='ocrx_word' id='word_1_515' title='bbox 1437 2073 1547 2130; x_wconf 90' lang='lat' dir='ltr'>quod</span> <span class='ocrx_word' id='word_1_516' title='bbox 1580 2075 1619 2116; x_wconf 91' lang='lat' dir='ltr'>in</span> <span class='ocrx_word' id='word_1_517' title='bbox 1647 2075 1846 2130; x_wconf 86' lang='lat' dir='ltr'>Capitulo</span> <span class='ocrx_word' id='word_1_518' title='bbox 1874 2076 2128 2118; x_wconf 87' lang='lat' dir='ltr'>Provinciali</span> <span class='ocrx_word' id='word_1_519' title='bbox 2158 2077 2279 2118; x_wconf 83' lang='lat' dir='ltr'>dictae</span> <span class='ocrx_word' id='word_1_520' title='bbox 2308 2078 2484 2119; x_wconf 84' lang='lat' dir='ltr'>Provin-</span> 
     </span>
     <span class='ocr_line' id='line_1_87' title="bbox 1436 2132 2479 2192; baseline 0.002 -16"><span class='ocrx_word' id='word_1_521' title='bbox 1436 2133 1534 2180; x_wconf 82' lang='lat' dir='ltr'>ciae,</span> <span class='ocrx_word' id='word_1_522' title='bbox 1567 2132 1759 2189; x_wconf 84' lang='lat' dir='ltr'>gravibus</span> <span class='ocrx_word' id='word_1_523' title='bbox 1787 2132 1843 2175; x_wconf 90' lang='lat' dir='ltr'>de</span> <span class='ocrx_word' id='word_1_524' title='bbox 1872 2133 1998 2177; x_wconf 83' lang='lat' dir='ltr'>caufis</span> <span class='ocrx_word' id='word_1_525' title='bbox 2018 2137 2195 2177; x_wconf 86' lang='lat' dir='ltr'>Domum</span> <span class='ocrx_word' id='word_1_526' title='bbox 2226 2136 2479 2192; x_wconf 82' lang='lat' dir='ltr'>Regularem</span> 
     </span>
     <span class='ocr_line' id='line_1_88' title="bbox 1432 2191 2469 2247; baseline 0.003 -13"><span class='ocrx_word' id='word_1_527' title='bbox 1432 2193 1532 2234; x_wconf 89' lang='lat' dir='ltr'>dicti</span> <span class='ocrx_word' id='word_1_528' title='bbox 1561 2191 1756 2244; x_wconf 81' lang='lat' dir='ltr'>Ordinis,</span> <span class='ocrx_word' id='word_1_529' title='bbox 1784 2194 1957 2245; x_wconf 88' lang='lat' dir='ltr'>Terrae,</span> <span class='ocrx_word' id='word_1_530' title='bbox 1993 2192 2061 2236; x_wconf 90' lang='lat' dir='ltr'>seu</span> <span class='ocrx_word' id='word_1_531' title='bbox 2088 2194 2189 2237; x_wconf 88' lang='lat' dir='ltr'>Loci</span> <span class='ocrx_word' id='word_1_532' title='bbox 2215 2196 2469 2247; x_wconf 82' lang='lat' dir='ltr'>Amatricis,</span> 
     </span>
     <span class='ocr_line' id='line_1_89' title="bbox 1431 2251 2475 2309; baseline 0.005 -17"><span class='ocrx_word' id='word_1_533' title='bbox 1431 2251 1641 2297; x_wconf 83' lang='lat' dir='ltr'>Asculanae</span> <span class='ocrx_word' id='word_1_534' title='bbox 1667 2252 1865 2295; x_wconf 82' lang='lat' dir='ltr'>Dioecefis</span> <span class='ocrx_word' id='word_1_535' title='bbox 1894 2278 1909 2300; x_wconf 83' lang='lat'>‚</span> <span class='ocrx_word' id='word_1_536' title='bbox 1941 2252 1991 2294; x_wconf 90' lang='lat' dir='ltr'>ab</span> <span class='ocrx_word' id='word_1_537' title='bbox 2016 2266 2068 2295; x_wconf 89' lang='lat' dir='ltr'>eo</span> <span class='ocrx_word' id='word_1_538' title='bbox 2099 2252 2194 2296; x_wconf 91' lang='lat' dir='ltr'>loco</span> <span class='ocrx_word' id='word_1_539' title='bbox 2218 2281 2232 2304; x_wconf 88' lang='lat'>,</span> <span class='ocrx_word' id='word_1_540' title='bbox 2266 2255 2307 2297; x_wconf 90' lang='lat' dir='ltr'>in</span> <span class='ocrx_word' id='word_1_541' title='bbox 2322 2268 2405 2309; x_wconf 92' lang='lat' dir='ltr'>quo</span> <span class='ocrx_word' id='word_1_542' title='bbox 2421 2255 2475 2298; x_wconf 89' lang='lat' dir='ltr'>ad</span> 
     </span>
     <span class='ocr_line' id='line_1_90' title="bbox 1430 2310 2478 2368; baseline 0.005 -16"><span class='ocrx_word' id='word_1_543' title='bbox 1430 2311 1601 2368; x_wconf 86' lang='lat' dir='ltr'>praesens</span> <span class='ocrx_word' id='word_1_544' title='bbox 1639 2310 1803 2363; x_wconf 81' lang='lat' dir='ltr'>existit,</span> <span class='ocrx_word' id='word_1_545' title='bbox 1836 2310 1887 2354; x_wconf 87' lang='lat' dir='ltr'>ad</span> <span class='ocrx_word' id='word_1_546' title='bbox 1930 2311 2057 2354; x_wconf 88' lang='lat' dir='ltr'>alium</span> <span class='ocrx_word' id='word_1_547' title='bbox 2095 2311 2275 2356; x_wconf 85' lang='lat' dir='ltr'>conferri</span> <span class='ocrx_word' id='word_1_548' title='bbox 2318 2313 2478 2360; x_wconf 84' lang='lat' dir='ltr'>debere</span> 
     </span>
     <span class='ocr_line' id='line_1_91' title="bbox 1430 2369 2475 2427; baseline 0.005 -15"><span class='ocrx_word' id='word_1_549' title='bbox 1430 2370 1758 2413; x_wconf 84' lang='lat' dir='ltr'>determinatum</span> <span class='ocrx_word' id='word_1_550' title='bbox 1795 2370 1879 2423; x_wconf 89' lang='lat' dir='ltr'>est;</span> <span class='ocrx_word' id='word_1_551' title='bbox 1915 2384 2044 2427; x_wconf 82' lang='lat' dir='ltr'>quare</span> <span class='ocrx_word' id='word_1_552' title='bbox 2082 2370 2215 2414; x_wconf 82' lang='lat' dir='ltr'>dictus</span> <span class='ocrx_word' id='word_1_553' title='bbox 2246 2369 2475 2417; x_wconf 85' lang='lat' dir='ltr'>modernus</span> 
     </span>
    </p>
   </div>
   <div class='ocr_carea' id='block_1_13' title="bbox 1414 2429 2475 2488">
    <p class='ocr_par' dir='ltr' id='par_1_13' title="bbox 1414 2429 2475 2488">
     <span class='ocr_line' id='line_1_92' title="bbox 1414 2429 2475 2488; baseline 0.002 -14"><span class='ocrx_word' id='word_1_554' title='bbox 1414 2429 1702 2474; x_wconf 81' lang='lat' dir='ltr'>Provincialis</span> <span class='ocrx_word' id='word_1_555' title='bbox 1717 2459 1733 2480; x_wconf 91' lang='lat'>,</span> <span class='ocrx_word' id='word_1_556' title='bbox 1758 2430 1892 2472; x_wconf 82' lang='lat' dir='ltr'>Nobis</span> <span class='ocrx_word' id='word_1_557' title='bbox 1925 2429 2139 2474; x_wconf 86' lang='lat' dir='ltr'>humiliter</span> <span class='ocrx_word' id='word_1_558' title='bbox 2166 2429 2383 2488; x_wconf 89' lang='lat' dir='ltr'>supplicari</span> <span class='ocrx_word' id='word_1_559' title='bbox 2415 2431 2475 2476; x_wconf 85' lang='lat' dir='ltr'>se-</span> 
     </span>
    </p>
   </div>
   <div class='ocr_carea' id='block_1_14' title="bbox 1415 2486 2472 3773">
    <p class='ocr_par' dir='ltr' id='par_1_14' title="bbox 1415 2486 2472 3773">
     <span class='ocr_line' id='line_1_93' title="bbox 1430 2486 2472 2547; baseline 0.004 -16"><span class='ocrx_word' id='word_1_560' title='bbox 1430 2491 1515 2540; x_wconf 87' lang='lat' dir='ltr'>cit,</span> <span class='ocrx_word' id='word_1_561' title='bbox 1546 2498 1592 2532; x_wconf 91' lang='lat' dir='ltr'>ut</span> <span class='ocrx_word' id='word_1_562' title='bbox 1617 2489 1656 2531; x_wconf 91' lang='lat' dir='ltr'>in</span> <span class='ocrx_word' id='word_1_563' title='bbox 1682 2486 1880 2546; x_wconf 80' lang='lat' dir='ltr'>praemiflis</span> <span class='ocrx_word' id='word_1_564' title='bbox 1906 2489 2141 2547; x_wconf 72' lang='lat' dir='ltr'>opportune</span> <span class='ocrx_word' id='word_1_565' title='bbox 2159 2491 2402 2545; x_wconf 89' lang='lat' dir='ltr'>providere,</span> <span class='ocrx_word' id='word_1_566' title='bbox 2418 2491 2472 2535; x_wconf 88' lang='lat' dir='ltr'>de</span> 
     </span>
     <span class='ocr_line' id='line_1_94' title="bbox 1431 2548 2471 2606; baseline -0.002 -13"><span class='ocrx_word' id='word_1_567' title='bbox 1431 2549 1688 2606; x_wconf 87' lang='lat' dir='ltr'>benignitate</span> <span class='ocrx_word' id='word_1_568' title='bbox 1705 2548 1939 2603; x_wconf 80' lang='lat' dir='ltr'>Apostolica</span> <span class='ocrx_word' id='word_1_569' title='bbox 1964 2550 2258 2605; x_wconf 87' lang='lat' dir='ltr'>dignaremur.</span> <span class='ocrx_word' id='word_1_570' title='bbox 2290 2553 2378 2593; x_wconf 84' lang='lat' dir='ltr'>Nos</span> <span class='ocrx_word' id='word_1_571' title='bbox 2394 2550 2471 2606; x_wconf 87' lang='lat' dir='ltr'>igi-</span> 
     </span>
     <span class='ocr_line' id='line_1_95' title="bbox 1430 2606 2462 2661; baseline -0.001 -10"><span class='ocrx_word' id='word_1_572' title='bbox 1430 2619 1499 2652; x_wconf 88' lang='lat' dir='ltr'>tur</span> <span class='ocrx_word' id='word_1_573' title='bbox 1522 2609 1683 2651; x_wconf 89' lang='lat' dir='ltr'>dictum</span> <span class='ocrx_word' id='word_1_574' title='bbox 1714 2606 2021 2651; x_wconf 81' lang='lat' dir='ltr'>Provincialem</span> <span class='ocrx_word' id='word_1_575' title='bbox 2044 2607 2286 2661; x_wconf 85' lang='lat' dir='ltr'>specialibus</span> <span class='ocrx_word' id='word_1_576' title='bbox 2310 2607 2462 2653; x_wconf 70' lang='lat' dir='ltr'>favori-</span> 
     </span>
     <span class='ocr_line' id='line_1_96' title="bbox 1430 2659 2467 2722; baseline -0.001 -14"><span class='ocrx_word' id='word_1_577' title='bbox 1430 2669 1529 2719; x_wconf 68' lang='grc' dir='ltr'>δας,</span> <span class='ocrx_word' id='word_1_578' title='bbox 1560 2668 1602 2708; x_wconf 79' lang='grc' dir='ltr'>δι</span> <span class='ocrx_word' id='word_1_579' title='bbox 1627 2665 1772 2722; x_wconf 80' lang='lat' dir='ltr'>gratiis</span> <span class='ocrx_word' id='word_1_580' title='bbox 1794 2659 1982 2721; x_wconf 81' lang='lat' dir='ltr'>prosequi</span> <span class='ocrx_word' id='word_1_581' title='bbox 2013 2663 2233 2716; x_wconf 84' lang='lat' dir='ltr'>volentes,</span> <span class='ocrx_word' id='word_1_582' title='bbox 2264 2667 2303 2708; x_wconf 73' lang='grc' dir='ltr'>δι</span> <span class='ocrx_word' id='word_1_583' title='bbox 2330 2666 2353 2709; x_wconf 69' lang='lat' dir='ltr'>a</span> <span class='ocrx_word' id='word_1_584' title='bbox 2373 2667 2467 2722; x_wconf 89' lang='lat' dir='ltr'>qui-</span> 
     </span>
     <span class='ocr_line' id='line_1_97' title="bbox 1430 2723 2465 2769; baseline -0.001 -2"><span class='ocrx_word' id='word_1_585' title='bbox 1430 2725 1565 2768; x_wconf 72' lang='lat' dir='ltr'>buivis</span> <span class='ocrx_word' id='word_1_586' title='bbox 1591 2723 2026 2767; x_wconf 75' lang='lat' dir='ltr'>excommunicationis</span> <span class='ocrx_word' id='word_1_587' title='bbox 2068 2726 2147 2765; x_wconf 73' lang='grc' dir='ltr'>ἅς.</span> <span class='ocrx_word' id='word_1_588' title='bbox 2192 2724 2246 2767; x_wconf 87' lang='lat' dir='ltr'>ad</span> <span class='ocrx_word' id='word_1_589' title='bbox 2274 2724 2465 2769; x_wconf 84' lang='lat' dir='ltr'>effectum</span> 
     </span>
     <span class='ocr_line' id='line_1_98' title="bbox 1429 2780 2463 2841; baseline -0.001 -16"><span class='ocrx_word' id='word_1_590' title='bbox 1429 2782 1687 2841; x_wconf 86' lang='lat' dir='ltr'>praesentium</span> <span class='ocrx_word' id='word_1_591' title='bbox 1714 2780 1915 2823; x_wconf 85' lang='lat' dir='ltr'>duntaxat</span> <span class='ocrx_word' id='word_1_592' title='bbox 1929 2780 2292 2839; x_wconf 87' lang='lat' dir='ltr'>consequendum,</span> <span class='ocrx_word' id='word_1_593' title='bbox 2322 2786 2463 2826; x_wconf 86' lang='lat' dir='ltr'>harum</span> 
     </span>
     <span class='ocr_line' id='line_1_99' title="bbox 1430 2838 2459 2899; baseline 0 -14"><span class='ocrx_word' id='word_1_594' title='bbox 1430 2841 1533 2885; x_wconf 89' lang='lat' dir='ltr'>serie</span> <span class='ocrx_word' id='word_1_595' title='bbox 1561 2838 1824 2884; x_wconf 86' lang='lat' dir='ltr'>absolventes</span> <span class='ocrx_word' id='word_1_596' title='bbox 1846 2841 1923 2883; x_wconf 72' lang='grc' dir='ltr'>ἃς.</span> <span class='ocrx_word' id='word_1_597' title='bbox 1949 2840 2176 2896; x_wconf 85' lang='lat' dir='ltr'>hujusmodi</span> <span class='ocrx_word' id='word_1_598' title='bbox 2198 2841 2459 2899; x_wconf 80' lang='lat' dir='ltr'>supplicatio-</span> 
     </span>
     <span class='ocr_line' id='line_1_100' title="bbox 1427 2899 2458 2949; baseline 0 -5"><span class='ocrx_word' id='word_1_599' title='bbox 1427 2901 1543 2944; x_wconf 88' lang='lat' dir='ltr'>nibus</span> <span class='ocrx_word' id='word_1_600' title='bbox 1575 2899 1758 2942; x_wconf 89' lang='lat' dir='ltr'>inclinati</span> <span class='ocrx_word' id='word_1_601' title='bbox 1785 2927 1802 2949; x_wconf 89' lang='lat'>,</span> <span class='ocrx_word' id='word_1_602' title='bbox 1832 2899 1970 2942; x_wconf 86' lang='lat' dir='ltr'>eidem</span> <span class='ocrx_word' id='word_1_603' title='bbox 1997 2900 2246 2944; x_wconf 88' lang='lat' dir='ltr'>Provinciali</span> <span class='ocrx_word' id='word_1_604' title='bbox 2279 2905 2458 2944; x_wconf 88' lang='lat' dir='ltr'>Domum</span> 
     </span>
     <span class='ocr_line' id='line_1_101' title="bbox 1428 2954 2461 3015; baseline 0 -12"><span class='ocrx_word' id='word_1_605' title='bbox 1428 2959 1685 3015; x_wconf 85' lang='lat' dir='ltr'>Regularem</span> <span class='ocrx_word' id='word_1_606' title='bbox 1718 2954 1962 3013; x_wconf 87' lang='lat' dir='ltr'>praefatam,</span> <span class='ocrx_word' id='word_1_607' title='bbox 1995 2958 2163 3015; x_wconf 88' lang='lat' dir='ltr'>ejusque</span> <span class='ocrx_word' id='word_1_608' title='bbox 2192 2960 2461 3003; x_wconf 63' lang='lat' dir='ltr'>Ecclesiam„-</span> 
     </span>
     <span class='ocr_line' id='line_1_102' title="bbox 1427 3016 2460 3071; baseline -0.001 -10"><span class='ocrx_word' id='word_1_609' title='bbox 1427 3017 1533 3062; x_wconf 87' lang='lat' dir='ltr'>facta</span> <span class='ocrx_word' id='word_1_610' title='bbox 1567 3030 1712 3060; x_wconf 88' lang='lat' dir='ltr'>eorum</span> <span class='ocrx_word' id='word_1_611' title='bbox 1736 3030 1810 3071; x_wconf 88' lang='lat' dir='ltr'>per</span> <span class='ocrx_word' id='word_1_612' title='bbox 1838 3016 2102 3060; x_wconf 84' lang='lat' dir='ltr'>Ordinarium</span> <span class='ocrx_word' id='word_1_613' title='bbox 2130 3017 2211 3061; x_wconf 88' lang='lat' dir='ltr'>loci</span> <span class='ocrx_word' id='word_1_614' title='bbox 2240 3046 2255 3070; x_wconf 88' lang='lat'>,</span> <span class='ocrx_word' id='word_1_615' title='bbox 2292 3018 2460 3062; x_wconf 84' lang='lat' dir='ltr'>servatis</span> 
     </span>
     <span class='ocr_line' id='line_1_103' title="bbox 1425 3073 2460 3132; baseline -0.002 -10"><span class='ocrx_word' id='word_1_616' title='bbox 1425 3077 1523 3122; x_wconf 73' lang='lat' dir='ltr'>aliaS</span> <span class='ocrx_word' id='word_1_617' title='bbox 1546 3073 2123 3132; x_wconf 84' lang='lat' dir='ltr'>servandis,prophanatione</span> <span class='ocrx_word' id='word_1_618' title='bbox 2158 3075 2350 3120; x_wconf 85' lang='lat' dir='ltr'>demoliri</span> <span class='ocrx_word' id='word_1_619' title='bbox 2385 3092 2460 3120; x_wconf 90' lang='lat' dir='ltr'>cu-</span> 
     </span>
     <span class='ocr_line' id='line_1_104' title="bbox 1426 3131 2459 3189; baseline 0.001 -11"><span class='ocrx_word' id='word_1_620' title='bbox 1426 3135 1568 3178; x_wconf 90' lang='lat' dir='ltr'>randi:</span> <span class='ocrx_word' id='word_1_621' title='bbox 1603 3131 1782 3189; x_wconf 78' lang='lat' dir='ltr'>syndico</span> <span class='ocrx_word' id='word_1_622' title='bbox 1798 3134 2031 3177; x_wconf 80' lang='lat' dir='ltr'>verodictae</span> <span class='ocrx_word' id='word_1_623' title='bbox 2048 3134 2201 3177; x_wconf 73' lang='lat' dir='ltr'>Domus</span> <span class='ocrx_word' id='word_1_624' title='bbox 2215 3164 2228 3186; x_wconf 92' lang='lat'>‚</span> <span class='ocrx_word' id='word_1_625' title='bbox 2253 3139 2292 3178; x_wconf 69' lang='grc'>8(</span> <span class='ocrx_word' id='word_1_626' title='bbox 2311 3137 2459 3179; x_wconf 83' lang='lat' dir='ltr'>Eccle-</span> 
     </span>
     <span class='ocr_line' id='line_1_105' title="bbox 1425 3190 2460 3249; baseline 0.001 -12"><span class='ocrx_word' id='word_1_627' title='bbox 1425 3192 1484 3238; x_wconf 70' lang='grc' dir='ltr'>ὗε</span> <span class='ocrx_word' id='word_1_628' title='bbox 1499 3190 1756 3248; x_wconf 83' lang='lat' dir='ltr'>hujusmodi,</span> <span class='ocrx_word' id='word_1_629' title='bbox 1779 3191 1985 3249; x_wconf 85' lang='lat' dir='ltr'>quibusvis</span> <span class='ocrx_word' id='word_1_630' title='bbox 2000 3193 2179 3249; x_wconf 82' lang='lat' dir='ltr'>personis</span> <span class='ocrx_word' id='word_1_631' title='bbox 2205 3195 2460 3238; x_wconf 63' lang='lat' dir='ltr'>meliorem...</span> 
     </span>
     <span class='ocr_line' id='line_1_106' title="bbox 1424 3249 2457 3303; baseline -0.002 -5"><span class='ocrx_word' id='word_1_632' title='bbox 1424 3252 1706 3298; x_wconf 85' lang='lat' dir='ltr'>conditionem</span> <span class='ocrx_word' id='word_1_633' title='bbox 1737 3249 2002 3296; x_wconf 82' lang='lat' dir='ltr'>offerentibus</span> <span class='ocrx_word' id='word_1_634' title='bbox 2029 3251 2261 3303; x_wconf 84' lang='lat' dir='ltr'>vendendi,</span> <span class='ocrx_word' id='word_1_635' title='bbox 2285 3255 2326 3295; x_wconf 76' lang='grc' dir='ltr'>δι</span> <span class='ocrx_word' id='word_1_636' title='bbox 2350 3254 2457 3296; x_wconf 85' lang='lat' dir='ltr'>alie-</span> 
     </span>
     <span class='ocr_line' id='line_1_107' title="bbox 1424 3311 2457 3410; baseline -0.002 -52"><span class='ocrx_word' id='word_1_637' title='bbox 1424 3313 1582 3365; x_wconf 84' lang='lat' dir='ltr'>nandi,</span> <span class='ocrx_word' id='word_1_638' title='bbox 1606 3323 1767 3354; x_wconf 89' lang='lat' dir='ltr'>necnon</span> <span class='ocrx_word' id='word_1_639' title='bbox 1797 3312 1932 3367; x_wconf 88' lang='lat' dir='ltr'>pretio</span> <span class='ocrx_word' id='word_1_640' title='bbox 1960 3311 2058 3353; x_wconf 89' lang='lat' dir='ltr'>inde</span> <span class='ocrx_word' id='word_1_641' title='bbox 2083 3312 2365 3410; x_wconf 56' lang='lat' dir='ltr'>proveniente</span> <span class='ocrx_word' id='word_1_642' title='bbox 2381 3342 2396 3365; x_wconf 88' lang='lat'>‚</span> <span class='ocrx_word' id='word_1_643' title='bbox 2414 3315 2457 3356; x_wconf 74' lang='grc' dir='ltr'>δι</span> 
     </span>
     <span class='ocr_line' id='line_1_108' title="bbox 1422 3367 2454 3425; baseline -0.003 -7"><span class='ocrx_word' id='word_1_644' title='bbox 1422 3372 1632 3419; x_wconf 71' lang='lat' dir='ltr'>cementis</span> <span class='ocrx_word' id='word_1_645' title='bbox 1660 3367 1817 3414; x_wconf 70' lang='lat' dir='ltr'>Domus</span> <span class='ocrx_word' id='word_1_646' title='bbox 1830 3398 1849 3423; x_wconf 62' lang='lat'>,⁴</span> <span class='ocrx_word' id='word_1_647' title='bbox 1883 3372 1923 3413; x_wconf 83' lang='lat'>&amp;</span> <span class='ocrx_word' id='word_1_648' title='bbox 1950 3370 2079 3413; x_wconf 85' lang='lat' dir='ltr'>Eccle</span> <span class='ocrx_word' id='word_1_649' title='bbox 2096 3383 2140 3411; x_wconf 81' lang='lat' dir='ltr'>1ae</span> <span class='ocrx_word' id='word_1_650' title='bbox 2167 3371 2454 3425; x_wconf 86' lang='lat' dir='ltr'>praedictarum</span> 
     </span>
     <span class='ocr_line' id='line_1_109' title="bbox 1422 3426 2455 3488; baseline 0 -13"><span class='ocrx_word' id='word_1_651' title='bbox 1422 3434 1473 3477; x_wconf 85' lang='lat' dir='ltr'>ad</span> <span class='ocrx_word' id='word_1_652' title='bbox 1499 3446 1600 3488; x_wconf 89' lang='lat' dir='ltr'>opus</span> <span class='ocrx_word' id='word_1_653' title='bbox 1625 3427 1790 3473; x_wconf 83' lang='lat' dir='ltr'>fabricae</span> <span class='ocrx_word' id='word_1_654' title='bbox 1818 3444 1931 3473; x_wconf 82' lang='lat' dir='ltr'>novae</span> <span class='ocrx_word' id='word_1_655' title='bbox 1963 3426 2143 3480; x_wconf 73' lang='lat' dir='ltr'>Domus,</span> <span class='ocrx_word' id='word_1_656' title='bbox 2183 3430 2221 3471; x_wconf 86' lang='lat'>&amp;</span> <span class='ocrx_word' id='word_1_657' title='bbox 2264 3431 2455 3475; x_wconf 76' lang='lat' dir='ltr'>Ecclefiae</span> 
     </span>
     <span class='ocr_line' id='line_1_110' title="bbox 1419 3486 2453 3550; baseline -0.002 -14"><span class='ocrx_word' id='word_1_658' title='bbox 1419 3489 1648 3550; x_wconf 82' lang='lat' dir='ltr'>hujusmodi</span> <span class='ocrx_word' id='word_1_659' title='bbox 1674 3489 1850 3541; x_wconf 89' lang='lat' dir='ltr'>utendi,</span> <span class='ocrx_word' id='word_1_660' title='bbox 1877 3489 2089 3532; x_wconf 77' lang='lat' dir='ltr'>licentiam</span> <span class='ocrx_word' id='word_1_661' title='bbox 2105 3486 2338 3544; x_wconf 77' lang='lat' dir='ltr'>Apostolica</span> <span class='ocrx_word' id='word_1_662' title='bbox 2379 3504 2453 3533; x_wconf 83' lang='lat' dir='ltr'>au-</span> 
     </span>
     <span class='ocr_line' id='line_1_111' title="bbox 1417 3546 2452 3604; baseline -0.002 -9"><span class='ocrx_word' id='word_1_663' title='bbox 1417 3553 1615 3596; x_wconf 84' lang='lat' dir='ltr'>ctoritate</span> <span class='ocrx_word' id='word_1_664' title='bbox 1630 3576 1646 3601; x_wconf 72' lang='grc'><em>,</em></span> <span class='ocrx_word' id='word_1_665' title='bbox 1661 3558 1809 3591; x_wconf 89' lang='lat' dir='ltr'>tenore</span> <span class='ocrx_word' id='word_1_666' title='bbox 1823 3546 2075 3604; x_wconf 83' lang='lat' dir='ltr'>praesentium</span> <span class='ocrx_word' id='word_1_667' title='bbox 2093 3547 2356 3592; x_wconf 88' lang='lat' dir='ltr'>concedimus</span> <span class='ocrx_word' id='word_1_668' title='bbox 2370 3579 2383 3602; x_wconf 88' lang='lat'>,</span> <span class='ocrx_word' id='word_1_669' title='bbox 2411 3552 2452 3592; x_wconf 91' lang='lat'>&amp;</span> 
     </span>
     <span class='ocr_line' id='line_1_112' title="bbox 1416 3603 2451 3667; baseline -0.01 -14"><span class='ocrx_word' id='word_1_670' title='bbox 1416 3611 1702 3667; x_wconf 81' lang='lat' dir='ltr'>impartimur.</span> <span class='ocrx_word' id='word_1_671' title='bbox 1736 3610 1831 3652; x_wconf 85' lang='lat' dir='ltr'>Non</span> <span class='ocrx_word' id='word_1_672' title='bbox 1865 3605 2111 3649; x_wconf 81' lang='lat' dir='ltr'>obstantibus</span> <span class='ocrx_word' id='word_1_673' title='bbox 2136 3603 2209 3650; x_wconf 81' lang='lat' dir='ltr'>fel.</span> <span class='ocrx_word' id='word_1_674' title='bbox 2234 3621 2317 3653; x_wconf 89' lang='lat' dir='ltr'>rec.</span> <span class='ocrx_word' id='word_1_675' title='bbox 2345 3613 2451 3653; x_wconf 75' lang='lat' dir='ltr'>pau-</span> 
     </span>
     <span class='ocr_line' id='line_1_113' title="bbox 1418 3665 2448 3715; baseline -0.003 -2"><span class='ocrx_word' id='word_1_676' title='bbox 1418 3669 1447 3713; x_wconf 90' lang='lat' dir='ltr'>li</span> <span class='ocrx_word' id='word_1_677' title='bbox 1462 3670 1521 3713; x_wconf 84' lang='lat'>11.</span> <span class='ocrx_word' id='word_1_678' title='bbox 1541 3671 1583 3712; x_wconf 78' lang='grc' dir='ltr'>δι</span> <span class='ocrx_word' id='word_1_679' title='bbox 1596 3668 1768 3711; x_wconf 85' lang='lat' dir='ltr'>aliorum</span> <span class='ocrx_word' id='word_1_680' title='bbox 1786 3668 2064 3710; x_wconf 80' lang='lat' dir='ltr'>Romanorum</span> <span class='ocrx_word' id='word_1_681' title='bbox 2078 3665 2448 3715; x_wconf 78' lang='lat' dir='ltr'>Pontificuni‚l)rae-</span> 
     </span>
     <span class='ocr_line' id='line_1_114' title="bbox 1415 3723 2438 3773; baseline -0.004 -2"><span class='ocrx_word' id='word_1_682' title='bbox 1415 3726 1670 3773; x_wconf 64' lang='lat' dir='ltr'>decessorum</span> <span class='ocrx_word' id='word_1_683' title='bbox 1686 3725 1931 3771; x_wconf 72' lang='lat' dir='ltr'>nostrorum,</span> <span class='ocrx_word' id='word_1_684' title='bbox 1945 3723 2001 3768; x_wconf 89' lang='lat' dir='ltr'>de</span> <span class='ocrx_word' id='word_1_685' title='bbox 2014 3725 2136 3769; x_wconf 83' lang='lat' dir='ltr'>rebus</span> <span class='ocrx_word' id='word_1_686' title='bbox 2155 3726 2341 3770; x_wconf 75' lang='lat' dir='ltr'>Ecclefiae</span> <span class='ocrx_word' id='word_1_687' title='bbox 2358 3742 2438 3768; x_wconf 86' lang='lat' dir='ltr'>non</span> 
     </span>
    </p>
   </div>
   <div class='ocr_carea' id='block_1_15' title="bbox 1414 3783 2445 3886">
    <p class='ocr_par' dir='ltr' id='par_1_15' title="bbox 1414 3783 2445 3886">
     <span class='ocr_line' id='line_1_115' title="bbox 1414 3783 2445 3886; baseline -0.005 -54"><span class='ocrx_word' id='word_1_688' title='bbox 1414 3787 1639 3832; x_wconf 86' lang='lat' dir='ltr'>alienandis</span> <span class='ocrx_word' id='word_1_689' title='bbox 1654 3814 1670 3838; x_wconf 89' lang='lat'>,</span> <span class='ocrx_word' id='word_1_690' title='bbox 1692 3783 1860 3841; x_wconf 83' lang='lat' dir='ltr'>aliisque</span> <span class='ocrx_word' id='word_1_691' title='bbox 1878 3784 2246 3830; x_wconf 78' lang='lat' dir='ltr'>constitutionibus</span> <span class='ocrx_word' id='word_1_692' title='bbox 2262 3815 2275 3839; x_wconf 88' lang='lat'>,</span> <span class='ocrx_word' id='word_1_693' title='bbox 2307 3790 2356 3886; x_wconf 55' lang='grc' dir='ltr'>ΒΞ</span> <span class='ocrx_word' id='word_1_694' title='bbox 2362 3789 2445 3852; x_wconf 84' lang='lat' dir='ltr'>Or-</span> 
     </span>
     <span class='ocr_line' id='line_1_116' title="bbox 2363 3859 2393 3886; baseline 0 -10"><span class='ocrx_word' id='word_1_695' title='bbox 2363 3859 2393 3886; x_wconf 60' lang='grc' dir='ltr'>ι.</span> 
     </span>
    </p>
   </div>
  </div>
 </body>
</html>
