2774 4068
421 219 587 305 154
1190 183 1762 273 Provincia.

362 330 387 348 „
412 306 485 350 tis,
512 307 547 342 8<
572 301 846 341 concionatoris
870 302 1017 352 ejusdem
1033 301 1201 347 Ordinis,
1216 313 1279 348 per.
1290 303 1427 341 Sacram
1448 305 1598 340 Rituum
1611 299 2010 349 congregationem,ad
2037 299 2153 349 preces
2179 301 2349 340 difiorum
2360 306 2489 342 Domi·

363 380 386 396 2,
415 366 564 398 norum,
579 354 718 390 suorum
736 354 999 402 Principalium‚
1031 350 1128 390 suiffe
1142 350 1327 389 concessam
1348 353 1545 390 facultatem
1570 351 1794 389 transferendi
1821 352 1840 387 ἢ
1864 352 2082 396 sepulchro,
2108 353 2168 389 ubi
2194 353 2237 388 de
2266 352 2415 399 praesenti
2438 360 2493 391 rei

364 431 390 450 „
416 404 596 441 conditum
613 402 803 451 reperitur,
817 404 958 451 Corpus
969 399 1121 448 ejusdem
1141 400 1181 436 Β.
1193 400 1334 450 josephi
1347 402 1391 438 ad
1404 403 1528 439 Altare
1546 401 1661 450 Majus
1683 399 1779 439 Ven.
1795 399 1950 437 Ecclefiae
1975 401 2041 439 SS.
2059 401 2221 447 Suffragii
2238 402 2418 439 antedifitae
2428 403 2490 442 Ci.

365 481 387 497 ‚‚
413 452 556 496 vitatis,
584 451 855 501 hujusmodique
881 451 1128 489 extrastionem
1153 450 1188 486 &
1215 451 1469 488 translationem
1494 450 1645 488 extitiffe
1662 448 1869 488 commissam
1897 451 2006 486 Dom.
2031 451 2109 488 Suae
2135 453 2271 495 Illmae,
2297 454 2331 486 &
2361 451 2489 499 Rmae‚

364 528 389 546 ‚,
417 514 455 539 ac
487 503 616 546 infixo,
642 500 790 537 &Rffio
815 501 1039 549 D.Episcopo
1052 499 1229 545 Reatino,
1250 507 1357 549 prout
1382 511 1428 537 ex
1457 500 1568 538 literis
1592 499 1694 548 ipfius
1720 501 1757 537 S.
1769 499 2089 544 congregationis,
2115 513 2202 548 quas
2223 503 2287 538 una
2314 513 2392 538 cum
2417 512 2490 548 pte.

365 577 389 595 ,‚
412 551 513 590 cibus
535 551 736 589 eorumdem
749 550 1144 589 Dominorum,suorum
1159 549 1402 598 Principalium
1424 549 1605 594 exhibuit,
1628 550 1664 586 8(
1692 547 1906 596 praesentavit
1934 550 2043 584 Dom.
2067 550 2146 586 Suae
2172 552 2301 592 lllriiae,
2327 551 2361 587 8<
2390 551 2488 590 Rmoe

365 626 388 643 ‚‚
414 610 532 646 petens
547 601 590 636 ad
603 600 739 636 illarum
752 602 999 635 executionem
1015 597 1168 635 deveniri
1180 624 1190 639 ,
1212 608 1314 647 prout
1334 600 1458 635 melius
1473 599 1659 646 placuerit,
1688 599 1723 634 8(
1748 595 1934 643 expediens
1949 597 2122 633 videbitur
2135 600 2241 636 Dom.
2259 601 2335 638 Suae
2352 601 2461 637 lllmae
2473 625 2488 646 ,

362 675 386 692 ‚‚
410 649 446 685 8(
470 650 566 685 Rfiiae
583 649 771 696 implorans
785 647 852 684 &c-
875 647 1023 684 offerens
1034 648 1102 686 stc.
1130 648 1151 684 ἢ
1167 647 1199 684 se
1225 659 1339 685 tamen
1355 648 1422 685 &c-
1447 647 1547 684 salvo
1563 647 1666 696 jure,
1686 645 1790 683 salvis
1802 645 1871 681 &c·
1892 645 2125 694 Quirinus,
2145 647 2179 683 8(
2195 648 2310 687 Rriius
2340 651 2388 686 D.
2404 650 2489 696 Epi-

362 723 386 740 „
413 696 535 746 scopus
548 698 758 746 Spoletanus
784 696 898 733 sedens
914 697 980 733 ἃς.
1008 699 1047 733 ea
1062 719 1075 741 ‚
1126 697 1170 732 ua
1193 697 1293 734 decet
1311 721 1321 737 ‚
1343 698 1532 735 reverenti->1
1546 720 1558 740 ‚
1579 696 1688 734 distas
1713 696 1828 731 literas
1842 695 1970 740 recepit
1985 717 1998 737 ,
2020 694 2174 742 aperuit,
2200 697 2235 734 8(
2252 699 2402 745 perlegit
2418 722 2430 742 ,
2448 699 2485 735 8(

363 772 387 789 ,,
410 747 494 783 mihi
517 746 741 783 Cancellario
767 744 980 794 infrascripto
1004 747 1048 782 ad
1072 758 1090 782 e
1121 745 1233 783 cetum
1258 746 1405 785 faciendi
1427 746 1469 783 de
1497 745 1602 791 assis,
1625 749 1692 782 una
1716 755 1795 780 cum
1820 741 1987 778 exhibitis
2006 742 2168 788 precibus
2188 747 2404 793 confignavit
2418 748 2487 784 &c-

355 801 386 837 '‚‚
399 795 567 843 'superius
591 794 747 842 exposita
760 819 774 840 ‚
799 794 980 831 &narrata
994 793 1148 835 admisit,
1177 794 1201 830 fi
1225 807 1261 831 ..τ
1284 796 1320 832 8(
1341 797 1375 832 in
1399 803 1594 845 quantum,
1612 795 1647 831 8(
1667 805 1713 831 ex
1734 802 1828 839 parte
1852 790 1910 827 sua
1931 791 2062 827 obtulit
2081 791 2113 828 se
2133 803 2327 842 promptum
2340 821 2352 841 ‚
2375 798 2411 834 8<
2426 809 2486 844 pa·

362 871 386 887 ,,
412 854 523 882 ratum
535 845 578 882 ad
590 844 784 881 earumdem
796 844 1001 880 Litterarum
1017 846 1255 882 executionem
1280 846 1443 882 devenire
1457 869 1467 886 ,
1494 845 1530 881 8(
1552 857 1616 893 pro
1631 843 1756 880 effeau
1779 839 1996 888 hujusmodi,
2019 841 2155 878 attentis
2172 843 2248 879 aliis
2270 846 2417 891 negotiis
2432 844 2485 881 sui

361 919 386 937 2,
411 894 624 943 Episcopalis
638 893 787 929 muneris
803 918 811 933 ‚
827 892 860 929 in
884 891 958 940 ejus
985 895 1122 935 locum,
1146 894 1180 929 &
1206 893 1317 928 vicem
1333 893 1569 938 subdelegavit
1594 890 1927 930 Reverendiffimum
1957 890 2004 925 D.
2022 890 2196 926 Abbatem
2218 892 2384 937 jacobum
2404 894 2488 932 Phi-'

363 967 387 984 ‚‚
413 943 545 990 lippum
570 941 715 978 Consoli
732 968 741 983 ,
763 941 840 990 ejus
858 941 1034 977 Vicarium
1049 942 1263 979 Generalem
1277 965 1287 981 ,
1310 954 1448 979 necnon
1462 942 1648 988 deputavit
1661 941 1695 976 in
1713 941 1952 976 Promotorem
1969 937 2138 990 fiscalem*
2152 939 2232 975 loco
2247 942 2389 980 Domini
2405 944 2484 982 sub-n,

363 1017 386 1033 ‚‚
414 991 633 1028 Promotoris
651 990 745 1027 Fidei
757 1016 771 1036 ,
798 991 843 1026 R.
863 991 908 1026 D.
920 990 1169 1037 Chrispolitum
1183 989 1356 1033 Battaglia
1370 1014 1382 1032 ‚
1398 990 1637 1026 Beneficiatum
1662 986 1816 1024 Ecclefiae
1836 986 2052 1024 Cathedralis
2077 987 2214 1034 Spoleti
2234 1011 2247 1028 ,
2272 1002 2312 1027 ac
2337 993 2386 1029 D,
2400 993 2484 1029 Cri..

362 1065 387 1082 „
413 1038 544 1087 spinum
557 1038 665 1078 Staffa
681 1039 865 1075 Notarium
882 1062 895 1082 ‚
915 1039 952 1075 8(
967 1039 1222 1075 Cancellarium
1235 1037 1353 1074 Curiae
1373 1038 1608 1074 Ecclefiasticae
1622 1036 1775 1073 Reatinae
1789 1061 1798 1077 ‚
1822 1036 1857 1071 8<
1879 1047 1933 1070 me
1948 1035 2136 1072 Notarium
2152 1059 2165 1080 ,
2187 1036 2482 1077 &cancellarium

362 1113 386 1131 ‚‚
407 1088 654 1136 infrascriptum
669 1111 682 1131 ,
694 1088 728 1123 in
751 1086 985 1124 Connotarios
996 1112 1009 1131 ‚
1023 1098 1087 1133 pro
1099 1085 1520 1134 compilationeattorum
1530 1086 1762 1124 faciendorum
1773 1095 1852 1121 cum
1865 1083 2025 1122 omnibus
2040 1084 2262 1125 facultatibus
2270 1087 2457 1126 necessariis
2469 1114 2482 1132 ,

361 1162 387 1181 2,
410 1138 447 1175 8(
474 1137 703 1186 opportunis,
728 1136 763 1173 8(
786 1137 834 1174 ita
846 1136 914 1173 &c.
937 1136 1030 1172 omni
1043 1135 1108 1171 &c.

816 1239 857 1276 P.
887 1237 930 1277 C.
958 1232 1163 1291 Episcopus
1179 1235 1407 1290 spoletanus
1434 1235 1571 1290 ‘Judex
1597 1235 1810 1291 Delegatus
1826 1262 1838 1275 .

457 1342 578 1383 Simon
600 1341 746 1381 Carolus
760 1342 905 1382 statera
920 1339 1098 1381 Notarius
1111 1369 1122 1386 ‚
1148 1342 1193 1384 &⁶
1207 1342 1446 1381 Cancellarius
1470 1343 1587 1382 Curiae
1610 1341 1815 1392 Episcopalis
1837 1341 1969 1392 Spoleti
1988 1368 1997 1379 .

916 1440 1030 1480 Tenor
1049 1441 1204 1492 praeditis·
1233 1440 1466 1491 Chirographi
1487 1440 1530 1493 est
1545 1442 1694 1492 sequens
1710 1439 1916 1485 ,videlicem

452 1542 475 1582 ζ
501 1541 562 1578 IN
586 1541 801 1580 NOMINE
827 1541 1024 1579 DOMINI
1053 1542 1186 1581 Amen.
1214 1540 1365 1579 Cunftis
1390 1540 1521 1588 ubique
1543 1549 1684 1588 pateat,
1712 1539 1858 1586 qualiter
1874 1540 1956 1576 Nos
1971 1537 2190 1576 illustrissimi
2215 1542 2358 1581 Domini
2374 1546 2485 1583 Fran.

356 1591 382 1631 ’,’,’
406 1589 515 1627 ciscus
528 1591 670 1629 Raucus
684 1617 695 1633 ,
721 1592 842 1628 Petrus
859 1591 983 1627 Paulus
995 1591 1128 1630 Coccia
1141 1615 1155 1637 ‚
1180 1590 1301 1628 Simon
1315 1591 1412 1627 Palla
1422 1614 1436 1635 ,
1448 1589 1638 1643 &Jacobus
1651 1588 1694 1624 de
1708 1588 1887 1634 Stephano
1900 1612 1913 1632 ‚
1924 1600 2044 1625 omnes
2058 1588 2192 1625 Priores
2206 1590 2405 1632 Refidentes
2417 1619 2427 1635 ‚
2441 1595 2480 1632 δε

355 1662 380 1679 ,,
408 1637 556 1684 legitimi
570 1639 873 1678 Administratores
889 1639 1131 1678 Univerlitatis
1146 1665 1156 1681 ,
1183 1639 1432 1683 &Regiminis
1458 1637 1742 1684 hujusCrvitatis
1767 1637 1952 1681 Leoniffae,
1979 1649 2048 1672 non
2069 1639 2225 1675 valentes
2250 1641 2294 1676 ad
2309 1642 2481 1680 infrascri-

356 1711 382 1727 ω
407 1698 467 1735 pta
488 1689 603 1726 omnia
626 1689 857 1738 personaliter
883 1690 1116 1733 Interveniat,
1139 1700 1210 1726 non
1236 1690 1273 1725 vi
1294 1688 1365 1725 &c.
1391 1688 1447 1725 sed
1472 1686 1590 1735 sponte
1601 1687 1668 1723 &c.
1693 1686 1858 1732 omnique
1880 1685 2019 1722 meliori
2045 1686 2151 1722 modo
2164 1690 2230 1724 Sec.
2257 1688 2400 1728 facimus
2415 1719 2426 1734 ‚
2449 1693 2488 1730 Sc

357 1759 382 1776 2,
408 1735 648 1776 constituimus
662 1739 816 1775 nostrum
830 1763 845 1783 ‚
869 1739 904 1777 &
924 1736 1023 1775 diam
1035 1739 1155 1775 nostrae
1167 1736 1404 1776 Universttatis
1417 1737 1677 1774 Procuratorem
1703 1733 1862 1771 afiorum
1876 1734 1947 1770 &c.
1970 1735 2021 1771 R.
2033 1735 2229 1772 Dominum
2246 1738 2383 1776 Petrum
2398 1742 2487 1778 Pau·

330 1809 332 1811 -
357 1813 381 1831 ,,
407 1786 479 1821 lum
493 1786 691 1831 Sinibaldi,
705 1788 854 1825 nostrum
870 1788 1062 1825 Concivem
1087 1788 1294 1832 absentem,
1317 1797 1476 1835 tanquam
1502 1784 1692 1833 praesentem
1716 1783 1759 1820 ad
1787 1783 1906 1826 vices,
1929 1784 1965 1820 8<
1992 1783 2131 1820 nomine
2153 1785 2297 1832 nostro,
2320 1789 2355 1825 &
2381 1789 2482 1827 ‹1361ae

357 1861 381 1878 „
405 1834 525 1872 nostrae
535 1836 786 1874 Univerfitatis
798 1861 812 1881 ,
837 1844 870 1877 δι
890 1848 956 1884 pro
983 1836 1103 1874 Nobis
1128 1835 1392 1884 comparendum
1418 1846 1532 1872 coram
1548 1831 1783 1871 illustrissimis
1800 1855 1813 1876 ,
1837 1832 1872 1868 8<
1888 1832 2202 1871 Reverendissimis
2217 1836 2381 1874 Dominis
2404 1839 2490 1888 Epi-

356 1910 381 1927 „
410 1883 521 1931 scopis
533 1886 726 1931 spoletano
741 1911 754 1930 ,
777 1885 980 1924 &Reatino
996 1911 1007 1928 ‚
1031 1897 1151 1924 eorum
1165 1913 1176 1929 ‚
1199 1888 1234 1923 &
1260 1883 1444 1934 cujuslibet
1470 1884 1621 1930 ipsorum
1643 1880 1914 1926 Subdelegatis‚
1939 1882 1974 1918 8<
1999 1883 2211 1927 Deputatis‚
2238 1883 2306 1921 five
2322 1887 2488 1925 Subdele.

357 1958 382 1976 ,,
406 1933 544 1978 gaudis,
555 1934 590 1970 8(
601 1935 829 1983 deputandis,
845 1936 887 1975 ad
899 1936 1148 1981 porrigendum
1161 1962 1171 1978 ,
1192 1936 1229 1974 8<
1243 1933 1504 1982 praesentandum
1520 1933 1707 1969 Decretum
1721 1931 1962 1967 facultativum
1983 1931 2095 1968 Sacrae
2106 1931 2401 1978 congregationis
2417 1937 2486 1973 Ri-

357 2007 382 2022 ‚‚
407 1987 509 2018 tuum
530 1982 629 2031 super
649 1984 873 2021 translatione
888 1984 1061 2032 CorporiS
1085 1983 1277 2035 B.Josephi
1304 1986 1323 2020 a
1336 1981 1488 2020 Leoniss'a
1503 1981 1594 2018 Ord.
1611 1980 1699 2017 Min.
1735 1981 1772 2018 S.
1789 1979 1959 2017 Francisci
1976 1980 2236 2026 Capucinorum
2249 2005 2262 2025 ,
2288 1982 2483 2021 instandum

359 2053 383 2071 υ
408 2029 444 2062 &
466 2034 656 2077 agendum,
682 2032 852 2081 quidquid
877 2045 968 2080 opus
993 2033 1117 2084 suerit,
1139 2035 1240 2083 juxta
1253 2033 1349 2070 illius
1363 2031 1505 2072 seriem,
1531 2028 1807 2072 continentiam,
1831 2028 2051 2066 &tenorem.
2075 2027 2145 2072 ita,
2170 2029 2363 2076 &taliter‚
2384 2033 2483 2080 quod

359 2103 384 2120 ‚,
409 2075 507 2113 suum
521 2081 676 2117 debitum
688 2083 847 2118 sortiatur
857 2081 1017 2119 effefkum
1027 2107 1041 2127 ‚
1068 2084 1254 2131 omniaque
1270 2080 1337 2118 alia
1351 2082 1482 2125 agenda
1495 2105 1505 2121 ‚
1532 2078 1648 2127 quaein
1662 2076 1836 2124 praemissis
1853 2101 1864 2117 ‚
1890 2077 1924 2113 8(
1940 2077 2029 2113 citca
2039 2088 2078 2113 ea
2094 2080 2358 2123 quomodolibet
2371 2081 2488 2120 neces·

359 2151 384 2168 ,,
411 2124 545 2170 saria‚&
559 2140 758 2178 opportuna
774 2132 849 2167 sunt
859 2158 868 2173 ,
883 2132 1160 2180 Mandatumque
1175 2131 1284 2178 magis
1300 2130 1463 2177 speciale,
1475 2129 1577 2176 quitrn
1593 2127 1804 2175 praesentibus
1818 2125 2008 2173 expressum
2024 2126 2203 2173 requirunt
2218 2152 2230 2171 ,
2254 2128 2290 2165 8(
2304 2141 2380 2178 quae
2394 2132 2488 2168 Nos.

359 2200 383 2217 ,‚
407 2175 540 2223 metipsi
565 2178 659 2215 lllriii
692 2181 737 2215 D.
754 2180 1016 2217 Constituentes
1038 2182 1226 2217 faceremus
1255 2204 1265 2220 ,
1289 2188 1346 2215 aut
1366 2178 1477 2215 facere
1501 2176 1691 2224 possemus.
1717 2176 1740 2212 fi
1766 2175 1969 2223 praesentes,
1989 2174 2024 2210 8<
2039 2174 2262 2222 personaliter
2275 2178 2485 2224 adeffemus,

359 2249 383 2265 „
407 2223 531 2261 etiamst
557 2227 639 2263 talia
663 2227 803 2269 forent,
832 2241 908 2276 quae
922 2228 1073 2265 nostram
1089 2229 1299 2276 praesentiam
1313 2251 1328 2270 ‚
1350 2228 1385 2263 8(
1405 2225 1624 2263 assistentiam
1641 2226 1857 2273 requirerent
1875 2247 1884 2262 ‚
1910 2235 1990 2259 cnm
2008 2226 2127 2270 plena,
2155 2225 2280 2267 libera,
2306 2228 2342 2265 8<
2369 2232 2488 2267 omni-

361 2297 387 2314 „
410 2275 515 2310 moda
538 2274 697 2312 facultate
721 2280 756 2312 8(
780 2278 984 2316 auam-itare
999 2302 1012 2319 ‚
1035 2278 1141 2314 etiam
1167 2277 1210 2314 ad
1234 2277 1303 2321 fic,
1329 2282 1361 2313 &
1390 2276 1434 2313 fic
1458 2304 1468 2319 ,
1493 2279 1527 2310 8(
1549 2286 1627 2311 curn
1653 2271 1815 2311 facultate
1837 2272 2061 2308 substituendi
2083 2273 2118 2308 in
2130 2273 2235 2311 forma
2251 2298 2266 2319 ‚
2289 2279 2353 2314 &c.
2377 2289 2483 2315 unum

362 2345 386 2361 2,
412 2322 469 2357 vel
494 2323 612 2370 plures
636 2325 902 2364 Procuratorem
917 2352 928 2367 ,
954 2327 1015 2363 vel
1035 2327 1310 2369 Procuratores,
1334 2326 1370 2362 8<
1393 2335 1598 2373 quacunque
1618 2321 1685 2359 alia
1706 2322 1865 2359 facultate
1892 2321 1937 2358 ad
1960 2319 2119 2376 effefilum
2146 2322 2344 2368 praediaum
2366 2326 2485 2365 neces..

362 2392 387 2410 ³,
412 2370 519 2413 saria,
543 2375 578 2407 ὃ(
599 2382 798 2419 opportuna
813 2379 879 2413 διε.
903 2376 939 2412 8(
967 2374 1202 2422 promittimus
1224 2375 1351 2412 habere
1372 2383 1485 2412 ratum
1500 2377 1566 2410 &c.
1591 2371 1764 2420 quidquid
1780 2375 1846 2408 &c.
1872 2381 1932 2418 per
1947 2368 2077 2406 dietum
2106 2371 2151 2405 D.
2168 2371 2339 2411 Nostrum
2355 2377 2485 2414 Procu.

363 2442 388 2459 2,
411 2427 582 2464 terrorem,
607 2420 722 2457 aftum
734 2445 748 2464 ,
774 2427 807 2459 &
831 2423 965 2468 gestum
990 2423 1094 2460 fuerit
1109 2447 1120 2462 ,
1147 2428 1182 2459 &
1211 2426 1365 2460 relevare
1385 2423 1580 2459 indemnem
1593 2425 1660 2455 &c.
1683 2419 1759 2456 Sub
1783 2418 2003 2464 obligatione
2019 2419 2180 2455 -omnium
2205 2420 2424 2469 nostrorum,
2445 2429 2484 2462 8(

361 2490 385 2507 >2
411 2469 510 2505 dietae
530 2468 772 2507 Univerfitatis
792 2473 963 2508 bonorum
978 2495 991 2515 ,
1012 2476 1047 2510 ὰ
1071 2471 1114 2510 fic
1135 2474 1289 2518 iuramus
1316 2472 1351 2506 in
1377 2470 1533 2506 manibus
1558 2466 1759 2511 infrascripti
1780 2466 1945 2503 Notarii.
1970 2468 2040 2510 Et,
2066 2478 2104 2503 ut
2117 2468 2159 2504 de
2185 2470 2356 2514 praediflis
2376 2474 2487 2510 omui-

361 2539 387 2559 ‚‚
412 2519 478 2555 bus
502 2519 601 2567 plena
626 2519 712 2555 fides
735 2521 940 2557 adhibeatur
963 2519 998 2555 in
1023 2519 1156 2566 judicio
1174 2543 1188 2565 ,
1211 2520 1247 2555 &
1266 2529 1391 2563 extra,
1418 2519 1484 2554 hoc
1507 2516 1651 2564 praesens
1675 2515 1912 2569 Procurator-is
1939 2514 2144 2551 Mandatum
2167 2516 2313 2555 scribere
2339 2519 2482 2560 fecimus

360 2587 384 2607 ,,
408 2578 513 2603 manu
532 2567 738 2615 infrascripti
753 2568 894 2606 Notarii
908 2569 1066 2616 publici,
1080 2570 1177 2616 quod
1200 2567 1452 2614 subscripsimus
1474 2565 1599 2603 nostris
1622 2563 1774 2613 propriis
1799 2564 1980 2607 manibus,
2006 2566 2038 2598 &
2061 2563 2162 2601 solito
2187 2566 2317 2611 Sigillo
2330 2569 2486 2608 Univer-

361 2633 387 2655 ‚‚
410 2615 513 2649 sitatis
539 2616 805 2657 roboravimus,
829 2622 863 2653 Β(
893 2618 1110 2654 munivimus
1136 2618 1179 2653 ad
1202 2617 1405 2663 praesentiam
1427 2615 1719 2661 infrascriptorum
1743 2612 1926 2650 Testium.

457 2687 479 2703 ,‚
506 2660 550 2695 Et
563 2670 630 2705 ego
643 2660 808 2709 Iosephus
822 2663 867 2698 de
880 2662 1049 2700 Felicibus
1060 2688 1074 2709 ‚
1090 2665 1225 2712 publica
1237 2666 1329 2709 regia
1345 2665 1554 2702 auctoritare
1568 2660 1743 2700 Notarius
1754 2685 1767 2707 ,
1777 2663 1842 2698 hoc
1855 2659 1994 2710 praesens
2013 2661 2252 2700 Procuratoris
2285 2664 2484 2706 Mandatum

359 2736 382 2753 2,
408 2710 449 2747 tle
460 2707 593 2746 Ordine
619 2708 792 2747 distorum
821 2710 1123 2748 illustriffimomm
1149 2715 1197 2748 D.
1214 2713 1261 2749 D.
1278 2713 1573 2751 Constituentium
1598 2708 1738 2759 scripsi,
1762 2709 1934 2756 subscripsi
1950 2732 1964 2753 ‚
1989 2710 2190 2757 publicavi,
2216 2713 2252 2749 8(
2276 2713 2384 2752 solito
2405 2730 2483 2754 meo

359 2785 382 2801 ‚,
407 2761 501 2804 ligno
526 2759 653 2802 {ignavi
668 2771 832 2805 rogatus,
858 2761 892 2796 8(
910 2760 1029 2808 regist.
1044 2761 1206 2800 Leoniffi'e
1233 2760 1296 2798 hac
1318 2761 1375 2799 die
1388 2762 1555 2808 vigesima
1570 2760 1714 2801 secunda
1735 2759 1851 2799 meniis
1873 2760 1970 2807 Sept·
1997 2758 2164 2798 millefimi
2192 2762 2481 2809 septingentefimi

360 2833 384 2850 „
409 2806 571 2857 trigelimi
586 2806 718 2855 septimi
734 2836 743 2845 .
766 2810 857 2849 Laus
875 2811 956 2846 Deo
968 2810 1035 2846 &c.

551 2903 756 2956 Franciscur
781 2907 926 2946 Raucus
946 2908 1054 2948 Prior
1068 2933 1082 2954 ‚
1108 2908 1269 2961 constituo
1282 2937 1296 2957 ‚
1321 2921 1363 2949 ut
1377 2910 1486 2961 supra
1499 2937 1511 2946 .

551 2955 682 2996 Petrus
705 2956 848 2995 Paulus
864 2958 987 2996 Coccia
999 2982 1012 3002 ‚
1037 2957 1145 2997 Prior
1159 2983 1172 3003 ,
1186 2960 1364 3012 constituto
1388 2970 1430 2998 ut
1447 2960 1559 3010 supra
1575 2987 1585 2998 .

554 3006 694 3045 Simeon
719 3005 822 3045 Palla
835 3031 848 3051 ,
874 3006 981 3045 Prior
993 3032 1008 3053 ,
1033 3007 1195 3058 constituo
1221 3021 1262 3048 ut
1276 3011 1386 3060 supra
1401 3034 1412 3046 .

555 3054 711 3107 Jacobas
732 3055 775 3093 de
797 3055 985 3105 Stephani:
998 3057 1132 3104 ,Prior
1147 3083 1162 3104 ,
1175 3059 1337 3111 constituo
1364 3068 1406 3098 ut
1421 3057 1532 3109 supra
1545 3082 1557 3095 .

643 3162 690 3191 ¹:
724 3155 836 3195 Paulo
858 3155 1001 3195 Pulcim‘
1025 3158 1153 3197 Teste.

655 3215 690 3241 =
753 3204 864 3255 ‘Joan-
889 3206 1049 3258 Philippo
1076 3205 1271 3258 Sebastiam·
1283 3209 1410 3248 Teste.

463 3305 502 3341 L.
525 3309 557 3345 »Β
582 3302 623 3342 S.
648 3300 821 3342 Praediaae
845 3306 1087 3346 Univerlitatis
1111 3305 1296 3345 Leoniffae.

462 3402 509 3441 L.
535 3403 642 3452 signa·
665 3401 749 3441 diui
773 3400 950 3443 Notarii.

763 3553 885 3591 Tenor
908 3554 1113 3593 Litterarum
1140 3558 1250 3598 Sacrae
1275 3557 1596 3607 congregationis,
1620 3559 1669 3598 est
1693 3558 1866 3607 sequens,
1891 3550 2088 3592 videliwtl¹

1162 3653 1340 3703 Reatina,
1365 3657 1409 3700 ὁ·
1434 3657 1621 3709 spoletana
1646 3672 1682 3700 =

465 3770 490 3789 2,
515 3747 757 3788 Translationis
777 3751 950 3800 Corporis
977 3754 1166 3804 B.J0sephi
1194 3757 1212 3791 ἢ
1236 3755 1419 3801 Lemma,
1447 3758 1641 3798 Sacerdotis
1667 3750 1811 3800 ordinis
1829 3750 2005 3788 Minorum
2029 3749 2066 3790 S·
2090 3753 2252 3795 francisci
2277 3754 2477 3806 Capuciuoo'

369 3819 394 3836 ‚,
416 3805 490 3834 rum
504 3797 546 3836 ad
570 3796 772 3837 humillimas
793 3810 928 3846 preces:
963 3805 1027 3843 vti
1044 3805 1150 3855 supra
1169 3814 1252 3843 ante
1275 3802 1409 3844 Notum
1427 3830 1442 3853 ,
2314 3855 2351 3893 Τ

2353 3861 2435 3892 enot
