2762 4030
1125 228 1611 319 Romana
2213 267 2322 349 17

288 350 449 397 „asterii
474 345 735 406 cougregatis
762 350 782 397 ,'
821 346 1072 389 auctoritate
1099 348 1336 404 Apostolica

289 411 499 469 praecipias
516 438 531 463 ,
556 417 603 451 ut
635 402 857 449 secundnm
876 416 993 446 tuum
1027 408 1334 462 beneplacitum

287 472 345 515 de
358 470 449 528 ipfis
464 479 586 512 unam
598 493 615 516 ,
640 476 730 519 quae
739 463 791 506 ad
810 462 1038 517 gerendum
1054 464 1332 509 Abbatifl'atfis

292 530 472 574 officium
492 524 618 580 magis
644 521 796 566 idonea
814 524 861 565 sit
878 551 893 574 ‚
920 524 961 564 δι
977 522 1069 565 vitae
1084 526 1329 579 exemplaris

287 581 666 645 pmbitnteprfflet
680 611 697 633 ,
715 595 795 624 non
810 590 947 625 tamen
965 610 980 633 ,
994 595 1081 638 quae
1098 583 1153 624 ibi
1168 584 1330 637 imprae-

285 644 502 697 sentiarum
513 637 727 685 Abbatiffa
741 641 888 684 existet
903 668 919 692 ,
933 641 1045 683 disto
1076 642 1330 687 Monasterio

284 718 394 753 novo
419 702 487 746 hle
519 699 820 757 praeficiendam
842 728 857 751 ,
888 713 1050 742 necnon
1087 710 1171 743 tres
1198 701 1329 753 alias,

282 765 409 811 etiam
425 760 551 817 magis
569 761 739 802 idoneas
756 758 898 802 officiis
927 758 996 802 libi
1013 760 1326 802 committendis

287 824 329 868 iu
357 820 510 867 eodem
528 819 782 863 Monasterio
805 833 944 870 novo,
983 831 1154 874 quarum
1182 832 1258 862 una
1285 819 1329 861 lit

287 880 481 938 Magistra
498 880 763 923 Novitiarum
778 904 792 927 ,
808 878 995 935 Reliqua·
1018 881 1121 922 vero
1146 879 1220 920 fine
1240 880 1331 922 Ro-

281 942 424 996 tariae,
463 937 534 982 seu
563 938 761 980 Discretae
785 966 798 988 ,
835 938 875 979 δι
908 936 1122 981 Abbatiffae
1145 935 1332 981 consilia-

283 1001 380 1052 riae,
407 998 704 1057 quamprimum
727 997 886 1051 eligant
900 1027 912 1040 .
930 1000 1036 1056 Qae
1049 996 1216 1055 quidem
1231 1012 1332 1055 qua-

282 1071 382 1104 tuor
411 1057 611 1103 Moniales
635 1085 650 1108 ,
690 1055 902 1112 postquam
943 1058 962 1113 (
991 1068 1036 1100 ut
1078 1054 1331 1115 praefertur)

283 1120 423 1164 electa
446 1117 602 1160 fuerint
631 1145 648 1167 ,
688 1129 762 1170 per
794 1114 1075 1158 obedientiam
1103 1116 1328 1160 claustrum

289 1179 437 1230 exire,
466 1177 508 1219 δι
531 1189 626 1221 cum
639 1173 808 1218 honesto
825 1174 1029 1218 comitatu
1051 1175 1113 1218 eis
1137 1174 1335 1233 assignan-

286 1238 370 1290 do,
397 1240 569 1281 Romam
608 1235 752 1276 venire
788 1232 970 1276 debeant
1010 1236 1050 1276 &
1079 1244 1331 1279 teneantur:

286 1312 368 1341 non
393 1294 579 1348 obstante
604 1303 815 1350 perpetuae
843 1292 1046 1336 clausurae
1059 1304 1158 1337 voto
1176 1296 1256 1346 ,ab
1275 1297 1334 1338 eis

285 1353 441 1408 emiffo,
455 1351 574 1410 super
591 1366 674 1409 quo
686 1366 779 1400 cum
799 1352 859 1395 eis
877 1351 927 1396 ad
944 1354 1051 1397 hunc
1065 1351 1254 1401 effeetum
1268 1383 1283 1407 ,
1295 1356 1335 1398 &

286 1430 362 1473 pro
386 1416 461 1458 hac
477 1413 568 1457 vice
594 1413 754 1457 tantum
768 1411 1074 1468 dispensamus,
1097 1427 1144 1455 ac
1174 1414 1335 1458 Confli-

289 1474 520 1519 rationibus
537 1501 551 1525 ,
564 1474 604 1514 &
618 1470 958 1515 ordinationibus
974 1471 1221 1529 Apostolicis
1234 1502 1250 1527 ,
1261 1487 1333 1518 cae.

289 1532 468 1590 terisque
481 1531 700 1576 contrariis
717 1531 1025 1589 quibuscunque
1040 1562 1053 1573 .
1078 1535 1232 1576 Datum
1246 1534 1335 1576 Ro·

292 1607 368 1636 mae
413 1593 526 1648 apud
556 1593 596 1633 S.
626 1593 796 1633 Petrum
821 1589 892 1633 sub
923 1591 1078 1634 annulo
1115 1591 1332 1636 piscatoris

289 1651 361 1695 die
382 1665 416 1694 t.
442 1649 584 1693 Martii
617 1651 903 1696 MDLXXVI·
929 1649 1196 1696 Pontificau'zs
1212 1652 1333 1696 nostri

248 1742 254 1746 »
290 1724 402 1755 anno
414 1719 570 1769 quarto
586 1737 600 1753 2

863 1831 963 1890 Caest
975 1831 1195 1875 Glorierius
1209 1861 1220 1874 .

352 1956 479 1996 Breve
482 1948 661 2009 format.
689 1950 733 1991 in
747 1950 869 1993 Arch.
887 1952 1108 1994 Conventus
1130 1954 1170 1995 S.
1189 1951 1337 1996 Maria

409 2013 516 2054 Pacis
536 2009 683 2068 Pertfit‘
700 2037 712 2050 .

291 2253 509 2302 Fratrum
538 2265 660 2298 curae
713 2246 764 2300 δε
805 2248 1188 2300 administrationi
1227 2253 1339 2300 Mo-

363 2319 612 2372 nasteriurn
637 2320 943 2388 praedistum,
981 2321 1029 2371 <Sc
1059 2319 1140 2368 sub
1166 2323 1342 2386 prima,

365 2389 416 2444 δι
431 2390 628 2440 arstiore
648 2394 697 2440 S.
713 2390 866 2441 Clarae
880 2391 1063 2460 Regula
1083 2386 1342 2440 institutum

362 2459 547 2525 subjicit
564 2495 578 2510 .

288 2590 677 2643 GREGORI
704 2591 803 2647 US
859 2592 1338 2644 EPISCOPUS

554 2713 706 2756 Servus
721 2714 943 2756 Servorum
962 2713 1062 2756 Dei.

465 2830 535 2874 Ad
554 2838 791 2886 perpetuam
815 2833 877 2874 rei
900 2834 1126 2874 memoriam
1142 2858 1154 2869 .

389 2947 582 2990 Astoralis
606 2946 728 2990 officii
753 2962 850 2990 cura
876 2976 891 2999 ,
920 2947 1001 3004 qua
1022 2949 1061 2990 in
1081 2949 1160 2991 Dei
1182 2947 1336 2990 Eccle-

408 3008 458 3049 fia
475 3035 492 3058 ,
522 3007 682 3049 meritis
709 3007 893 3061 quamvis
907 3006 1241 3050 insufficientibus
1256 3020 1339 3059 ,ex

291 3068 372 3110 Dei
397 3064 660 3121 dispolitione
688 3063 893 3122 fungimur
909 3096 923 3118 ,
956 3069 1042 3110 Nos
1060 3067 1213 3108 excitat
1230 3067 1267 3107 &
1285 3067 1342 3107 in·-

290 3125 406 3169 ducit
421 3155 436 3178 ,
468 3135 511 3168 ut
526 3122 663 3169 sedula
681 3126 929 3179 cogitatione
943 3155 958 3177 ,
982 3127 1023 3167 &
1037 3125 1198 3168 ardenti
1214 3124 1343 3167 studio

290 3186 549 3236 adnitamur,
574 3182 704 3240 quoad
722 3185 1028 3241 Omnipotentis
1050 3184 1127 3227 Dei
1144 3183 1341 3239 gloriam,

287 3244 588 3287 &Monasteria
605 3243 844 3287 Monialium
862 3272 876 3295 ,
906 3259 949 3287 ac
974 3245 1039 3298 pia
1067 3243 1159 3284 loca
1187 3243 1338 3298 ubique

288 3304 471 3359 gentium
486 3333 503 3356 ,
525 3303 765 3346 &locorum
784 3333 798 3355 ,
822 3302 1041 3360 praesertim
1057 3302 1097 3343 in
1113 3301 1234 3344 Alma
1253 3302 1336 3343 Ur·

287 3364 340 3407 be
358 3365 512 3414 nostra,
534 3361 764 3417 Religionis
781 3392 796 3414 ,
826 3377 871 3404 ac
900 3362 1095 3404 virtutum
1122 3362 1336 3403 omnium

287 3423 500 3467 domicilio
514 3450 528 3473 ,
543 3422 704 3479 propria
721 3435 810 3463 cum
830 3421 1069 3464 Animarum
1087 3418 1215 3462 salute
1233 3433 1335 3460 con-

288 3482 494 3526 struantur
512 3494 526 3523 ε
559 3481 706 3539 piaque
724 3482 926 3523 fidelium
942 3491 1039 3521 vota
1062 3479 1099 3520 in
1132 3480 1189 3520 bis
1206 3507 1219 3530 ‚
1247 3492 1335 3535 quae

288 3541 521 3599 Religionis
549 3541 886 3599 propagationem
905 3569 919 3591 ,
950 3539 1160 3595 divinique
1194 3535 1330 3579 cultus

289 3612 554 3704 teutgrenffrgum
580 3600 833 3658 respiciunt,
865 3610 907 3700 :t
939 3595 1332 3699 ορὲἲῑξὲἶυξοέἐξέἓ-

309 3674 334 3701 u
520 3676 557 3704 m
630 3677 648 3703 r
678 3675 716 3702 m
749 3674 865 3702 veam
896 3674 912 3699 s
1321 3686 1332 3698 .

288 3675 800 3778 Nuperessdluid’e‘r'ttodilcdffl
816 3719 907 3762 Filii
921 3671 1166 3760 &onfratr'es
1183 3715 1333 3757 Archi-

286 3776 640 3835 confraternitatis
667 3774 1115 3826 SanctillimiCrucifixi
1143 3774 1196 3817 de
1220 3774 1333 3818 Urbe

288 3837 684 3883 canoniceinstitutae
702 3871 719 3893 ,
733 3854 807 3898 pro
824 3848 1046 3894 augmento
1072 3833 1214 3878 Divini
1229 3833 1333 3885 Culq

410 3899 515 3942 Tm.
532 3900 588 3941 11.

1400 359 1464 391 tus
1478 349 1517 391 in
1533 347 1684 391 eadem
1699 345 1841 398 Urbe,
1855 345 1997 392 oblata
2014 350 2083 395 fibi
2099 357 2413 411 opportunitate
2425 386 2440 407 ,

1397 408 1507 463 quod
1534 406 1687 450 dileeta
1719 405 1758 447 in
1774 406 1939 450 Christo
1958 409 2084 462 Filia,
2110 414 2258 459 nobilis
2286 416 2439 458 Mulier

1389 469 1547 522 Joanna
1580 465 1793 520 Aragonia
1820 494 1836 516 ,
1876 465 2015 508 relicta
2041 473 2241 524 quondam
2278 474 2440 516 Ascanii

1394 525 1643 575 Columnae,
1674 523 1924 579 Tagliacotii
1944 527 2066 568 Ducis
2085 557 2100 578 ‚
2133 534 2325 583 praedium
2351 547 2441 575 cum

1391 582 1585 629 domibus
1616 583 1659 623 in
1691 585 1837 627 Monte
1861 585 2070 643 Qirinali
2094 588 2205 639 sitis,
2240 605 2312 645 pro
2342 592 2439 638 inibi

1389 640 1673 683 construendo
1696 641 1944 686 Monasterio
1964 646 2202 688 Monialium
2217 674 2230 695 ,
2262 649 2441 691 liberali>-

1391 709 1459 741 ter
1488 700 1719 743 donaverat
1735 731 1750 752 ,
1789 702 2081 745 monasterium
2101 707 2299 758 Corporis
2320 709 2442 750 Chri-

1390 758 1438 800 sti
1476 761 1795 814 nuncupandum
1821 789 1836 811 ,
1875 760 2039 803 Ordinis
2084 767 2235 805 Sant‘tae
2261 765 2392 807 Clarae
2427 793 2441 815 ,

1394 830 1488 858 curn
1516 819 1700 873 praedi0,
1733 821 1770 861 δι
1796 818 1987 863 domibus
2005 850 2020 871 ,
2050 821 2088 863 in
2119 836 2197 877 quo
2215 825 2444 865 sanctimo-

1392 875 1524 918 niales
1556 878 1763 932 praecipuae
1791 879 2086 931 observantiae,
2114 882 2151 920 &
2170 880 2443 923 sanetitatisin

1395 935 1583 977 altiffima
1615 947 1888 991 paupertate,
1924 939 1964 979 δι
1991 937 2199 981 art‘tiffima
2225 939 2441 990 clausura,

1387 992 1515 1048 juxta
1543 994 1749 1050 Regulam
1771 997 1943 1050 primam
1969 996 2150 1052 ejusdem
2178 1000 2328 1041 sanetae
2343 1001 2444 1042 Cla-

1392 1066 1472 1105 rae,
1499 1054 1786 1097 &laudabiles
1810 1054 1962 1111 aliquas
1975 1056 2299 1099 Constitutiones
2320 1058 2445 1112 dege-

1394 1123 1517 1166 rent;
1549 1127 1596 1157 ac
1617 1113 1688 1157 sub
1713 1127 1810 1157 cura
1838 1115 2032 1157 Fratrum
2054 1118 2265 1158 Minorum
2290 1117 2343 1159 de
2358 1117 2446 1158 Ob-

1401 1170 1603 1216 servantia
1629 1175 1940 1230 Capucinorum
1965 1186 2291 1231 nuncupatorum
2309 1205 2323 1227 ,
2346 1179 2444 1232 Jesu

1398 1231 1564 1275 Christo
1594 1234 1776 1289 Sponso,
1804 1233 1874 1288 qui
1890 1233 1947 1276 est
1975 1234 2175 1290 speciosus
2204 1234 2336 1278 fot-mxi
2366 1249 2443 1291 prae

1396 1291 1510 1333 Filiis
1534 1292 1778 1345 bominum,
1807 1293 2136 1344 famularentur,
2167 1294 2445 1338 Nobis-scien-

1395 1350 1508 1393 tibus
1522 1379 1536 1403 ,
1564 1365 1611 1394 ac
1628 1352 1962 1396 collaudantibus
1978 1351 2179 1397 aedificare
2193 1364 2440 1411 coeperunt:

1395 1424 1479 1466 quo
1506 1411 1637 1466 prope
1677 1411 1758 1467 jam
1800 1411 2011 1467 completo
2032 1442 2047 1465 ,
2075 1423 2251 1469 quatuor
2280 1414 2444 1456 Monia-

1400 1469 1458 1512 les
1487 1470 1624 1526 paucis
1651 1482 1750 1514 ante
1776 1470 2004 1522 mensibus,
2033 1474 2278 1516 auctoritate
2303 1473 2445 1516 litera-

1395 1543 1485 1572 rum
1505 1529 1747 1573 Nostrarum
1764 1560 1778 1582 ,
1803 1529 1857 1573 de
1875 1531 2125 1574 Monasterio
2139 1536 2287 1574 Sane‘tae
2307 1532 2443 1574 Mariae

1397 1588 1439 1632 in
1491 1588 1755 1632 Hierusalem
1817 1590 2084 1646 Neapolitan.
2125 1590 2220 1632 dieti
2275 1592 2444 1633 Ordinis

1397 1651 1551 1692 Sant‘tae
1565 1649 1697 1692 Clarae
1715 1648 1898 1700 edudlae,
1931 1663 1977 1692 ac
2001 1649 2039 1691 in
2060 1651 2195 1692 locum
2211 1649 2336 1694 futuri
2350 1654 2445 1693 Mo-

1398 1707 1563 1751 nasterii
1578 1708 1776 1764 Corporis
1794 1709 1947 1751 Christi
1963 1710 2185 1762 transsatae,
2213 1712 2252 1751 &
2275 1710 2445 1753 conclu·

1400 1766 1473 1810 sae:
1505 1767 1663 1810 deinde
1686 1767 1892 1810 nonnullae
1907 1768 2099 1824 Virgines
2115 1767 2302 1812 saeculum
2320 1769 2446 1812 relin-

1398 1838 1575 1883 quentes
1604 1830 1643 1870 in
1674 1826 1828 1869 eodem
1859 1829 2096 1871 introduetx
2118 1858 2132 1880 .,
2171 1831 2212 1871 δι
2237 1829 2447 1871 collocata:

1400 1885 1489 1930 sunt
1505 1921 1515 1927 .
1549 1887 1625 1930 His
1640 1887 1762 1942 igitur
1778 1887 1832 1929 ita
1852 1889 2022 1944 peractis
2036 1889 2444 1946 ,taninmdvertentes

1401 1947 1646 2003 praecipuum
1666 1948 1742 1989 hoc
1758 1975 1771 1997 ,
1797 1948 1834 1988 8<
1852 1947 2007 2003 inligne
2026 1948 2188 2002 pietatis
2207 1962 2446 1990 monumen-

1397 2020 1485 2049 tum
1517 2008 1556 2049 in
1577 2006 1722 2050 eadem
1757 2007 1870 2050 Urbe
1901 2008 2045 2050 nostris
2073 2008 2331 2062 temporibus
2363 2007 2440 2049 Dei

1397 2065 1598 2110 beneficio
1628 2065 1854 2109 institutum
1886 2064 2031 2118 fuisse,
2067 2067 2213 2108 Eidem
2247 2067 2284 2108 in
2306 2067 2443 2122 primis

1396 2126 1550 2183 gratias
1580 2125 1762 2181 agendas
1790 2125 2009 2176 duximus,
2040 2140 2123 2182 quo
2157 2125 2376 2181 adjutore,
2405 2126 2444 2165 δι

1400 2187 1566 2229 auam-e
1583 2186 1687 2227 bona
1705 2187 1844 2226 cuncta
1862 2185 2051 2227 ordinem
2074 2183 2315 2238 suscipiunt,
2347 2198 2446 2225 con-

1401 2245 1616 2289 servantur
1634 2274 1649 2296 ,
1677 2245 1718 2284 ἃ
1737 2242 2010 2298 perficiunt-ur
2024 2274 2039 2294 ,
2071 2256 2196 2299 atque
2211 2244 2251 2284 in
2268 2243 2355 2285 dies
2373 2257 2446 2285 au·-

1403 2314 1555 2360 gentur
1570 2333 1583 2345 .
1609 2303 1918 2359 Cupientesque
1939 2303 2104 2346 fideles
2123 2303 2297 2358 fingulos
2315 2305 2351 2344 in
2367 2301 2444 2343 Dei

1403 2363 1553 2405 timore
1578 2361 1855 2417 cogitationes
1892 2376 2032 2405 omnes
2069 2364 2150 2406 suas
2189 2360 2336 2403 defixas
2365 2362 2447 2404 'ha-

1403 2423 1507 2463 bere
1543 2434 1559 2473 3
1601 2435 1646 2464 ac
1680 2421 1774 2462 huic
1808 2449 1823 2472 ,
1871 2422 1908 2462 &
1944 2419 2105 2476 fingulis
2146 2421 2307 2475 pietatis
2343 2435 2445 2476 ope-

1400 2479 1511 2522 ribus
1537 2478 1854 2532 conservandis,
1884 2481 2107 2535 augendis,
2135 2483 2171 2523 &
2199 2495 2448 2535 promoven-

1398 2537 1462 2582 dis
1479 2535 1568 2581 fore
1583 2536 1790 2582 addictos:
1823 2543 1942 2582 Motu
1960 2541 2126 2596 proprio
2138 2568 2155 2591 s,
2188 2554 2265 2582 non
2296 2539 2345 2581 ad
2371 2540 2446 2582 ali-

1397 2597 1514 2653 cujus
1538 2598 1669 2642 Nobis
1703 2597 1820 2654 super
1853 2599 1929 2641 hoc
1961 2599 2108 2642 oblatae
2141 2600 2351 2655 petitionis
2385 2601 2442 2639 in·

1397 2657 1613 2708 stantiam,
1647 2656 1715 2699 sed
1739 2671 1790 2699 ex
1821 2656 1952 2699 nostra
1983 2670 2142 2700 matura
2171 2656 2442 2699 deliberatio-

1397 2730 1467 2766 ne,
1479 2715 1663 2771 praedicta
1677 2716 1827 2765 omnia,
1844 2718 2102 2758 Auctoritate
2116 2715 2362 2769 Apostoliea,
2377 2726 2416 2756 te
2427 2736 2440 2746 ·

1397 2788 1499 2818 nore
1525 2774 1778 2830 praesentium
1808 2775 2077 2830 approbamus
2100 2802 2114 2825 ,
2147 2775 2186 2815 &
2213 2772 2438 2815 confirma-

1398 2845 1514 2886 mus;
1547 2831 1853 2888 supplemusque
1869 2847 2038 2884 omnes,
2066 2834 2103 2874 &
2122 2833 2324 2888 singulos,
2353 2843 2432 2875 tam

1398 2891 1523 2949 iuri5‚
1550 2892 1670 2945 quam
1695 2888 1783 2934 fasti
1810 2890 2023 2943 defectus,
2056 2891 2080 2933 fi
2110 2892 2176 2947 qui
2199 2894 2439 2934 intervene-

1401 2951 1534 2993 net-int
1568 2951 1606 2991 in
1631 2945 1811 3001 eisdem,
1841 2952 1881 2992 δι
1903 2951 2164 2994 nihilominus
2195 2952 2235 2992 in
2270 2950 2438 2992 AEdibus

1402 3009 1597 3065 praedictis
1611 3022 1735 3051 unum
1753 3009 2283 3053 MonasseriumMonialium
2300 3007 2365 3049 sub
2377 3007 2440 3048 di-

1401 3073 1464 3111 &a
1483 3068 1739 3111 invocatione
1750 3070 1948 3123 Corporis
1960 3068 2172 3118 Christi,&
2185 3065 2303 3123 ipfius
2320 3066 2441 3107 Ordi-

1404 3129 1463 3170 nis
1477 3130 1627 3171 Sanelae
1642 3127 1775 3170 Clarae
1796 3141 1869 3181 pro
1894 3127 1959 3168 usu
1979 3156 1993 3177 ,
2024 3127 2328 3168 &habitatione
2346 3138 2439 3180 per·

1403 3187 1535 3242 petuis
1551 3186 1670 3229 unius
1685 3183 1895 3227 Abbatissae
1911 3215 1924 3237 ,
1946 3188 1987 3228 δε
2003 3186 2240 3229 Monialium
2257 3183 2437 3238 ejusdem

1399 3245 1567 3289 Ordinis
1585 3274 1598 3296 ,
1626 3257 1710 3300 quae
1727 3244 1825 3286 inibi
1849 3245 1916 3286 sub
1934 3244 2134 3300 Regulari
2158 3242 2436 3291 observantia,

1395 3306 1434 3348 δι
1466 3316 1663 3360 perpetua
1691 3302 1890 3346 clausura
1922 3306 2013 3346 Deo
2039 3301 2313 3350 famulentur,
2343 3314 2435 3342 cum

1399 3363 1576 3407 Ecclesia
1607 3391 1620 3412 ,
1657 3363 1869 3417 campanili
1901 3389 1911 3413 ‚
1942 3362 2148 3418 campanis
2186 3358 2404 3400 humilibus
2424 3387 2437 3410 ,

1395 3423 1638 3465 dormitorio
1652 3448 1665 3470 ,
1683 3420 1858 3464 claustro
1877 3452 1889 3473 ,
1904 3419 2120 3463 refectorio
2135 3449 2147 3469 ,
2164 3418 2291 3458 hortis
2307 3447 2322 3468 ,
2343 3418 2437 3459 hor-

1400 3481 1543 3523 taliciis
1570 3510 1582 3531 ‚
1618 3481 1656 3521 &
1684 3477 1771 3520 aliis
1804 3481 1978 3523 officinis
2008 3477 2244 3521 necell'ariis
2277 3503 2290 3523 ,
2320 3477 2360 3517 δι
2386 3475 2436 3517 ad

1396 3538 1574 3594 ejusdem
1589 3538 1699 3581 usum
1714 3566 1728 3589 ,
1744 3540 1783 3580 &
1812 3536 1988 3582 formam
2003 3537 2085 3595 jam
2106 3535 2341 3578 construeris
2358 3562 2373 3584 ,
2397 3537 2436 3576 &

1395 3599 1653 3654 imposterum
1680 3597 1963 3642 construendis
1982 3624 1995 3646 ,
2021 3594 2167 3637 eadem
2198 3595 2437 3636 auctoritate

1396 3656 1434 3698 in
1461 3667 1703 3713 perpetuum
1737 3654 1816 3698 fine
1844 3653 2023 3710 alicujus
2055 3652 2286 3708 praejndici:›
2315 3654 2435 3707 efigi-

1394 3729 1480 3757 mus
1494 3745 1509 3766 ,
1539 3718 1579 3757 &
1598 3714 1834 3758 instituimus
1850 3744 1859 3754 .
1897 3712 2068 3755 Dilectis
2085 3712 2121 3755 in
2139 3713 2302 3756 Christo
2319 3713 2436 3755 Filia·

1393 3774 1464 3816 bus
1489 3774 1671 3829 ejusdem
1691 3772 1933 3816 Monasserii
1959 3773 2159 3826 Corporis
2179 3771 2328 3814 Christi
2346 3774 2436 3811 Μο-

1389 3830 1567 3877 nialibus
1584 3833 1719 3890 jamin
1744 3831 1847 3875 illud
1874 3830 2117 3875 introdut‘tis
2134 3861 2149 3883 ,
2181 3844 2226 3872 ac
2254 3831 2290 3870 in
2309 3829 2436 3883 poste-

1678 3894 1717 3935 C
2272 3901 2358 3929 rum
