2774 4068
1309 100 1325 125 Q

367 193 532 276 208
1091 185 1630 273 Provincia

401 361 949 409 CHIROGRAPHO
989 361 1268 403 Tetti-10

319 485 484 534 Gratia
513 483 634 531 circa
664 487 878 534 Domum
911 477 1218 532 Pisaurensem
1251 484 1348 544 jam

387 555 498 605 alias
529 551 645 602 fafta
660 589 676 613 ‚
714 555 960 623 ampliatur
979 588 991 600 .

323 694 325 696 ·
380 672 527 732 Pria-stet
548 672 774 775 Ρναυχόηὲ,
798 672 938 774 Nostlqr
981 669 1289 730 Thqfhurart‘m

757 746 872 775 encra
890 745 922 773 ts
933 762 945 772 -

416 901 606 944 Marchiae
631 900 898 943 conceffimus
928 899 1085 953 aliquot
1103 899 1254 938 Domos
1271 909 1347 950 pro

418 957 688 1003 Remiffarum
726 959 798 1002 usu
821 986 834 1010 ,
865 960 902 999 in
919 958 1106 1000 Civitate
1123 955 1273 997 Pisauri
1297 953 1345 995 fi..

319 1030 380 1062 tas
399 1045 414 1068 ,
447 1018 497 1061 ad
525 1017 740 1069 effectum,
773 1018 824 1058 ibi
855 1014 1106 1064 Ecclefiam,
1133 1015 1173 1054 &
1202 1015 1344 1054 Mona-

318 1079 485 1121 sterium
498 1075 745 1127 aedificandi,
778 1078 816 1116 &
844 1088 984 1118 eorum
1015 1071 1268 1127 ReligiosOS,
1300 1071 1342 1113 in

319 1136 568 1181 Monasterio
586 1138 625 1177 S.
640 1133 944 1181 Bartholomaei,
958 1141 1073 1173 extra
1098 1131 1210 1172 dictae
1225 1129 1343 1174 Civi-

318 844 473 994 JAM
504 839 668 899 quidem
684 842 869 885 Patribus
886 837 1100 895 Capucinis
1128 837 1349 881 Provinciae

321 1196 419 1240 tatis
457 1194 604 1236 moenia
642 1191 784 1235 fituato
816 1193 1071 1240 habitantes,
1103 1191 1143 1230 &
1171 1187 1267 1230 inde
1289 1188 1341 1230 ob

320 1254 421 1299 ae'ris
441 1252 728 1308 intemperiem
742 1278 756 1298 ,
773 1248 1196 1306 aliaqueincommoda
1212 1245 1343 1290 disce-

319 1313 420 1356 dere
448 1314 604 1358 coactos
621 1337 636 1359 ,
666 1309 762 1351 illuc
781 1307 1077 1359 transferendi,
1108 1308 1168 1349 uti
1184 1308 1222 1349 in
1239 1305 1342 1348 Chi-

317 1370 528 1426 rographis
544 1367 591 1410 ad
613 1369 674 1411 Te
690 1367 744 1411 de
765 1364 990 1422 hujusmodi
1004 1365 1257 1408 concessione
1280 1364 1345 1406 di-

317 1428 465 1479 rectis,
491 1429 532 1469 ’δε
549 1425 616 1468 sub
628 1440 783 1468 xxtti.
800 1425 989 1482 Augusti,
1016 1426 1136 1468 &1v.
1165 1428 1345 1467 Decem-

316 1487 398 1531 bris
426 1499 611 1529 Muctvt.
631 1484 856 1537 emanatis,
886 1483 1048 1541 plenius
1075 1484 1344 1526 continetur.

320 1550 428 1589 Cum
446 1554 581 1586 autem
597 1545 635 1586 in
654 1543 727 1585 illo
743 1543 1031 1593 ordinaretur,
1062 1542 1174 1599 quod
1205 1541 1343 1599 praedi.

320 1609 383 1647 fta
397 1601 546 1646 fabrica
559 1603 598 1644 in
616 1613 733 1657 parte
752 1603 776 1646 a
791 1602 974 1652 moeniis,
1004 1602 1044 1642 &
1068 1616 1212 1645 eorum
1235 1605 1343 1642 Ace·

321 1673 461 1706 ratum
492 1661 716 1703 remotiore
742 1661 913 1704 construi
934 1661 1138 1713 deberet,
1168 1661 1225 1703 ita
1252 1659 1342 1715 qui-

319 1722 416 1763 dem
433 1748 445 1772 ‚
477 1730 524 1762 ut
542 1719 595 1761 ibi
620 1734 760 1762 omnes
776 1719 998 1763 functiones
1017 1719 1241 1771 militares,
1259 1729 1343 1762 tam

317 1778 526 1837 pedestres
543 1808 559 1829 ,
590 1780 707 1834 quam
733 1779 967 1834 equestres,
997 1792 1089 1821 cum
1117 1788 1344 1821 tormento-

318 1853 408 1881 rum
423 1837 666 1879 bellicorum
686 1837 979 1891 conductione,
1016 1836 1096 1880 fine
1108 1838 1194 1880 ullo
1206 1851 1343 1880 earum

318 1896 614 1952 impedimento
631 1897 767 1952 peragi
782 1896 935 1951 poffent
949 1894 973 1947 ,s
993 1897 1031 1937 &
1063 1896 1221 1951 insuper
1252 1910 1347 1939 cum

320 1956 588 2005 conditione,
619 1964 694 2005 ut,
725 1966 940 2011 antequam
959 1955 1101 1998 hortus
1122 1969 1239 1997 muro
1261 1956 1346 1996 cin-

322 2023 515 2070 geretur,
548 2012 726 2068 specialis
759 2013 933 2070 desuper
967 2013 1136 2055 licentia
1162 2014 1182 2053 a
1214 2014 1343 2056 Nobis

318 2083 586 2128 expeteretur
603 2100 615 2111 .
647 2074 704 2113 ΡΧ
722 2082 917 2114 eotamen
935 2099 949 2121 ,
980 2071 1090 2127 quod
1107 2072 1241 2126 postea
1259 2076 1348 2116 No-

317 2133 379 2174 bis
399 2132 419 2172 a
441 2129 637 2185 praeditstis
655 2130 841 2173 Patribus
868 2130 993 2173 fuerit
1020 2131 1270 2184 expositum,
1302 2132 1346 2175 iis

320 2188 586 2246 opportunius
610 2185 698 2230 fore
711 2217 725 2240 ,
756 2190 782 2230 ss
800 2204 935 2233 murus
951 2189 1142 2232 clausurae
1158 2189 1280 2247 usque
1295 2190 1345 2232 ad

318 2258 554 2291 memoratae
587 2246 781 2290 Civitatis
809 2253 1030 2292 Aceratum
1060 2277 1074 2301 ‚
1119 2251 1160 2291 ὅ(
1196 2250 1345 2292 moenia

317 2322 370 2350 ex
394 2319 566 2362 utraque
598 2316 713 2359 parte
741 2308 1059 2359 extenderetur,
1092 2309 1149 2349 uti
1177 2309 1215 2350 in
1250 2310 1348 2352 idaea.

319 2380 412 2409 cum
432 2366 563 2408 literis
592 2366 644 2404 A.
673 2367 715 2405 B.
741 2367 777 2407 &
811 2370 860 2407 C.
893 2370 944 2408 D.
971 2367 1119 2421 signata
1147 2379 1347 2422 apparet,

328 2437 423 2467 cum
453 2425 579 2466 hocce
610 2423 731 2463 modo
754 2423 976 2480 subjectio,
1006 2440 1123 2480 quam
1156 2427 1194 2468 in
1217 2426 1359 2478 dicta,

322 2483 514 2539 omnique
534 2481 740 2523 hominum
761 2483 904 2536 generi
927 2482 1103 2536 exposita
1136 2485 1196 2527 via
1211 2487 1352 2528 ambu-

324 2543 487 2592 lantes,
520 2539 732 2595 Religiosis
771 2555 912 2583 eorum
949 2543 1157 2585 exercitiis
1193 2544 1351 2598 ingere-

325 2613 448 2651 rent,
488 2600 718 2640 evitaretur
747 2628 761 2650 ,
786 2602 827 2641 &
852 2615 902 2643 ex
928 2601 1005 2642 alia
1036 2611 1150 2656 parte
1175 2603 1350 2644 militum

321 2657 549 2704 necessitati
565 2656 657 2712 apte
671 2658 882 2711 provideri
894 2659 1019 2717 poflet
1031 2689 1044 2710 ,
1078 2659 1102 2701 fi
1120 2671 1188 2714 35.
1201 2661 1350 2715 pedum

319 2717 487 2773 spatium
504 2744 517 2767 ,
549 2714 738 2758 cancellis
755 2717 1028 2761 claudendum
1045 2746 1058 2769 ,
1081 2732 1251 2773 quorum
1263 2720 1348 2762 cla-

319 2791 392 2819 ves
409 2775 727 2818 aGubernatore
742 2775 897 2819 Militiae
913 2791 987 2833 pro
1014 2787 1206 2831 tempore
1218 2777 1348 2820 custo·

317 2837 534 2883 ditentur,
565 2832 896 2887 relinqueretur,
927 2839 967 2879 δε
996 2835 1100 2878 intra
1126 2836 1205 2877 haec
1229 2837 1346 2891 sepS‚

317 2895 382 2939 uti
406 2893 469 2935 lit.
488 2894 538 2933 E.
557 2891 746 2943 videtur,
778 2893 959 2939 distansa
986 2909 1102 2937 muro
1133 2907 1200 2949 35.
1232 2896 1347 2951 pedi-

315 2956 423 3003 bus,
467 2950 761 3007 plantaretur3
800 2968 845 2996 ac
881 2955 1021 2996 Patres
1054 2953 1208 3010 praefati
1243 2969 1346 2997 onus

319 3013 521 3057 clathros,
543 3012 810 3053 &Aceratum
840 3015 1049 3056 Murorum
1079 3023 1348 3056 manutenen-

319 3072 362 3114 di
378 3083 477 3113 onus
492 3069 528 3111 in
549 3069 586 3110 se
613 3067 885 3125 susciperent,
921 3071 1084 3129 Nosque
1111 3072 1162 3115 ad
1185 3086 1346 3115 omnem

325 3129 496 3185 gratiam
514 3156 528 3178 ,
557 3129 597 3168 ὅ(
613 3125 797 3171 favorem
816 3130 1217 3184 praedic'tis-Patribus
1233 3132 1346 3174 exhi-

318 3186 783 3237 benduminclinemur,
816 3190 989 3243 proinde
1006 3192 1123 3233 Motu
1149 3191 1348 3245 proprio,

320 3256 371 3289 ex
388 3257 499 3290 certa
518 3244 681 3287 scientia
696 3274 710 3296 ,
740 3247 781 3287 &
795 3247 932 3290 nostrae
947 3249 1156 3304 potestatis
1178 3248 1350 3304 plenitu.

319 3308 442 3357 dine,
476 3305 569 3347 Tibi
596 3304 829 3348 ordinamus
848 3335 861 3356 ,
894 3318 939 3350 ut
975 3307 1191 3350 enuntiatis
1218 3309 1351 3350 Patri-

321 3367 396 3406 bus
426 3378 580 3408 murum
618 3363 807 3407 clausurae
835 3366 957 3421 usque
986 3365 1035 3409 ad
1075 3368 1227 3410 dietum
1250 3369 1358 3410 Ace—

321 3434 451 3466 ratum
470 3453 483 3475 ,
526 3426 565 3466 ὅτ,
593 3425 747 3467 moenia
773 3423 965 3466 Civitatis
1004 3425 1286 3477 extendendi,
1316 3428 1368 3472 &A

323 3481 456 3536 sepem
472 3511 485 3533 ,
518 3482 641 3525 modo
655 3511 669 3533 ‚
703 3481 828 3525 forma
854 3513 869 3534 ,
902 3484 964 3525 uti
994 3482 1054 3526 lit.
1083 3487 1130 3527 E.
1162 3484 1326 3528 videtur
1341 3516 1354 3538 ‚

320 3540 528 3596 plantandi
553 3539 792 3586 facultatem
822 3542 1067 3598 impartiat-is
1089 3572 1100 3584 ·
1135 3545 1189 3585 Et
1215 3539 1353 3587 conse-

322 3609 497 3654 quenter
511 3598 605 3642 fiant
620 3600 821 3651 cancelli,
852 3616 1025 3657 quorum
1041 3603 1176 3644 claves
1190 3604 1352 3646 Guber-

322 3668 441 3700 nator
457 3671 657 3700 armorum
674 3675 745 3714 pro
763 3671 949 3716 tempore
966 3672 997 3713 ‚4
1011 3671 1079 3704 aut
1095 3660 1195 3702 alius
1223 3662 1242 3702 a
1265 3666 1351 3706 Ca-

324 3717 689 3771 pitaneoGenerali
707 3718 841 3762 Status
859 3721 976 3763 nostri
997 3719 1264 3763 Ecclesiastici
1280 3721 1354 3762 de·

323 3787 486 3831 putatus
504 3803 517 3828 ,
535 3777 758 3831 custodiat,
772 3782 811 3822 &
844 3782 992 3826 Patres
1007 3793 1107 3823 onus
1124 3780 1351 3838 mentiona-

1406 314 1492 347 tum
1518 298 2029 349 Aceratumconfiervandi
2070 299 2109 341 in
2142 296 2182 345 se
2219 300 2439 358 sucipiant,

1407 366 1565 406 Dantes
1597 361 1687 402 Tibi
1711 359 1760 403 ad
1774 362 2026 401 hocomnem
2041 356 2284 402 facultatem
2296 360 2437 404 neces-

1410 421 1578 472 sariam,
1607 421 1931 475 &opportunam
1956 420 2033 460 hoc
2058 420 2293 461 executioni
2320 432 2439 461 man-

1409 479 1562 531 dandi,
1593 480 1633 520 &
1650 478 1855 534 publicum
1870 477 2184 520 Instrumentum
2213 479 2332 532 super
2348 491 2438 519 om-

1407 540 1531 588 nia‚&
1547 537 1697 593 lingula
1713 537 1895 591 praedit'ta
1909 534 2440 591 conficiendi-Octoginta

1410 600 1450 642 in
1467 599 1538 640 hac
1554 607 1670 652 parte
1686 623 1700 647 ,
1719 606 1911 649 quantum
1925 608 2025 648 opus
2042 595 2191 646 fuerit,
2209 595 2317 639 dieto
2334 595 2442 637 Chi-

1411 658 1614 712 rographo
1648 682 1663 707 ‚
1711 651 1782 695 sub
1834 664 1907 704 ²3·'
1932 652 2101 708 Augusti
2161 655 2277 703 1656.
2332 667 2446 696 ema..

1411 726 1508 758 nato
1532 744 1547 766 ‚
1578 713 1767 766 omnique
1806 711 1928 752 alteri
1958 712 2058 765 Legi
2085 739 2100 761 ,
2145 713 2316 755 statutis
2341 739 2356 762 ,
2401 713 2444 754 δε

1411 771 1783 817 Constitutionibus
1796 768 2041 825 Apostolicis
2059 797 2072 820 ,
2088 770 2344 825 prohibendo
2360 800 2374 823 ,
2389 785 2444 827 ⁴ne

1535 826 2439 942 {ztzzamzzfsrsaaraaran2

1503 904 1549 932 ec
1758 917 1774 938 2
2386 903 2397 929 1
2418 909 2437 921 ⁶

1407 949 1650 1004 rographum
1667 944 1778 988 suum
1794 947 1982 999 vigorem
1996 971 2011 992 ,
2041 947 2080 985 &
2091 943 2273 987 effectum
2284 947 2436 989 sortia-

1406 1017 1499 1059 tur,
1530 1005 1681 1048 etiamfi
1700 1004 1738 1047 in
1752 1007 1952 1053 camera,
1978 1002 2142 1059 ejusque
2159 1002 2273 1045 libris
2291 1018 2374 1048 non
2390 1007 2437 1047 fit

1405 1066 1683 1121 registratum.
1718 1067 1811 1105 Non
1835 1062 2083 1104 obstantibus
2097 1062 2400 1105 Constitutione
2414 1093 2430 1116 ‚

1404 1126 1465 1167 Pii
1498 1125 1571 1167 IV.
1596 1122 1721 1164 nostri
1755 1119 2058 1164 Praedecessoris
2083 1149 2097 1170 ,
2136 1120 2180 1161 de
2202 1120 2437 1178 Registran-

1403 1186 1486 1235 dis,
1514 1182 1705 1237 omnique
1720 1178 1882 1223 aliousu
1897 1208 1911 1231 ,
1939 1179 2066 1234 stylo,
2082 1179 2435 1224 &consuetudine
2492 1222 2495 1225 ,

1403 1244 1444 1285 in
1469 1241 1719 1284 contrarium
1746 1236 1983 1282 facientibus
2002 1267 2016 1289 ,
2046 1238 2189 1294 quibus
2220 1240 2434 1290 omnibus,

1404 1299 1480 1343 hic
1499 1299 1587 1342 vice
1601 1326 1615 1349 ‚
1643 1297 1682 1342 8<
1696 1297 1746 1340 ad
1762 1299 1863 1339 hunc
1892 1296 2076 1340 effectum
2098 1295 2343 1352 derogamus
2362 1325 2374 1337 .
2443 1307 2445 1311 ’

1466 1360 1618 1401 Datum
1633 1358 1671 1398 in
1698 1357 1844 1400 Nostro
1861 1356 2015 1399 Palatio
2033 1355 2265 1412 Apostolico
2277 1357 2437 1400 Montis

1406 1418 1631 1478 Qujrinalis
1647 1416 1714 1458 die
1730 1415 1796 1457 26.
1808 1415 1911 1472 Junii
1934 1415 2057 1471 1659.

1647 1534 1895 1586 Alexander
1913 1534 2027 1599 Papa
2049 1531 2158 1582 VII.

1459 1659 1604 1711 Autog-
1623 1658 1755 1697 omnia
1782 1655 1826 1695 in
1850 1655 1988 1709 lingua
2014 1655 2225 1696 vernacula
2256 1655 2299 1697 in
2320 1653 2444 1696 Arch-

1521 1716 1761 1758 Conventus.

1402 1801 1517 1811 —
2321 1794 2440 1807 ἠ

1407 1894 1697 1944 Provinciam
1715 1891 1775 1941 ob
1806 1889 1932 1942 suam
1964 1890 2225 1942 vastitatem
2263 1892 2309 1941 in
2323 1890 2437 1941 duas

1476 1963 1620 2013 dividi
1641 1962 1854 2013 concedit
1868 1999 1881 2011 .

1410 2077 2022 2159 INN'OCENTIUS
2097 2106 2272 2154 PAPA
2354 2107 2445 2155 xl.

1607 2245 1676 2287 Ad
1685 2243 1879 2302 futuram
1905 2247 1967 2287 rei
1991 2244 2216 2287 memoriam
2231 2274 2244 2287 .

1473 2363 1635 2421 Njunffi
1653 2363 1781 2407 Nobis
1803 2363 1999 2406 divinitus
2015 2363 2222 2419 pastoralis
2238 2361 2360 2405 officii
2374 2377 2442 2407 ra·

1502 2425 1561 2464 tio
1578 2423 1751 2478 postulat
1765 2452 1779 2473 ,
1807 2433 1849 2463 ut
1875 2433 2084 2477 paternam
2105 2422 2437 2477 Religiosorum...

1415 2480 1751 2530 Virorum,suave
1769 2481 1917 2522 Christi
1931 2479 2070 2536 jugum
2085 2478 2153 2522 sub
2164 2481 2346 2523 arctioris
2364 2481 2447 2535 vite

1415 2539 1602 2581 instituto
1624 2538 1882 2581 laudabiliter
1914 2540 2188 2592 portantium,
2206 2553 2343 2581 curam
2369 2552 2447 2594 ge-

1414 2609 1579 2647 renteS‚
1610 2595 1751 2647 felici,
1774 2597 2048 2654 prosperoque
2079 2597 2242 2640 illorum
2273 2597 2443 2653 regimi-

1412 2657 1479 2708 ni,
1503 2655 1783 2710 &guberni0,
1812 2655 2005 2712 quantum
2031 2655 2160 2699 Nobis
2183 2669 2233 2697 ex
2251 2656 2336 2700 alto
2351 2669 2448 2698 con-

1410 2715 1602 2762 ceditur,
1639 2714 1862 2770 providere
1892 2713 2045 2771 jugiter
2075 2715 2302 2757 studeamus
2317 2745 2330 2754 .
2364 2715 2451 2756 Ex-

1410 2772 1543 2830 posuit
1571 2773 1764 2829 fiquideni
1795 2774 1930 2818 Nobis
1956 2788 2082 2830 nuper
2107 2774 2291 2816 Dilectus
2322 2773 2448 2815 Filius

1412 2833 1560 2876 Noster
1577 2832 1774 2875 Nicolaus
1787 2861 1802 2884 ,
1822 2834 1973 2876 S.R.E.
1991 2835 2192 2875 Diaconus
2211 2830 2445 2887 Cardinalis

1410 2890 1645 2948 Acciajolus
1661 2892 2098 2947 nuncupatus,0rdinis
2111 2894 2295 2934 Fratrum
2313 2890 2447 2934 Mino-

1411 2964 1500 2993 rum
1518 2948 1764 2993 S.Francisci
1787 2951 2086 3005 Capucinorum
2103 2961 2444 3007 nuncupatorum,

1409 3010 1514 3065 apud
1534 3012 1621 3052 Nos
1637 3038 1650 3060 ,
1676 3010 1715 3050 &
1732 3009 1878 3052 Sedem
1897 3010 2170 3065 Apostolicam
2196 3011 2409 3051 Protector-
2426 3034 2441 3058 ,

1408 3068 1634 3123 quod,cum
1654 3067 1878 3111 Provinciae
1893 3069 2078 3112 Bononiae
2092 3099 2107 3121 ,
2123 3070 2160 3111 &
2179 3068 2366 3111 Marchiae
2382 3064 2448 3107 di-

1408 3128 1461 3170 cti
1503 3128 1669 3170 Ordinis
1709 3137 1879 3183 propter
1914 3128 2216 3171 multitudinem
2246 3129 2448 3169 Conven-

1413 3198 1530 3229 tuum
1544 3217 1561 3238 ‚
1590 3188 1630 3228 &
1647 3185 1960 3240 amplitudinem
1973 3187 2171 3230 circuitus
2197 3184 2450 3240 utriusque-i

1410 3246 1574 3288 illarum
1591 3272 1606 3295 ,
1631 3242 1804 3300 aliasque
1821 3244 2082 3289 difficultates
2097 3276 2111 3297 ‚
2132 3259 2217 3300 quae
2233 3245 2271 3287 in
2285 3243 2371 3284 dies
2387 3242 2449 3283 in-

1417 3304 1582 3361 surgunt
1597 3331 1611 3353 ,
1644 3303 1862 3358 vixpoffint
1881 3306 1898 3347 a
1914 3303 1987 3347 suis
2005 3302 2224 3361 respet‘tive
2253 3300 2445 3344 Ministris

1417 3362 1741 3407 Provincialibus
1768 3364 1826 3406 bis
1838 3366 2048 3421 quotannis
2069 3372 2187 3412 totae,
2220 3359 2318 3402 ficut
2334 3362 2448 3403 Con-

1416 3423 1644 3467 stitutiones
1690 3423 1858 3465 Ordinis
1892 3421 2042 3479 praefati
2079 3420 2367 3477 praescribunt,
2407 3421 2447 3461 &

1416 3482 1631 3538 spiritualis
1646 3480 1946 3537 Religiosorum
1962 3481 2113 3533 uti-litas
2128 3479 2257 3535 exigit
2273 3508 2287 3531 ,
2316 3479 2448 3522 visita-

1414 3543 1448 3584 ri
1469 3555 1481 3583 :
1513 3540 1594 3598 ipse
1623 3540 1818 3584 Nicolaus
1834 3539 2065 3583 Cardinalis
2082 3568 2096 3590 ,
2127 3540 2167 3580 δι
2193 3541 2410 3581 Protector
2430 3566 2447 3588 ,

1410 3601 1466 3642 de
1483 3604 1601 3644 Statu
1620 3600 1926 3642 Provinciarum
1952 3597 2211 3654 hujusmodi,
2234 3612 2285 3640 ex
2314 3600 2447 3653 Supe-

1409 3661 1567 3703 riorum
1582 3689 1594 3711 ‚
1617 3658 1871 3714 aliorumque
1886 3659 2070 3699 Fratrum
2086 3655 2445 3713 qualificatorum..

1416 3719 1597 3776 ejusdem
1619 3717 1783 3762 Ordinis
1813 3716 2075 3759 relationibus
2105 3716 2303 3767 edoctus,
2333 3718 2447 3758 recto

1415 3777 1650 3829 earumdem
1663 3776 1970 3836 Prorinciarum
1996 3776 2226 3834 gubernio,
2257 3775 2442 3876 Rpgulaf

2258 3850 2292 3879 ri
2311 3847 2390 3892 que
