2774 4068
1107 188 1627 285 Adarchiae.

333 305 608 351 misericordia
627 331 644 358 ‚
673 315 721 349 ae
750 305 975 347 Beatorum
1006 305 1149 356 Petri,
1180 309 1221 349 δι
1250 309 1367 353 Pauli

332 365 621 422 Apostolorum
647 391 663 416 ,
702 360 867 419 ejustlue
898 364 1163 408 Authoritate
1190 365 1323 407 confifi
1350 393 1366 417 ,

331 422 748 528 ammai?
741 419 1373 539 ,⁵ffiffiff'13ssffizssssffax

330 542 480 588 Anima
490 539 766 598 cujuscunque
779 539 935 585 Fidelis
950 568 965 592 ,
990 554 1078 598 quae
1093 541 1188 582 Deo
1213 540 1254 583 in
1267 543 1365 583 cha·

329 604 456 646 ritate
479 598 693 657 conjuncta
721 601 772 643 ab
800 600 876 643 hac
902 599 996 644 luce
1019 598 1289 656 migraverit,
1313 599 1365 644 ad

330 658 566 718 predictum
588 658 734 703 Altare
756 659 1018 708 celebrabit,
1045 658 1178 701 anima
1210 658 1290 715 ipsa
1313 658 1368 700 de

330 717 523 763 thesauro
541 718 733 763 Ecclefiae
757 732 831 774 per
860 716 1022 761 modum
1036 715 1212 775 fuffragii
1226 716 1368 762 Indul-

329 776 510 879 5entiam
523 776 820 834 consequatur,
836 777 892 819 ita
909 786 953 819 ut
968 776 1149 834 ejusdem
1166 778 1218 818 D.
1233 777 1365 831 N.Je-

347 833 535 879 uChrifli
550 865 565 889 ,
580 850 627 879 ac
643 834 879 880 Beatiffimae
894 834 1072 893 Virginis
1085 834 1224 879 Mariae
1235 864 1251 885 ,
1268 836 1363 877 San.

328 898 574 952 etot-umque
608 896 793 940 omnium
828 895 988 938 meritis
1016 892 1087 938 fibi
1112 892 1367 950 suffraganti·

327 954 403 998 bus
434 955 457 997 a
484 954 711 1011 Purgatorii
736 955 871 1011 poenis
899 953 1101 998 liberetur
1123 981 1140 1005 ‚
1170 951 1364 997 concedi-

325 1028 448 1065 mus,
477 1015 516 1056 δι
539 1012 826 1069 indulgemus.
857 1015 906 1056 In
932 1012 1185 1057 contrarium
1213 1009 1364 1056 facien-

328 1073 463 1124 tibus,
493 1087 576 1116 non
600 1072 849 1117 obstantibus
876 1069 1179 1128 quibuscunque
1202 1099 1214 1111 .
1257 1069 1364 1112 Prae-

329 1131 511 1176 sentibus
536 1132 743 1188 perpetuis
761 1129 908 1174 futuris
934 1133 1189 1187 temporibus
1214 1127 1365 1171 valitu-

328 1192 383 1234 ris
404 1218 415 1232 .
449 1192 600 1233 Datum
626 1191 773 1234 Romae
798 1189 904 1245 apud
935 1193 1162 1234 S-Petrum
1189 1184 1261 1231 sub
1282 1191 1366 1231 An·

328 1248 427 1292 nulo
453 1250 695 1302 Piscatoris‚
727 1250 807 1293 Die
833 1261 985 1292 xxviii.
1008 1249 1120 1306 Junii
1143 1260 1366 1293 mncvttt-

326 1306 592 1352 Pontificatus
608 1309 752 1354 Nostri
775 1310 900 1353 Anno
926 1319 1103 1365 quarto.

789 1425 931 1484 Scipio
949 1423 1219 1470 Cobellutius
1238 1451 1252 1466 .

387 1544 498 1602 Ort'g.
527 1547 571 1588 in
596 1546 772 1592 Archiae
799 1546 1020 1589 Conventus
1034 1572 1048 1588 .

273 1817 276 1821 ·
324 1802 404 1849 Fr.
439 1799 636 1850 Paulum
681 1799 708 1849 ἂ
754 1797 945 1850 Caesena
992 1797 1265 1848 Tunonium
1305 1795 1366 1849 ad

392 1873 608 1921 Domum
637 1871 687 1920 S.
717 1871 883 1920 Mariae
916 1867 974 1918 de
1007 1867 1366 1937 Compaffione‚

390 1937 593 2081 Σξῖείέἑιεο
634 1941 808 1992 vicinas
846 1938 1086 1992 Miffiones
1121 1937 1367 1993 visitandas

320 2140 478 2184 Dilel‘lo
496 2141 601 2184 Filio
622 2141 741 2184 Paulo
757 2141 783 2183 ὸ
798 2116 983 2199 Caestna,
993 2138 1368 2186 ordinisMinorum

381 2202 424 2242 S.
438 2198 645 2259 francisca
660 2201 953 2254 capuanorum
965 2210 1280 2257 nuncupatorum
1295 2227 1309 2241 .

320 2317 837 2374 PAULUS
935 2319 1218 2370 PAPA
1302 2319 1370 2368 V.

406 2435 565 2480 Dileffl'e
591 2432 674 2481 Fili
686 2435 867 2492 filutm
889 2463 904 2486 ,
940 2436 991 2484 θ’
1019 2434 1280 2492 Apostolicam

680 2494 990 2539 Beni-danicum
1003 2523 1016 2537 .

438 2615 539 2658 UM
567 2627 619 2655 ex
645 2611 1017 2658 debitoPastoralis
1029 2610 1194 2662 officii,
1221 2623 1304 2666 quo
1316 2606 1366 2653 fi-

451 2670 521 2715 dei
546 2671 776 2717 Catholicae
806 2671 1090 2729 propagationi
1117 2669 1226 2712 omni
1250 2666 1363 2711 solli-

320 2731 506 2774 citudine
520 2731 738 2787 invigilare
752 2743 970 2782 tenemur,
988 2730 1039 2773 ad
1055 2729 1168 2775 Piam
1185 2731 1365 2770 Domum

316 2792 362 2832 S.
376 2788 518 2834 Mariae
544 2788 600 2832 de
628 2789 918 2845 Compaffione
935 2798 1168 2844 nuncupatae
1184 2782 1366 2841 ,Oppidi

317 2845 1368 2904 Tunonis,Gebennen.Dioecefis,pro,Hereticorum

318 2906 593 2950 converiione
624 2906 824 2962 praecipue
856 2906 1080 2950 institutam
1100 2901 1362 2960 ,personam

316 2966 496 3021 aliquam
513 2964 671 3020 pietate
684 2991 700 3014 ,
726 2962 808 3008 fide
827 2994 845 3016 ‚
871 2979 918 3007 ac
935 2964 1155 3019 prudentia
1173 2962 1364 3007 idoneam

314 3026 397 3068 hoc
422 3034 611 3079 tempore
634 3021 804 3065 mittere
826 3022 1133 3068 decreverimus
1155 3050 1170 3073 ,
1203 3034 1287 3077 quae
1305 3021 1362 3065 de

315 3081 497 3140 ejusdem
525 3084 681 3124 Domus
704 3079 803 3123 statu
820 3109 836 3132 ‚
857 3082 898 3123 δι
911 3080 1000 3125 aliis
1013 3081 1094 3132 ,de
1112 3079 1264 3136 quibus·
1274 3083 1361 3123 Nos

316 3142 517 3185 certiores
542 3139 631 3184 fieri
655 3152 731 3195 pro
751 3137 855 3183 tanti
879 3140 1046 3196 operis,
1068 3140 1109 3181 ἃ.
1129 3139 1359 3183 Catholicae

315 3199 548 3256 Religionis
606 3195 787 3254 rogreffu
807 3197 847 3241 in
865 3197 1046 3241 Domino
1072 3197 1261 3240 duximus
1283 3212 1357 3241 ex·

315 3259 462 3316 pedire
480 3288 494 3310 ‚
520 3257 560 3301 se
578 3273 603 3301 e
630 3257 854 3314 diligenter
880 3254 1105 3309 informet,
1135 3258 1203 3300 Tu
1229 3255 1361 3299 Nobis

316 3316 523 3363 occurristi
540 3346 556 3371 ‚
588 3330 710 3375 quem
730 3316 780 3359 ad
799 3316 879 3359 hoc
894 3329 1043 3360 munus
1057 3315 1360 3374 defigeremus·

1121 3452 1343 3520 ΝΟ

2246 201 2395 283 181

1427 311 1494 355 De
1523 323 1592 354 tua
1619 309 1746 366 igitur
1776 307 1930 350 fincera
1954 305 2034 348 fide
2055 334 2068 357 ,
2098 312 2329 355 Catholficae
2356 313 2470 357 Reli..

1428 371 1555 424 gionis
1577 370 1699 419 zelo,
1731 364 1973 423 prudentia,
2004 366 2045 406 ἃ.
2073 366 2263 412 industria
2294 373 2465 416 mulum

1431 429 1471 472 in
1488 429 1666 473 Domino
1680 425 1871 470 fiduciam
1887 423 2085 467 habentes
2100 454 2115 478 ,
2141 441 2187 469 ac
2204 427 2293 472 fore
2308 430 2470 488 speran-

1429 496 1495 531 tes
1512 516 1527 540 ,
1541 495 1604 539 ut,
1617 498 1704 543 quae
1715 484 1812 528 Tibi
1827 480 2173 534 commiserimus,
2204 500 2323 540 prout
2344 503 2473 546 opor.

1426 556 1487 588 tet
1502 573 1518 596 ,
1541 546 1581 589 &
1605 558 1657 588 ex
1670 545 1795 588 animi
1812 540 1938 586 nostri
1952 538 2153 583 sententia
2168 556 2285 586 cures
2302 576 2317 598 ,
2349 549 2387 590 δι
2404 542 2469 589 ef.

1426 604 1536 649 ficies
1546 630 1561 655 ‚
1575 602 1813 659 Apostolica
1826 598 2085 644 Austoritate
2097 624 2112 646 ,
2140 609 2285 643 tenore
2299 606 2470 659 praesen·

1426 665 1530 707 tium
1545 662 1621 708 tibi
1638 660 1936 703 committimus
1958 685 1974 710 ,
2001 658 2041 699 δι
2054 657 2287 701 mandamus
2301 689 2318 712 ,
2346 673 2393 705 ut
2413 663 2469 706 ad

1427 724 1610 766 Domum
1650 719 1880 776 praedistam
1904 714 2201 773 quamprimum
2234 718 2297 761 Te
2328 721 2469 762 conse.

1424 793 1517 829 ras,
1547 793 1596 823 ac
1622 777 1676 821 de
1692 779 1800 822 illius
1826 776 1960 830 statu,
1986 775 2363 833 regimine‚deque
2381 777 2471 821 Mis:

1425 838 1624 884 (ionibus,
1649 851 1735 893 quae
1761 837 1799 878 in
1823 833 2102 885 Vallenfium,
2131 835 2318 878 Lausanae
2334 862 2349 884 ,
2380 838 2468 879 Pri-

1427 898 1545 955 burgi
1572 926 1588 952 ,
1616 895 1783 954 aliisque
1815 891 2108 950 circumpositis
2134 893 2374 950 regionibns
2398 909 2472 951 pro

1423 957 1726 1003 Haereticorum
1749 952 1800 996 ad
1817 952 1958 999 Fidem
1974 951 2231 996 catholicam
2246 951 2473 995 converfio-

1423 1030 1475 1060 ne
1492 1045 1506 1068 ,
1529 1015 1629 1059 ficut
1650 1013 1901 1070 accepimus,
1916 1010 2015 1054 fiunt
2028 1039 2043 1064 ,
2069 1011 2288 1053 veritatem
2302 1012 2476 1067 diligen-

1423 1087 1489 1119 ter
1516 1075 1754 1133 perquiras,
1787 1074 1829 1114 &
1857 1080 2013 1127 quanto
2039 1083 2134 1113 cum
2160 1068 2289 1112 fruCtu
2304 1072 2475 1113 Anima-

1426 1148 1546 1187 rum,
1572 1148 1619 1177 ac
1641 1131 1867 1179 Catholicae
1885 1129 2115 1185 Religionis
2145 1139 2373 1184 augmento
2398 1130 2475 1171 ha-

1426 1197 1565 1241 §tenus
1580 1196 1619 1237 in
1637 1191 1717 1237 illis
1731 1190 1912 1248 partibus
1931 1188 2162 1233 laboratum
2175 1186 2297 1232 fuerit
2313 1216 2328 1240 ,
2352 1187 2475 1245 quid-

1427 1268 1508 1313 que
1535 1253 1583 1297 ad
1598 1254 1708 1309 spem
1724 1249 1984 1306 exploratum
2012 1248 2212 1292 habeatur
2228 1245 2283 1291 de
2296 1246 2472 1290 Geben-

1427 1313 1604 1356 nenfium
1621 1340 1637 1363 ,
1664 1311 1920 1364 aliorumque
1934 1306 2163 1351 vicinorum
2183 1305 2475 1364 Populorum

1427 1371 1469 1416 in
1486 1366 1916 1425 haereticaeimpietatis
1930 1366 2049 1408 noc‘te
2074 1362 2223 1408 misere
2248 1365 2473 1408 errantium

1426 1431 1567 1476 reditu
1589 1431 1639 1471 ad
1669 1430 1807 1472 lucem
1830 1438 1939 1468 verae
1953 1423 2049 1467 fidei
2067 1426 2130 1468 Te
2145 1422 2330 1468 [imiliter
2345 1424 2476 1466 infor·

1426 1503 1511 1534 mes
1525 1518 1540 1542 ,
1553 1503 1599 1531 ac
1612 1487 1724 1532 fimul
1739 1484 1921 1531 remedia
1935 1482 2227 1538 opportuniora
2251 1483 2303 1527 sd
2328 1491 2475 1526 eorum

1426 1547 1839 1602 converfionem,quae
1851 1557 1904 1587 ex
1915 1556 1963 1584 re
1979 1539 2164 1597 presenti
2180 1539 2369 1597 cognosci
2381 1539 2474 1596 pos-

1426 1605 1519 1652 sunt
1538 1636 1552 1659 ,
1582 1621 1657 1663 pro
1683 1617 1752 1649 tua
1779 1601 1996 1661 prudentia
2018 1597 2283 1652 confideres,
2313 1601 2471 1643 omnia-

1425 1681 1506 1724 que
1522 1666 1620 1717 alia,
1632 1668 1671 1708 &
1685 1663 1833 1721 finguia
1849 1658 2081 1714 investiges,
2099 1657 2265 1715 indages
2282 1685 2297 1707 ,
2321 1659 2362 1701 δι
2377 1672 2474 1715 per·-

1427 1728 1565 1783 quitas
1591 1754 1607 1776 ,
1637 1739 1723 1781 quae
1748 1736 1821 1778 pro
1850 1717 2044 1775 praedie'tis
2069 1746 2084 1771 ‚
2126 1718 2167 1758 δι
2192 1719 2302 1762 circa
2326 1732 2375 1761 ea
2395 1719 2471 1760 in..

1430 1785 1610 1829 Domino
1624 1781 1870 1840 judicaveris
1886 1776 2102 1835 expedire,
2120 1776 2329 1835 Nobiique
2345 1778 2472 1821 etiam

1426 1846 1465 1888 in
1493 1844 1581 1886 dies
1596 1857 1671 1899 per
1687 1842 1826 1885 literas
1841 1866 1856 1889 ,
1885 1846 2103 1892 antequam
2120 1837 2297 1879 Romam
2311 1836 2474 1887 redeas,

1425 1902 1616 1949 accurate
1630 1898 1799 1952 referas,
1812 1899 1870 1941 'tta
1881 1906 1927 1939 ut
1942 1895 2041 1951 quid
2058 1904 2214 1938 tantum
2227 1895 2379 1940 Christi
2398 1909 2476 1938 ne-

1425 1963 1586 2019 gocium
1598 1959 1774 2017 postulet
1789 1984 1805 2006 ,
1817 1971 1870 2000 ex
1888 1966 1958 1998 tua
1983 1953 2187 1999 relatione
2198 1954 2414 2010 cognosci,
2429 1954 2472 1996 &

1426 2020 1580 2068 deinde
1595 2018 1750 2062 mature
1764 2016 1943 2071 desuper
1954 2011 2164 2068 provideri
2178 2013 2292 2071 poffit
2312 2011 2364 2055 ad
2381 2012 2472 2068 glo-

1426 2081 1530 2124 riam
1542 2077 1767 2123 salvatoris
1782 2104 1794 2116 .
1826 2077 2031 2116 Praeterea
2047 2071 2142 2114 Tibi
2157 2101 2173 2123 ,
2203 2083 2265 2122 ut,
2281 2071 2305 2113 si
2322 2069 2470 2115 forte„

1427 2139 1563 2195 aliqua
1588 2135 1810 2181 inciderint
1825 2147 1902 2189 pro
1917 2130 2102 2173 utilitate
2114 2132 2253 2187 operis
2268 2155 2285 2181 ς
2315 2132 2354 2171 &
2373 2127 2471 2173 Mis-

1427 2201 1580 2240 stonum
1604 2194 1903 2251 praedit‘tarum,
1928 2202 2014 2245 quae
2037 2187 2279 2233 dilationem
2302 2187 2470 2234 minime

1427 2256 1586 2302 ferant,
1611 2255 1670 2296 ita
1696 2263 1740 2295 ut
1757 2255 1845 2295 Nos
1865 2249 2065 2293 certiores
2088 2246 2264 2292 faciendi
2279 2257 2440 2306 tempus
2453 2275 2469 2300 ,

1427 2318 1469 2359 δι
1492 2314 1691 2369 rescripta
1720 2311 1850 2356 nostra
1876 2306 2083 2364 expectari
2106 2320 2191 2350 non
2211 2305 2352 2365 poffint
2367 2305 2467 2359 ,sed

1429 2374 1744 2430 praesentaneum
1764 2366 1994 2413 remedium
2014 2366 2248 2423 requirant,
2279 2366 2468 2409 omnibus

1428 2430 1655 2489 hujusmodi
1673 2457 1689 2480 ,
1710 2431 1752 2474 δι
1765 2427 1925 2483 lingulis
1939 2455 1956 2477 ,
1981 2434 2103 2481 prout
2120 2434 2189 2466 tua
2207 2425 2300 2468 Tibi
2325 2427 2469 2482 sugge-

1426 2504 1492 2537 ret
1520 2488 1740 2548 prudentia
1768 2517 1783 2540 ‚
1818 2483 2041 2544 providere
2062 2482 2205 2541 poffis,
2233 2485 2274 2525 δι
2301 2484 2467 2534 valeas,

1427 2552 1621 2612 plenam,
1635 2549 1674 2590 &
1690 2546 1878 2597 liberam,
1895 2553 2044 2588 tenore
2067 2539 2319 2597 praesentium
2341 2539 2467 2586 facul·

1426 2621 1557 2655 tatem
1571 2637 1587 2661 ,
1609 2608 1650 2651 δι
1676 2606 1962 2650 auctoritatem
1981 2599 2198 2645 tribuimus
2214 2626 2230 2649 ,
2259 2601 2301 2641 δι
2314 2601 2467 2655 impar..

1425 2670 1553 2713 timur
1568 2694 1581 2709 .
1611 2667 1661 2707 ln
1687 2660 1937 2706 contrarium
1961 2654 2107 2699 facien.
2120 2685 2139 2708 ,
2165 2669 2250 2701 non
2271 2657 2466 2699 obstanti.

1425 2728 1502 2772 bus
1526 2719 1856 2781 quibuscunque.
1890 2718 2043 2759 Datum
2064 2715 2204 2757 Romae
2231 2714 2335 2770 apud
2363 2719 2464 2758 San-

1424 2786 1532 2828 ctum
1548 2784 1734 2825 Marcum
1757 2777 1824 2820 sab
1837 2773 2005 2819 Annulo
2029 2771 2266 2816 Piscatoris.
2301 2773 2379 2816 Die
2393 2787 2461 2815 xi.

1422 2838 1605 2903 Januarii
1637 2853 1673 2882 u
1688 2851 1753 2881 nc
1770 2850 1785 2880 ι
1805 2850 1843 2879 x.
1872 2830 2152 2892 ‚Pontificatus
2179 2830 2315 2878 Nostri
2338 2833 2462 2875 Anno

1422 2901 1589 2962 quinto.
1959 2949 1969 2960 ι
2002 2950 2011 2960 .
2257 2950 2266 2959 .

1900 2953 2041 3010 Scipio
2052 2947 2317 2995 Cobelluttus
2331 2977 2343 2990 .

1479 3078 1628 3131 Autog.
1655 3072 1698 3115 in
1727 3074 1871 3114 secret.
1894 3072 2013 3112 Brev-
2046 3064 2180 3126 Apost.
2210 3075 2305 3112 tom.
2324 3076 2364 3115 5.
2394 3064 2457 3107 di.

1535 3132 1639 3195 versi
1665 3130 1779 3177 Paule·
1813 3130 1852 3175 V.
1871 3125 1956 3189 fil.
1973 3141 1993 3184 3
2002 3125 2074 3186 36.

1433 3449 1673 3517 TA.

354 3619 366 3634 -.
418 3593 534 3635 Irrure
544 3595 638 3635 viam
662 3595 709 3633 ad
725 3594 874 3643 glorian
892 3620 904 3641 ,
928 3594 1104 3635 bonorem,
1128 3591 1364 3642 &imperium
1377 3589 1511 3639 parari.
1525 3586 1718 3640 nypponis
1733 3584 1887 3636 perbibet
1912 3576 2099 3622 §noant
2109 3575 2206 3623 ,ua
2219 3573 2260 3617 νζ
2281 3573 2323 3612 de
2338 3573 2455 3612 Civit-

429 3642 500 3681 Dei
520 3657 551 3682 e.
569 3655 626 3683 12.
654 3645 690 3681 ἃ
711 3646 750 3682 Ρ.
764 3646 894 3684 Paulus
916 3644 1017 3692 supra
1043 3640 1238 3679 nominatus
1257 3640 1319 3677 suo
1346 3638 1456 3677 firmat
1470 3639 1659 3685 exemplo.
2138 3675 2150 3686 ο
2198 3674 2210 3685 ·
2365 3672 2374 3683 ·
2429 3670 2439 3679 .

412 3686 579 3734 Virtute,
602 3705 678 3742 quc
697 3693 732 3730 in
754 3705 799 3731 eo
824 3706 903 3730 cum
927 3703 1020 3729 etate
1044 3690 1228 3733 adolevit,
1248 3688 1284 3725 ἃ
1313 3701 1415 3737 quam
1436 3687 1619 3733 Religioso
1645 3685 1727 3722 vito
1737 3682 1923 3730 Cap-scine
1933 3688 2026 3715 voto
2048 3677 2229 3726 ampliavit
2243 3696 2254 3715 .
2277 3670 2456 3719 acquifivtt

308 3738 459 3790 glorian
477 3738 629 3779 tubunis
643 3743 859 3779 Litterarum
867 3749 887 3786 ²,
899 3755 968 3791 qua
981 3742 1016 3779 in
1029 3738 1167 3778 Scholis
1180 3736 1347 3780 Ordinis,
1367 3737 1607 3781 Theoioaicas
1619 3733 1810 3771 illustravit
1825 3728 2017 3767 Catbedras
2029 3748 2044 3772 .
2067 3726 2104 3763 ἀ
2122 3725 2159 3762 in
2174 3722 2331 3783 §aeclesiis
2343 3721 2457 3756 Evan-

313 3788 428 3835 getica
446 3789 590 3826 orn-vir
603 3789 731 3828 rostra.
761 3791 878 3831 Βιιοο
896 3816 910 3837 ,
936 3792 970 3829 8<
983 3790 1074 3829 testis
1086 3786 1242 3835 gloriosa
1258 3785 1386 3835 hujus,
1412 3785 1447 3822 8<
1459 3785 1494 3822 in
1509 3782 1644 3823 scientia
1656 3780 1872 3822 sanctorum
1891 3776 2039 3816 fundat·
2053 3773 2222 3818 facunda
2233 3771 2298 3808 fun
2313 3769 2452 3822 Roma,

2324 3816 2406 3853 dum
