2710 4108
959 186 1741 315 Mediolanensts.·

285 355 442 401 Dileffo
466 356 572 404 Filio
586 355 726 413 Nostro
741 356 882 398 Carolo
913 360 1042 403 Tituli
1069 366 1110 405 s.
1131 365 1316 409 hamdis

560 413 787 470 Presbytero
807 417 1042 461 cardinali.

290 533 580 584 GREGO
609 535 809 589 RIUS
857 538 1065 588 PAPA
1123 541 1319 590 XIII.

286 659 442 704 Due&
456 658 540 704 Fili·
554 660 693 764 Nostg
704 691 720 715 ,
729 664 913 766 ἐξέψει»
928 692 944 717 ,
980 665 1030 715 ὁ·
1059 665 1317 726 Apostalieam

682 734 729 764 ne
754 736 769 763 ι
810 737 961 767 ionem.

413 839 582 882 Summo
598 839 894 885 Patresarnilias
920 842 959 885 in
986 844 1121 886 Domo
1146 844 1311 887 Domini

429 896 721 954 dispensatores
733 900 864 944 effecti
877 930 892 953 ,
908 901 1115 945 interdum
1126 903 1214 958 pias
1232 904 1313 945 Te-

280 956 566 1000 stamentorum
594 956 826 1002 voluntates
838 972 1131 1004 commutamus
1146 991 1162 1012 ,
1189 972 1311 1018 prout

277 1014 614 1058 Monasteriorum
627 1017 693 1070 ,δι
705 1019 972 1062 Personarum
998 1021 1036 1063 in
1049 1020 1128 1063 illis
1143 1019 1212 1063 sub
1227 1023 1313 1063 sua-

280 1070 322 1115 vi
346 1072 574 1128 Religionis
591 1073 692 1132 jugo
715 1077 918 1120 Altiffimo
940 1077 1217 1123 famulantium
1237 1080 1314 1122 sta·

282 1131 342 1173 tui
362 1131 629 1188 conspicimus
645 1134 684 1175 in
703 1135 882 1179 Domino
908 1135 1123 1182 salubriter
1147 1138 1314 1195 expedi-

277 1202 324 1231 re
339 1196 354 1230 ⁸.
375 1190 499 1236 mia:
516 1190 711 1248 liquidem
724 1207 799 1250 pro
811 1196 1019 1251 parteTua
1036 1197 1166 1240 Nobis
1187 1210 1313 1252 expo·

277 1246 352 1291 sito
366 1275 381 1300 ,
406 1249 522 1304 quod
537 1251 738 1307 quondam
756 1253 929 1309 Joannes
949 1257 1127 1299 Thomas
1143 1256 1312 1299 Cribel-

276 1306 354 1358 lus,
369 1307 484 1351 Civis
500 1308 814 1354 Mediolanenlis
827 1341 841 1364 ,
856 1312 894 1356 in
907 1312 993 1371 ejus
1009 1315 1155 1358 ultimo
1172 1314 1311 1358 Testa-

275 1375 442 1419 mento‚
468 1367 576 1411 inter
591 1368 665 1412 alia
689 1369 905 1421 voluerat,
932 1373 1039 1430 quod
1069 1376 1108 1416 in
1134 1374 1307 1430 quadam

277 1426 681 1483 Domuncula,prope
695 1430 885 1484 Domum,
900 1433 1002 1489 piam
1018 1443 1311 1488 nuncupatam,

275 1484 427 1526 San&
444 1485 581 1529 Mariae
591 1486 806 1532 succursus
825 1489 903 1533 &c.
925 1503 1165 1548 nuncupata
1183 1519 1198 1541 ,
1216 1495 1308 1535 Me-

273 1542 478 1587 diolanen.
490 1545 664 1588 Nobiles
679 1547 876 1591 Mulieres
889 1577 905 1601 ‚
933 1563 1020 1607 quae
1033 1547 1275 1608 quandoque
1289 1579 1306 1602 ,

272 1601 313 1644 &
334 1602 535 1658 precipue
546 1604 873 1662 Quadrageiimae
886 1619 1073 1666 tempore
1087 1612 1108 1654 a
1128 1609 1297 1653 seculari

273 1659 584 1705 conversatione
595 1662 636 1706 se
650 1663 748 1720 ipsas
757 1666 1001 1723 segregare,
1024 1670 1065 1710 δε
1087 1669 1209 1712 vitam
1227 1668 1301 1725 spi—

273 1718 465 1763 ritualem
479 1719 633 1764 ibidem
646 1736 841 1778 peragere
860 1725 1017 1768 vellent
1035 1753 1051 1777 ,
1066 1728 1302 1782 reciperen-

273 1788 339 1819 tur
354 1807 370 1829 ,
395 1778 612 1837 eidemque
630 1781 892 1826 Domunculae
907 1813 921 1836 ,
947 1799 993 1827 ac
1006 1799 1084 1841 pro
1097 1801 1145 1830 ea
1162 1789 1301 1840 Depu-

272 1836 428 1887 tatis,in
443 1837 853 1884 eodemTestamento
862 1843 1095 1895 nominatiS,
1109 1843 1302 1901 quosdam

270 1894 458 1939 redditus
475 1910 626 1941 annuos
635 1928 652 1950 ,
680 1900 949 1955 praestationes
961 1929 975 1952 ,
992 1903 1055 1945 seu
1070 1902 1156 1945 fieta
1172 1904 1297 1947 livel-

270 1952 371 2007 laria
386 1966 641 2011 nuncupata,
671 1957 723 2000 ad
744 1957 933 2003 summam
953 1962 1094 2004 Trium
1120 1962 1296 2005 millium

269 2012 604 2068 noningentarum
618 2045 632 2067 ‚
658 2017 932 2071 &octuaginta
945 2019 1138 2064 librarum
1155 2034 1295 2064 mone·

271 2071 499 2115 taeillarum
515 2075 713 2128 partium,
738 2075 926 2132 quolibet
951 2094 1056 2122 anno
1078 2079 1297 2123 ascenden·

271 2131 326 2170 tia
339 2155 354 2176 ,
391 2131 617 2188 reliquerat
628 2162 643 2184 ,
659 2147 707 2176 ac
722 2134 907 2179 redditus
921 2136 1144 2195 hujusmodi
1157 2140 1194 2181 in
1208 2153 1297 2181 cer-

272 2198 337 2229 tos
353 2188 438 2243 pios
457 2188 544 2233 usus
561 2220 574 2243 ,
599 2192 650 2234 ab
671 2205 723 2234 eo
748 2193 1026 2250 praescriptos,
1054 2196 1119 2238 seu
1147 2195 1298 2252 specifi-

269 2256 406 2296 catos,
424 2250 464 2290 &
488 2249 706 2303 praesertim
732 2264 810 2305 pro
835 2251 1039 2309 cujusdam
1062 2255 1294 2298 Monasterii

267 2306 510 2349 Monialium
522 2308 823 2363 Capucinarum
837 2338 851 2362 ‚
880 2310 943 2354 vel
971 2311 1141 2356 alterius
1157 2316 1295 2370 Regu-

266 2362 340 2414 lae,
365 2365 445 2407 five
459 2364 660 2420 Ordinis,
691 2367 968 2425 cujusereetio
988 2373 1029 2413 in
1057 2373 1294 2420 Civitate)

267 2422 557 2466 Mediolanensi
581 2439 657 2481 per
675 2425 737 2469 Te
761 2437 856 2470 tunc
883 2430 1157 2484 tractabatur,
1182 2447 1227 2475 ac
1251 2433 1290 2475 in

266 2493 349 2534 quo
362 2481 497 2537 plures
512 2483 658 2528 Puenae
670 2487 795 2540 gratis
810 2489 970 2542 penitus
983 2492 1267 2546 reciperentur
1277 2519 1294 2543 ,

265 2540 307 2580 ἃ.
319 2540 556 2592 alerentur,
584 2543 882 2588 constructione
893 2576 910 2598 ,
939 2545 1005 2589 seu
1037 2550 1263 2592 minutione
1279 2578 1295 2602 ,

265 2597 335 2640 vel
349 2597 600 2654 perfectione
614 2629 630 2653 ,
653 2613 723 2645 aut
738 2605 980 2648 Monialiuni
1001 2606 1184 2662 ejusdem
1201 2611 1293 2652 Mo·

265 2654 423 2721 nasterii
461 2659 564 2703 vic‘tu
578 2687 593 2710 ,
623 2675 699 2717 per
729 2662 858 2706 dit‘tos
893 2667 1120 2721 Deputatos
1150 2667 1296 2723 exponi

264 2712 441 2780 jufferat,
453 2718 493 2760 δι
505 2720 767 2764 ordinaverat
780 2735 796 2775 ;
810 2723 864 2766 ita
880 2733 1033 2778 tamen,
1052 2724 1160 2781 quod
1174 2739 1298 2782 quan—

265 2784 387 2840 titas,
418 2776 586 2828 modus,
610 2779 650 2820 δι
668 2778 796 2822 forma
818 2780 1083 2828 distribuendi
1111 2785 1297 2827 redditus

265 2833 489 2885 hujusmodi
515 2837 552 2878 in
570 2836 743 2893 singulos
773 2842 861 2894 pios
887 2840 976 2885 utiis
989 2868 1003 2891 ,
1033 2844 1070 2884 δι
1099 2842 1295 2898 praecipue

263 2890 603 2937 dictiMonasierii
628 2896 880 2941 neceffiiates
895 2929 909 2952 ,
931 2903 969 2943 δι
989 2901 1189 2944 utilitates
1215 2901 1294 2944 Tui

263 2950 434 2992 arbitrio
450 2951 779 3008 relinqueretur:
797 2957 939 3001 volens
953 2959 1077 3001 etiam
1094 2960 1295 3008 redditus,

264 3009 305 3049 &
335 3008 439 3051 bona
472 3020 555 3053 tam
578 3012 740 3056 mobilia
754 3042 768 3065 ,
802 3017 920 3070 quam
947 3018 1193 3067 immobilia,
1219 3031 1293 3074 per

265 3065 390 3122 ipsum
404 3067 453 3110 ad
467 3068 652 3113 effectum
667 3072 900 3128 praedistum
915 3077 1052 3120 relie'ta
1065 3102 1080 3126 ,
1095 3077 1209 3119 nullo
1218 3092 1288 3120 un—

263 3139 383 3192 quam
399 3136 586 3184 tempore
601 3130 639 3171 in
653 3139 742 3175 toto
755 3157 771 3181 ,
788 3133 854 3175 vel
869 3145 983 3190 parte
995 3164 1008 3186 ,
1026 3134 1179 3178 directe
1190 3164 1204 3185 ,
1220 3137 1286 3179 vel

265 3183 457 3228 indirecte
471 3213 487 3237 ,
517 3188 643 3231 etiam
657 3202 710 3233 ex
723 3193 867 3247 quovis
886 3193 978 3236 casu
996 3193 1288 3247 urgentiffinm,

262 3243 303 3284 δι
314 3244 556 3289 necestitate
569 3259 751 3291 extrema
771 3250 922 3302 vendi,
940 3264 1008 3296 aut
1022 3252 1191 3295 alienari
1207 3267 1286 3296 non

266 3299 398 3356 posse,
414 3303 479 3346 sed
496 3306 767 3351 inalienabilia
783 3312 1006 3363 perpetuo,
1034 3311 1083 3354 ad
1101 3309 1288 3354 effefium

261 3359 490 3428 praemissum
505 3378 744 3420 permanere
757 3393 772 3415 ,
786 3369 825 3408 δι
838 3366 862 3410 fi
881 3371 1130 3413 contrarium
1144 3368 1288 3412 facium

264 3416 420 3472 fuerit,
448 3421 490 3465 id
505 3433 638 3467 totum
657 3427 814 3469 nullum
832 3454 846 3478 ,
874 3427 1101 3484 nulliufqiie
1130 3431 1289 3472 roboris

262 3476 329 3518 vel
354 3483 548 3524 momenti
563 3481 641 3526 esse
658 3511 672 3535 ,
698 3500 744 3528 ac
773 3499 848 3540 pro
877 3501 958 3528 non
992 3486 1096 3530 Γιᾱο
1123 3489 1259 3531 haberi
1276 3517 1292 3540 ‚

265 3534 452 3604 illiusque
465 3540 781 3599 Propinquiores
795 3574 808 3596 ‚
837 3554 1042 3599 tamquam
1070 3546 1291 3599 Haeredes,

261 3606 422 3649 propria
439 3601 807 3653 auctoritate‚bona
820 3604 870 3645 ad
888 3603 1093 3660 pristinum
1108 3605 1288 3647 statum-2

262 3652 405 3695 reduci
419 3666 637 3710 procurare
650 3660 832 3704 debere:
848 3664 1042 3720 quodque
1054 3664 1154 3707 alius
1169 3664 1290 3706 Civis

261 3709 577 3779 Mediolanenlis
600 3718 700 3761 duas
719 3722 871 3763 Domos
887 3737 1014 3766 onere
1030 3738 1170 3766 annuae
1185 3737 1287 3779 pen-

258 3767 402 3824 sionis,
432 3772 499 3816 seu
522 3771 600 3817 fieti
617 3776 808 3822 livellarii
827 3782 1045 3838 nonaginta
1061 3782 1286 3828 librarum...

1375 311 1561 355 similium
1572 339 1588 363 ,
1618 310 1781 370 lingulis
1795 312 1903 355 annis
1917 313 2084 359 Dileftis
2099 232 2399 374 Filgcapitu-

1376 372 1419 413 lo
1433 371 1625 416 Ecclesia}
1635 372 1769 415 Sancti
1783 373 1952 414 Nazarii
1969 376 2276 420 Mediolanensi:
2293 391 2396 433 prae·

1378 428 1605 472 standarum
1617 440 1808 488 gravatas
1818 457 1834 482 ,
1862 443 1965 487 quas
1983 431 2023 473 in
2037 435 2220 478 Civitate
2235 436 2399 479 Medio-

1381 487 1531 531 lanensi
1545 489 1756 532 obtinebat
1773 516 1789 541 ‚
1821 489 1898 531 una
1911 502 2004 531 cum
2018 490 2178 533 illarum
2196 495 2397 536 viridariis

1378 544 1522 589 decem
1547 547 1794 601 perticarum
1807 571 1824 595 ,
1851 546 1917 589 vel
1941 547 2050 590 circa
2063 573 2079 595 ,
2100 551 2150 592 ad
2175 551 2396 594 effectum,

1377 604 1670 647 Monasterium
1716 605 1948 662 proedicturn
1986 606 2137 649 ibidem
2182 610 2395 664 erigendi,

1375 660 1519 716 sponte
1532 690 1548 712 ,
1575 663 1762 706 &libere
1773 663 2000 706 donaverat
2014 693 2029 715 ‚
2052 678 2100 707 ac
2114 667 2152 707 in
2165 667 2309 708 eadem
2323 682 2396 709 ex-

1375 720 1571 776 positione
1584 721 1789 778 subjuneto
1801 750 1817 773 ,
1829 723 1939 779 quod
1951 723 1994 764 in
2006 722 2121 765 dietis
2137 725 2330 766 Domibus
2345 728 2395 767 sic

1373 779 1538 822 donatis
1557 781 1691 822 mulie
1706 781 1903 831 bonettae,
1926 782 1968 822 &
1988 793 2189 837 pauperes
2216 784 2364 826 Puellae
2377 811 2394 835 ,

1371 838 1519 881 aretam
1531 837 1749 880 admodum
1763 840 1889 880 vitam
1901 841 2199 894 Capucinarum
2211 841 2396 883 attestan-

1373 907 1437 939 tes
1450 908 1739 940 concurretant
1755 925 1768 948 ‚
1782 898 1929 939 &inibi
1948 911 2121 940 numero
2134 901 2275 954 viginti
2291 901 2395 941 timi-

1371 954 1453 998 lem
1469 956 1593 1000 vitam
1605 986 1622 1007 ,
1646 954 1777 1000 donec
1794 956 1947 999 ibidem
1961 957 2249 1000 Monaslerium
2261 960 2399 1014 erige·

1374 1024 1489 1057 retur
1501 1043 1517 1064 ,
1551 1014 1814 1058 observantes
1825 1044 1839 1066 ‚
1875 1014 2089 1058 collocatae
2128 1015 2290 1059 fuerant
2305 1045 2319 1068 ,
2346 1030 2393 1059 ac

1372 1071 1620 1117 concesserat
1635 1100 1649 1123 ,
1677 1084 1722 1116 ut
1739 1075 1894 1116 Domus
1912 1074 2107 1131 praedissae
2131 1076 2155 1120 ἕι
2179 1075 2297 1117 dietis
2320 1089 2394 1116 an·

1373 1133 1462 1176 nuis
1475 1129 1792 1189 responsionibus
1804 1159 1820 1182 ,
1850 1132 1919 1176 seu
1933 1132 2058 1183 fictis,
2080 1133 2225 1190 quibus
2248 1144 2365 1176 erant
2378 1158 2395 1181 ,

1375 1202 1548 1248 gravatae
1561 1191 1846 1241 liberarentur,
1855 1193 1898 1251 ¹&
1912 1192 2150 1249 Capitulum
2164 1193 2395 1250 ptaedistum

1370 1261 1612 1293 contentum
1636 1260 1724 1294 crat
1739 1279 1752 1302 ,
1780 1250 2056 1308 responsiones
2067 1281 2085 1303 ‚
2111 1251 2177 1295 seu
2203 1250 2292 1294 fista
2314 1253 2394 1294 hu-

1369 1308 1564 1365 jusmodi,
1590 1323 1683 1352 cum
1708 1319 1768 1352 tot
1795 1324 1845 1354 ex
1873 1310 2100 1354 redditibus
2112 1340 2131 1363 ,
2143 1325 2215 1367 per
2241 1311 2394 1352 dictum

1362 1369 1567 1425 loannem
1579 1370 1780 1412 'rhomam
1795 1368 2037 1426 legatis,pro
2050 1369 2200 1412 summa
2222 1370 2317 1411 binc
2332 1369 2394 1411 in·

1369 1427 1425 1471 de
1438 1438 1537 1470 tunc
1552 1438 1756 1470 conventa
1770 1439 2027 1484 permutare,
2043 1430 2190 1486 Tuque
2204 1427 2392 1471 redditus

1367 1499 1441 1543 per
1466 1487 1620 1528 diflum
1637 1489 1832 1543 joannem
1850 1488 2050 1529 Thomam
2070 1487 2228 1543 legatos
2255 1484 2395 1542 hujus-

1366 1544 1476 1588 modi
1491 1571 1508 1594 ,
1531 1545 1755 1589 dummodo
1781 1546 1966 1601 quintam
1981 1558 2126 1588 eorum
2141 1555 2298 1602 partem
2312 1560 2391 1601 pro

1362 1604 1458 1647 dieti
1472 1604 1704 1648 Monasserii
1719 1602 2015 1648 construetione
2030 1631 2046 1654 ,
2071 1607 2112 1647 δε
2124 1604 2392 1661 perfeetione,

1360 1662 1427 1706 seu
1441 1663 1664 1706 munitione
1678 1691 1693 1715 ,
1715 1663 1780 1706 vel
1807 1664 1934 1706 etiam
1957 1663 2127 1720 ipsarum
2151 1658 2406 1708 menmium·

1361 1724 1466 1764 victu
1481 1752 1497 1774 ‚
1524 1736 1570 1764 ac
1585 1722 1681 1765 alias
1697 1721 1819 1764 modo
1834 1751 1850 1773 ,
1880 1724 1919 1764 &
1935 1720 2064 1766 forma
2084 1734 2182 1765 tunc
2197 1721 2391 1779 expreffis

1362 1782 1658 1837 affignaveras3
1689 1783 1774 1824 Nos
1790 1783 1852 1823 Tu
1864 1781 1895 1823 is
1909 1783 1949 1826 in
1976 1795 2025 1825 ea
2052 1793 2168 1839 parte
2193 1782 2390 1837 supplica-

1359 1839 1538 1883 tionibus
1553 1851 1651 1884 tunc
1668 1838 1881 1889 inclinati,
1913 1841 2066 1884 Tibiin
2078 1843 2274 1884 Domibus
2290 1854 2390 1896 prae-

1355 1899 1473 1942 dietis
1485 1913 1611 1943 unum
1630 1898 1919 1942 Monasterium
1945 1900 2183 1944 Monialium
2209 1903 2391 1956 Capuci·

1357 1971 1498 2001 narum
1526 1957 1885 2012 nuncupandarum
1910 1956 1980 2002 sub
2005 1959 2265 2003 invocatione
2286 1963 2389 2001 San.

1356 2021 1424 2060 61ae
1438 2016 1572 2060 Clarae
1585 2041 1601 2065 2
1625 2030 1703 2071 pro
1715 2030 1793 2058 una
1824 2016 2054 2069 Abbatiffi‚
2080 2018 2146 2062 sen
2174 2015 2355 2060 Prioriffa
2370 2042 2388 2065 ,

1357 2091 1402 2119 ac
1417 2075 1656 2119 Monialium
1671 2087 1842 2116 numero
1857 2088 1929 2130 per
1953 2078 2014 2119 Te
2029 2077 2245 2120 statuendo
2257 2101 2273 2125 ,
2300 2089 2387 2131 quae

1355 2137 1551 2180 Habitum
1568 2147 1643 2190 per
1656 2132 1854 2176 Moniales
1869 2135 2195 2190 capucinarum‚
2208 2130 2272 2177 seu
2288 2135 2389 2177 alio·

1355 2209 1445 2239 rum
1460 2190 1809 2251 ejusdemOrdinis
1825 2191 2160 2237 Monasteriorum
2171 2194 2314 2250 gestari
2328 2193 2388 2234 so-

1354 2255 1471 2297 litum
1487 2251 1690 2307 suscipere
1700 2279 1715 2303 ,
1728 2253 1768 2294 &
1779 2250 2060 2307 professionem
2079 2267 2151 2310 per
2166 2266 2237 2296 eas
2248 2252 2385 2295 emitti

1354 2311 1590 2355 consuetam
1602 2310 1796 2353 emittere
1809 2337 1825 2359 ,
1839 2312 1877 2352 ἃ
1892 2310 2112 2354 clausuram
2127 2310 2359 2367 regularem
2369 2338 2387 2361 ‚

1352 2371 1494 2415 statuta
1506 2397 1520 2419 ,
1549 2368 1826 2412 ordinationes
1838 2395 1854 2418 ,
1879 2371 1920 2411 &
1945 2369 2259 2414 consuetudines
2285 2384 2387 2426 prae·

1352 2431 1449 2473 dieti
1463 2427 1658 2477 Ordinis,
1684 2426 1795 2483 juxta
1821 2428 1990 2471 formam
2004 2454 2021 2477 ,
2044 2430 2086 2470 δι
2108 2441 2292 2471 normam
2311 2430 2385 2472 Di-

1353 2488 1464 2533 leetis
1476 2489 1518 2530 in
1532 2487 1697 2530 Christo
1707 2485 1884 2530 Filiabus
1910 2488 2156 2531 Monialibus
2184 2488 2388 2530 Monaste-

1355 2548 1404 2592 rii
1420 2546 1656 2590 earumdem
1670 2546 1979 2601 Capucinarum
1992 2575 2007 2596 ‚
2035 2546 2075 2588 in
2090 2547 2205 2590 Urbe
2219 2547 2383 2590 noviter

1356 2607 1482 2650 erecti
1497 2606 1743 2662 praescriptas
1757 2603 1916 2646 servare
1931 2614 2204 2654 tenerentur,
2219 2605 2384 2660 erigen-

1355 2665 1425 2714 di,
1453 2679 1499 2707 ac
1519 2662 1792 2718 responsiones
1807 2688 1823 2711 ,
1845 2660 1911 2704 stu
1934 2660 2022 2704 fieta
2039 2662 2233 2717 praedietis
2257 2663 2384 2717 Capi·

1357 2723 1447 2766 tulo
1464 2723 1623 2764 debitas
1638 2747 1654 2769 ,
1681 2719 1749 2761 seu
1765 2719 1907 2762 debita
1923 2719 2151 2776 hujusmodi
2178 2733 2253 2775 pro
2278 2719 2382 2763 sum-

1357 2795 1419 2823 ma
1437 2794 1528 2823 cum
1545 2777 1628 2835 ipso
1642 2777 1837 2834 Capitulo
1847 2792 1899 2821 ex
1913 2779 2030 2822 dietis
2056 2778 2286 2822 redditibus
2307 2792 2381 2835 per

1354 2841 1508 2883 dictum
1525 2839 1725 2895 Joannem
1751 2838 1950 2881 ’rhomam
1967 2839 2112 2894 legatis
2140 2849 2343 2880 conventa
2358 2865 2375 2888 ,

1354 2899 1421 2941 seu
1437 2895 1714 2940 convenienda
1736 2896 2015 2951 permutandi,
2030 2898 2071 2938 δι
2082 2895 2297 2943 sumniam,
2310 2898 2379 2937 seu

1353 2969 1479 3001 ratam
1496 2965 1742 2998 conventam
1765 2967 1817 2996 eit
1831 2955 1947 2996 dit‘tis
1964 2955 2188 2997 redditibus
2204 2967 2278 3009 pro
2292 2956 2379 2996 Do-

1350 3029 1510 3060 morum
1524 3015 1575 3056 ab
1588 3027 1718 3057 annua
1737 3012 1990 3068 responsione
2003 3039 2020 3061 ,
2045 3012 2112 3055 seu
2125 3026 2258 3054 annuo
2278 3025 2378 3054 cen-

1351 3075 1390 3117 su
1406 3075 1625 3129 nonaginta
1641 3071 1836 3114 librarum
1852 3071 2076 3126 hujusmodi
2094 3072 2378 3115 liberatione,

1348 3135 1388 3176 in
1404 3131 1744 3190 permutationem
1769 3130 1891 3173 dandi
1906 3132 1973 3180 ,δι
1995 3130 2237 3187 affignandi,
2254 3130 2377 3171 licen.

1347 3194 1445 3236 tiam
1456 3219 1471 3243 ‚
1495 3192 1536 3233 δι
1549 3190 1789 3234 facultatem
1804 3218 1817 3239 ,
1846 3190 2079 3246 Apostolica
2093 3189 2375 3232 auctoritate.-

1347 3248 1611 3294 concessimus
1625 3275 1640 3297 ,
1677 3247 1883 3303 dictasque
1916 3248 2193 3304 assignationes
2225 3247 2375 3302 quinte

1346 3310 1475 3367 partis
1491 3323 1540 3353 ex
1558 3305 1711 3351 eisdem
1727 3307 1955 3351 redditibus
1969 3321 2045 3363 pro
2061 3307 2156 3348 dieti
2171 3305 2374 3348 Monaste-

1351 3370 1398 3412 rii
1414 3366 1602 3424 erigendi
1617 3365 1943 3415 construetione,
1967 3367 2005 3408 &
2023 3364 2273 3421 perfectione
2285 3391 2300 3415 ,
2325 3377 2371 3407 ac

1348 3428 1443 3470 dieti
1465 3427 1614 3483 Operis
1628 3454 1643 3476 ‚
1669 3426 1737 3468 seu
1762 3426 1938 3468 Fabi-ica:
1963 3422 2271 3467 manutentione
2298 3434 2374 3478 per

1351 3489 1414 3529 Te
1429 3485 1526 3528 facta
1535 3499 1621 3537 s,ac
1630 3484 1754 3527 etiam
1768 3484 2080 3527 conventionem
2096 3483 2209 3523 inter
2218 3482 2280 3524 Te
2291 3509 2307 3531 ‚
2330 3483 2373 3523 δι

1349 3544 1582 3601 ρτπάἰᾶιιω
1594 3542 1831 3599 Capitulum
1844 3571 1859 3592 ,
1885 3541 2001 3597 super
2028 3537 2254 3596 hujusmodi
2280 3553 2374 3595 per·

1347 3604 1590 3654 mutatione,
1602 3612 1698 3643 tunc
1720 3601 1849 3644 forsan
1869 3599 2110 3649 ficiendam,
2123 3596 2189 3643 seu
2200 3611 2285 3654 quat
2300 3597 2371 3641 fie-

1345 3674 1433 3711 ret,
1461 3663 1565 3704 dicia
1595 3661 1838 3704 auctoritaie
1853 3657 2208 3707 confirmavimus,
2230 3657 2271 3699 δε
2299 3671 2370 3711 ap-

1346 3724 1466 3778 proba
1479 3723 1609 3764 vimus
1623 3747 1638 3770 ‚
1673 3730 1793 3775 prout
1822 3719 1857 3758 in
1885 3718 2024 3760 nolitis
2052 3717 2149 3761 inde
2174 3714 2366 3760 consectis

1346 3781 1483 3825 literis
1497 3778 1659 3839 plenius
1671 3779 1905 3824 continetur
1920 3804 1932 3817 .
1961 3780 2068 3822 Cum
2080 3787 2243 3877 ‘mags
2254 3772 2366 3872 biit-ut

2230 3848 2251 3873 O
2282 3845 2312 3872 lS
