2774 4068
1078 169 1618 262 Marchiae.·

294 291 335 332 ec
360 289 567 337 Fratribus
594 301 705 333 nunc
721 293 742 339 ,'
770 290 811 330 δι
840 300 915 343 pro
950 292 1138 344 tempore
1166 292 1341 336 existen-

294 348 402 391 tibus
428 347 691 398 benevisum,
704 344 1020 414 proAnimabus
1043 346 1157 391 dietat
1183 354 1340 395 Lucre·

2220 210 2246 262 I

1402 290 1513 348 quod
1533 291 1633 335 alias
1655 288 1709 334 de
1731 303 1836 334 anno
1852 303 2034 334 mcxcv.
2050 293 2177 339 dietus
2195 211 2436 352 Arzuges.

1402 352 1508 394 biter
1533 364 1608 407 pro
1632 348 1925 393 commoditate
1950 349 2148 397 dictorum
2177 356 2435 411 Guardiani,

295 408 390 460 tiae,
414 410 455 451 &
477 407 563 465 ejus
588 408 736 449 Matris
759 405 929 448 omnino
953 404 1337 452 celebrandarum
1395 410 1437 451 &
1463 410 1709 452 Conventus
1730 408 2034 464 Capucinorum
2051 436 2067 460 ,
2098 414 2158 454 eis
2188 413 2433 469 quoddam..

286 467 528 511 seducimus
543 492 558 516 ,
586 465 627 506 δι
649 461 914 507 moderamur
930 490 945 513 ,
976 477 1024 506 ac
1051 478 1126 520 per
1148 465 1335 511 celebra-

291 527 451 571 tionem
474 521 702 581 hujusmodi
715 521 925 567 Mill'arum
940 521 1202 567 reduauum
1216 540 1335 569 men-

289 587 360 637 ti,
401 586 443 627 Gt
467 580 669 626 voluntati
695 581 893 639 praedietae
916 582 1150 627 'testatricis
1180 583 1336 629 l‘atisfa-

1397 467 1554 523 petium
1578 468 1708 515 silvae,
1726 470 2047 511 Tornaturarum
2061 467 2234 512 duarum
2248 487 2342 516 cum
2365 474 2433 517 di-

1395 525 1521 569 midio
1546 527 1745 578 circiter,
1777 524 1925 570 valoris
1943 553 1958 577 ,
1988 536 2034 568 ut
2062 525 2295 572 aestimatum
2319 531 2393 574 suit
2415 562 2431 587 ,

1395 583 1601 628 scutorum
1621 585 1785 640 triginta
1803 613 1817 636 ,
1835 594 2011 627 monetae
2023 610 2038 632 a
2053 584 2103 628 ad
2120 586 2267 629 dinam
2282 590 2432 634 Eccle-

286 637 514 693 aumerle,
531 639 717 697 ipsosque
736 641 937 695 haeredes,
954 655 1003 685 ac
1017 643 1333 697 Guardianum,
1392 642 1486 684 fiam
1516 643 1729 698 pertinens
1756 641 1926 686 dedit&
1949 642 2140 694 concessit
2158 672 2172 696 ,
2202 646 2240 686 &
2267 645 2426 692 viciffim

287 706 330 747 δι
354 701 518 745 Fratres
546 710 718 756 propter
744 699 938 756 praemilsa
957 730 973 754 ‚
1002 701 1056 745 ali
1088 716 1179 745 uam
1193 706 1330 758 priva·
1391 714 1468 756 pro
1494 700 1605 742 dieto
1621 703 1754 757 pretio
1782 701 1951 758 triginta
1968 700 2171 746 scutotum
2193 716 2315 745 unum
2328 717 2426 747 cen-

288 758 438 812 tionis,
466 758 778 811 devolutionis,
803 758 1052 804 fideicommi
1107 760 1323 813 ,substitu-

286 818 440 870 tionis,
471 827 541 862 aut
567 818 689 862 aliam
715 820 897 875 quamvls
926 832 1080 877 paenam
1111 821 1322 866 incurrere

287 877 455 924 minime
480 874 619 934 posse,
646 891 693 920 ac
718 879 772 922 ita
797 893 872 935 per
885 877 1323 936 quostunqueJudices

285 941 325 983 &
342 935 666 989 Commissarios,
677 937 803 981 etiam
815 936 961 981 Palatii
970 941 1005 981 A
1012 939 1196 995 postolici
1212 943 1326 983 Cau-

282 995 414 1044 sarum
425 995 651 1039 Auditores
662 1010 735 1048 ‚ae
749 998 906 1039 s.R.E.
922 997 1184 1049 Cardinales,
1201 1000 1327 1042 etiam

282 1056 505 1100 de-Latere
523 1057 701 1110 Legatos
728 1053 903 1110 judicari
917 1082 932 1105 ‚
963 1056 1181 1100 &definiri
1197 1057 1327 1102 debe-

282 1130 361 1167 re,
387 1115 632 1172 irritumque
652 1142 668 1166 ‚
697 1114 1113 1173 &inane,quidquid
1127 1118 1236 1162 secus
1260 1119 1324 1161 su-

281 1188 359 1232 per
374 1174 436 1218 bis
448 1203 465 1226 ,
482 1176 504 1219 a
517 1184 717 1231 quoquam
731 1200 746 1223 ,
759 1173 902 1228 quavis
918 1178 1179 1223 austeritate,
1196 1175 1320 1220 scien-

282 1245 348 1278 ter
361 1261 377 1286 ,
407 1232 475 1275 vel
505 1231 745 1288 ignoranter
758 1233 984 1289 contigerit
1013 1235 1237 1285 attentari,
1250 1235 1325 1279 de-

279 1292 508 1337 cernimus:
541 1303 702 1333 necnon
721 1291 981 1335 voluntatem
997 1294 1112 1337 dietae
1126 1295 1319 1338 Testatri.

279 1352 337 1395 eis
349 1349 486 1408 quoad
503 1349 582 1393 hoc
595 1351 826 1405 opportune
839 1379 854 1403 ,
883 1352 924 1394 Bt
939 1350 1190 1396 sufficienter
1205 1368 1321 1399 com-

278 1420 484 1454 mutamus
500 1436 515 1460 ,
541 1422 620 1451 non
634 1407 883 1453 obstantibus
906 1412 1106 1466 praemissis
1124 1441 1139 1465 ,
1169 1427 1216 1456 ac
1244 1428 1314 1457 vo-

279 1469 446 1514 luntate
459 1465 713 1524 hujusmodi,
744 1482 908 1513 necnon
924 1472 1320 1521 Constitutionibus‚

278 1530 317 1571 &
339 1526 679 1572 Ordinationibus
694 1527 942 1583 Apostolicis
958 1559 974 1583 ,
995 1530 1266 1588 Ordinisime,
1279 1534 1322 1575 &

279 1584 442 1631 Domus
467 1583 778 1642 praedistorum,
801 1588 928 1632 etiam
941 1588 1319 1646 juramento,(:on—

280 1645 512 1689 firmatione
523 1643 790 1698 apostolica,
824 1646 890 1689 vel
915 1649 1056 1703 quavis
1084 1648 1318 1696 firmitate)

277 1705 357 1748 alia
379 1701 584 1747 roboratis
610 1702 795 1752 statum,
820 1706 1052 1763 privilegiis
1077 1722 1240 1764 quoque
1257 1711 1317 1752 in—

278 1763 403 1807 dultis
418 1791 432 1815 ,
451 1763 489 1804 &
503 1761 655 1805 Literis
669 1762 916 1819 Apostolicis
930 1795 946 1816 ,
960 1764 1199 1824 caeterisque
1213 1781 1317 1810 con-

275 1822 415 1867 trariis
449 1818 760 1879 quibuscunque
782 1851 794 1863 .
839 1825 997 1867 Datum
1034 1826 1176 1869 Roma:
1207 1827 1314 1883 apud

274 1885 317 1926 S.
335 1884 519 1924 Marcum
549 1878 618 1927 fiib
643 1880 812 1925 Annulo
834 1883 1052 1928 Piscatoris
1078 1911 1093 1933 ,
1128 1886 1207 1930 Die
1225 1901 1313 1931 xiv.

274 1939 469 2043 oaqbris
492 1953 719 1985 nnxcvti.
763 1941 1029 1990 Pontificatus
1058 1944 1197 1989 Nostri
1226 1946 1316 1989 An-

273 2012 327 2043 no
375 2007 500 2041 exto.

669 2119 731 2163 M.
746 2118 928 2164 Vestrius
944 2123 1167 2167 Barbianus
1184 2129 1199 2165 .·

334 2235 434 2278 Aut·
445 2235 492 2276 in
506 2233 631 2285 Arrb.
646 2236 794 2278 secret.
810 2240 931 2280 Brev-
946 2238 1181 2298 Apost.Reg.
1196 2238 1317 2298 meast

393 2293 443 2341 δ’
466 2293 564 2334 anni
577 2292 712 2347 pred.
721 2291 809 2354 fil.
824 2308 923 2352 273.

268 2531 452 2581 Petium
478 2529 637 2599 Sylvae
653 2565 671 2589 ,
690 2530 927 2582 Fratribus
954 2549 1040 2601 pro
1054 2534 1312 2587 commodi·

338 2614 432 2651 tate
463 2598 648 2652 Domfis
672 2604 851 2654 Montis
881 2605 1031 2653 Floris
1060 2605 1118 2655 ab
1144 2607 1313 2656 Archi-

336 2669 614 2741 presbytero
646 2672 859 2725 Ecclefiae
899 2678 949 2725 S.
978 2677 1109 2726 Pauli
1140 2676 1313 2728 ibidem

336 2739 584 2802 concessa,
611 2761 697 2813 pro
728 2762 879 2796 annuo
908 2742 1044 2795 censu
1075 2762 1311 2815 permuta·

335 2812 418 2870 ri,
455 2811 818 2884 Archiepiscopo
853 2814 1155 2872 Urbinatenfi
1180 2852 1198 2876 ,
1234 2815 1311 2870 seu

335 2885 431 2945 ejus
455 2883 648 2933 Vicario
678 2887 899 2936 Generali
930 2887 1214 2939 committit.

302 2997 523 3045 Venerabili
549 3001 695 3043 Fratri
720 3003 1017 3062 Arcbiept'stopo
1046 3005 1282 3051 Urbinaten.

333 3059 414 3116 stu
443 3057 600 3102 DileHo
632 3058 740 3104 tilio
763 3059 846 3116 ejus
875 3060 920 3104 in
930 3061 1223 3120 spiritualibus

597 3118 750 3163 Vicum
774 3122 964 3164 Generall
981 3151 994 3165 .

263 3238 776 3290 CLEMENS
850 3242 1104 3292 PAPA
1154 3242 1309 3293 VIII.

271 3342 677 3402 VenerabiIIsFrater
696 3386 711 3410 ,
724 3358 801 3413 fia
818 3356 974 3401 Ditem
999 3357 1088 3404 Fui
1098 3360 1307 3418 filum,

426 3414 487 3467 ῥ’
520 3415 778 3475 Apostolum
806 3416 1142 3463 Benedifft‘onene.

260 3530 498 3645 EXponi
525 3533 656 3578 Nobis
679 3549 813 3594 nuper
839 3535 1027 3582 fecerunt
1044 3537 1197 3581 Dileai
1218 3536 1309 3581 Filii

386 3591 739 3650 Archipresbyter
780 3595 964 3640 Ecclefiae
998 3596 1133 3642 saneti
1183 3595 1302 3640 Pauli

261 3648 403 3690 Terra
430 3650 582 3695 Montis
609 3655 740 3699 Floris
756 3656 1020 3709 ,vitei-bien.
1047 3656 1184 3699 Dioec.
1200 3684 1218 3707 ,
1256 3668 1303 3697 ac

1383 758 1468 802 sum
1490 772 1672 802 annuum
1696 771 1944 818 perpetuum
1977 759 2182 804 scutorum
2217 761 2430 805 duorum,

1383 831 1475 860 cum
1491 817 1864 876 dimidio,emptutn
1883 818 1905 863 ἃ
1918 819 2079 864 Dilecto
2096 821 2203 864 Filio
2215 820 2431 863 Balthaffa-

1386 889 1433 919 re
1449 878 1918 928 Bonadies,Secrctario
1945 876 2185 935 Apostolico
2199 906 2213 927 ‚
2244 878 2285 919 δι
2301 879 2431 922 Fami-

1386 934 1478 978 liari
1506 937 1643 980 nostro
1662 966 1678 988 ,
1712 939 1753 981 &
1780 938 1830 980 ab
1859 953 1913 981 eo
1937 938 2052 981 dietis
2080 938 2320 982 Guardiano
2341 968 2356 989 ,
2389 941 2430 980 δε

1389 996 1598 1039 Fratribus
1624 1010 1672 1041 ea
1698 997 1752 1040 de
1770 997 1886 1040 causa
1910 996 2109 1042 donatum
2137 998 2327 1052 recepit,
2358 996 2431 1039 lal-

1389 1066 1442 1095 vo
1470 1067 1607 1100 tamen
1636 1056 1802 1108 nostro,
1833 1058 1874 1099 δι
1892 1057 2134 1113 Apostolicae
2162 1056 2278 1099 sedis
2304 1054 2433 1099 bene-

1383 1110 1569 1168 placito,
1600 1127 1727 1173 prout
1755 1116 1796 1158 in
1818 1115 1831 1157 i
1841 1116 2093 1159 nstrumento
2116 1114 2290 1173 desuper
2317 1114 2431 1159 cele·

1382 1172 1502 1216 brato
1515 1203 1529 1229 ,
1543 1174 1706 1232 plenius
1721 1174 1876 1218 dicitur
1898 1175 2103 1220 contineri
2119 1204 2131 1217 .
2146 1177 2253 1218 Cum
2270 1182 2433 1226 autem,

1385 1230 1484 1274 sicut
1501 1235 1649 1277 eadem
1672 1233 1870 1291 expolitio
1886 1234 2153 1302 subjungebat
2168 1262 2184 1285 ,
2207 1232 2430 1276 Ecclesiam

1381 1293 1613 1345 praedictam
1628 1307 1679 1337 ex
1705 1293 1815 1336 dicto
1835 1295 1952 1338 censu
1970 1306 2166 1351 majorem
2181 1291 2393 1335 redditum
2409 1321 2427 1344 ,

1379 1352 1501 1404 quam
1521 1367 1572 1396 ex
1605 1353 1709 1396 dieta
1725 1351 1834 1409 sylva
1863 1353 2065 1409 percipiat
2088 1382 2104 1404 ‚
2136 1353 2175 1393 &
2200 1358 2424 1407 propterea

1378 1407 1609 1466 hujusmodi
1650 1413 1902 1468 permutatio
1936 1413 1976 1455 in
2010 1411 2118 1455 illius
2155 1409 2424 1454 utilitatem...

1383 1468 1546 1514 cesserit
1570 1498 1585 1522 ,
1626 1473 1667 1514 &
1697 1471 1818 1515 cedat
1842 1499 1857 1522 ,
1887 1470 2063 1527 cupiunt
2091 1479 2310 1526 propterea
2340 1478 2427 1513 tam

1380 1530 1728 1586 Archipresbyter
1748 1560 1763 1582 ,
1795 1531 1913 1587 quam
1941 1530 2230 1580 Guardianus,
2260 1530 2299 1570 &
2327 1530 2427 1572 Fra-

1380 1597 1468 1631 tres
1495 1589 1673 1646 praediffl
1708 1591 2057 1647 permutationem
2092 1586 2321 1645 hujusmodi
2350 1602 2427 1644 pro

1379 1645 1491 1691 illius
1510 1648 1743 1700 validitate,
1760 1646 2081 1691 confirmationis
2097 1646 2338 1703 Apostolicae
2355 1662 2424 1689 ro-

1378 1705 1480 1749 bore
1494 1709 1732 1751 communiri
1749 1735 1761 1746 -
1793 1711 1936 1768 Qare
1952 1707 2083 1750 Nobis
2109 1705 2323 1748 humiliter
2339 1705 2427 1763 sup-

1381 1765 1524 1821 plicari
1548 1760 1738 1810 fecerunt
1766 1794 1781 1817 ,
1812 1779 1858 1808 ut
1887 1767 1927 1810 in
1956 1764 2157 1824 praemiffis
2185 1779 2239 1821 op
2271 1765 2423 1808 ortune

1375 1825 1598 1883 providere
1612 1826 1691 1880 ,de
1708 1825 1964 1882 benignitate
1978 1824 2212 1882 Apostolica
2262 1825 2425 1881 ignare-

1378 1898 1467 1926 mur
1482 1914 1494 1928 .
1529 1889 1616 1929 Nos
1630 1885 1756 1942 igitur
1771 1885 1885 1928 dic'tae
1900 1883 2022 1942 sylvae
2036 1884 2290 1928 fituationem
2301 1899 2424 1936 ,con-

1375 1941 1507 1993 fines‚
1536 1945 1579 1987 δι
1603 1944 1754 1989 dietum
1767 1943 1896 1988 etiam
1924 1957 2103 1989 annuum
2129 1944 2341 1995 valorem,
2372 1956 2420 1985 ac

1376 2002 1636 2047 instrumenti
1662 2003 1839 2060 pra-dieti
1864 2014 2052 2048 tenorem
2066 2001 2327 2060 praesentibus
2341 2014 2420 2056 pro

1376 2060 1567 2118 expreffis
1594 2063 1795 2106 habentes
1823 2090 1838 2113 ,
1868 2076 1915 2104 ac
1940 2063 2094 2106 eisdem
2117 2061 2422 2117 Archipresby-

1377 2132 1471 2165 tero
1485 2151 1502 2173 ‚
1534 2121 1802 2172 Guardiano,
1824 2122 1866 2163 ὅτ.
1879 2121 2084 2164 Fratribus
2099 2120 2311 2176 specialem
2327 2134 2420 2175 gra-

1377 2181 1477 2225 tiam
1504 2179 1643 2224 facere
1670 2181 1886 2232 volentes,
1915 2181 2115 2223 &eorum
2143 2179 2374 2236 quemlibet
2391 2176 2419 2221 ἃ

1374 2239 1580 2298 quibusvis
1606 2239 2041 2285 excommunicationis
2065 2240 2142 2281 &c-
2167 2238 2383 2282 censentes
2401 2264 2418 2288 ,

1375 2297 1603 2355 hujusmodi
1629 2298 1988 2357 supplicationibus
2002 2298 2185 2344 inclinati
2202 2326 2218 2350 ,
2249 2299 2436 2354 Frater-¹

1374 2358 1490 2402 nitati
1508 2360 1604 2401 Tuae
1630 2388 1646 2411 ,
1680 2361 1825 2402 Frater
1839 2358 2162 2415 Archiepiscope
2189 2385 2205 2408 ,
2235 2354 2301 2399 seu
2323 2355 2418 2400 Dis-

1371 2417 1544 2462 cretioni
1558 2427 1635 2461 tuae
1647 2446 1663 2470 ,
1673 2418 1750 2462 Fili
1768 2416 1938 2461 vicarie
1949 2445 1964 2470 ,
1978 2431 2053 2474 per
2066 2414 2283 2473 praesentes
2300 2429 2416 2459 com-

1369 2477 1567 2520 mittimus
1602 2479 1642 2520 &
1670 2476 1903 2521 mandamus
1929 2504 1945 2528 ,
1975 2485 2023 2521 ut
2051 2476 2105 2519 de
2164 2474 2334 2518 raemiffis
2352 2476 2415 2517 Te

1370 2536 1592 2593 diligenter
1619 2534 1844 2588 informes,
1873 2537 1914 2578 &
1935 2534 1959 2577 fi
1984 2549 2060 2592 per
2081 2535 2121 2577 in
2141 2535 2414 2577 ormationem

1370 2594 1558 2640 eamdem
1596 2596 1941 2650 permutationem
1979 2593 2092 2636 dieta:
2110 2592 2231 2647 sylvae
2253 2622 2271 2643 ,
2315 2605 2412 2634 cum

1371 2655 1495 2698 censu
1518 2652 1684 2708 praefato
1708 2655 1750 2696 in
1774 2649 1956 2709 ejusdem
1972 2649 2162 2693 Ecclefiae
2189 2649 2410 2692 utilitatem

1372 2709 1569 2755 ceffilse&
1583 2710 1738 2755 cedere
1754 2707 2004 2765 compereris
2018 2736 2033 2759 ,
2062 2709 2180 2763 super
2201 2720 2287 2763 quo
2302 2716 2410 2749 tuam

1370 2768 1666 2813 conscientiam
1708 2780 1927 2811 oneramus
1956 2793 1971 2815 ‚
2014 2766 2054 2809 in
2089 2765 2229 2823 primis
2259 2764 2409 2808 Archi-

1372 2828 1690 2884 presbyterum‚
1720 2841 1766 2870 ac
1796 2825 2081 2869 Guardianum
2103 2853 2118 2877 ,
2148 2825 2188 2866 δι
2213 2825 2406 2876 Fratres,

1371 2889 1412 2931 &
1431 2886 1535 2930 alios
1560 2885 1864 2943 quoscumque,
1897 2885 1967 2940 qui
1990 2884 2034 2928 in
2063 2881 2405 2940 praemillisinter-

1371 2954 1610 2997 venerunt,
1642 2944 1665 2988 ί
1688 2941 2005 3002 quibuscumque
2031 2942 2240 2994 censuris,
2274 2943 2405 2997 &pae-

1370 3005 1432 3049 nis
1446 3002 1733 3049 Ecclefiasticis
1754 3028 1769 3051 ‚
1804 3000 1830 3044 st
1861 3015 1959 3059 quas
1985 3000 2267 3058 praemifforum
2284 3014 2405 3042 occa-

1371 3063 1480 3108 fione
1495 3062 1809 3120 quomodolibet
1830 3059 2078 3104 incurrerint
2095 3088 2110 3111 ,
2142 3057 2317 3117 injunCtss
2340 3059 2401 3099 eis

1372 3121 1544 3167 arbitrio
1580 3131 1657 3168 tuo
1675 3118 1919 3177 poenitentia
1946 3118 2136 3171 salutari,
2161 3118 2403 3161 auctoritate

1373 3181 1504 3226 nollra
1553 3180 1731 3238 gratiose
1783 3177 1967 3222 absolvas
2009 3207 2026 3231 ‚
2094 3191 2139 3221 ac
2196 3174 2401 3221 deinde..-

1369 3243 1710 3298 permutationem
1732 3237 1960 3296 preditum
1978 3266 1993 3290 ,
2022 3239 2064 3281 &
2088 3234 2399 3279 instrumentum

1368 3299 1538 3358 deliiper
1558 3299 1813 3343 celebratum
1828 3326 1844 3350 ,
1872 3299 1914 3341 &
1933 3296 2030 3340 inde
2053 3298 2189 3340 secuta
2202 3306 2403 3350 quaecum·

1367 3373 1449 3416 que
1460 3386 1475 3409 ‚
1505 3359 1650 3405 eadem
1665 3358 1927 3410 auc'toritate‚
1942 3356 2143 3412 perpetuo
2156 3351 2372 3395 confirmes
2382 3378 2399 3403 ,

1366 3419 1409 3461 δι
1439 3420 1639 3476 approbes
1663 3446 1678 3470 ,
1721 3416 1880 3474 illisque
1920 3414 2159 3472 Apostolicae
2195 3409 2398 3455 firmitatis

1367 3478 1491 3521 robur
1517 3477 1682 3535 adjicias
1712 3506 1727 3529 ‚
1758 3490 1804 3519 ac
1830 3488 1971 3518 omnes
1998 3500 2013 3522 ,
2042 3474 2083 3515 δι
2114 3470 2291 3528 singulos
2313 3479 2398 3513 tam

1365 3536 1465 3596 iuris
1487 3563 1504 3588 ,
1530 3537 1652 3595 quam
1671 3532 1764 3578 facti
1788 3533 1998 3581 defectus,
2033 3530 2058 3573 fi
2085 3529 2153 3587 qui
2184 3530 2223 3573 in
2246 3529 2398 3574 eisdem

1363 3593 1905 3650 intervenerint,suppleas.
1939 3595 2030 3634 Non
2043 3589 2197 3632 obstan·
2233 3587 2303 3632 sel.
2331 3604 2398 3630 re·

1362 3654 1479 3697 cord·
1494 3654 1610 3698 Pauli
1628 3655 1684 3696 1¹.
1707 3654 1749 3695 δι
1763 3652 1935 3694 aliorum
1954 3652 2235 3693 Romanorum
2251 3648 2395 3692 Ponti-

259 3705 517 3751 Guardianua
546 3737 564 3763 ,
589 3713 633 3757 δι
657 3717 899 3759 conventus
933 3713 1085 3758 Domfis
1108 3717 1293 3758 Fratrum
1353 3710 1844 3761 ficium,1>raedecefforum
1859 3706 2162 3760 nostrorum,de
2177 3708 2300 3750 rebus
2320 3709 2394 3749 Ec·

259 3765 566 3822 Capucinorum
593 3772 727 3817 Sancti
759 3773 958 3818 Francisci
987 3774 1100 3818 dietae
1126 3776 1291 3827 Terrae,
1352 3770 1476 3818 clefiae
1490 3786 1567 3815 non
1583 3769 1835 3821 alienandis,
1865 3766 2040 3830 aliisque
2071 3764 2393 3813 constitutioni-

2237 3825 2308 3867 bus
2321 3851 2335 3875 ‚
