2762 4108
1050 158 1664 252 Lambardiae.

315 278 407 322 fiam
422 281 464 322 S.
478 277 713 327 Laurentii,
741 275 854 320 fitam
870 275 911 316 in
929 275 1159 319 'territorio
1184 276 1340 321 Casalis

313 337 484 394 Majoris
498 341 750 382 Cremonen.
762 332 988 381 Dioecetis,
1018 333 1156 377 eidem
1180 337 1339 391 Praepo-

315 395 446 439 fiturae
474 394 712 454 Apostolica·
738 392 981 444 auctoritate
1008 393 1191 443 unitam,
1216 408 1341 437 anne-

315 469 407 498 xam
419 481 436 505 ,
464 456 507 499 δι
517 455 814 507 incorporatam
830 463 924 493 cum
937 450 1115 503 quodam
1124 463 1224 505 agro
1237 450 1339 495 sedi-

314 515 426 559 mine
441 541 457 566 ,
485 512 589 556 aliae
618 508 870 566 proprietate
884 518 1113 565 nuncupato
1130 537 1144 558 ,
1161 510 1336 563 pertica-

313 566 1057 684 zssasslsssffzsslgtszfzizffa
1069 568 1337 668 ῗίἲέἷᾝὲ-

313 702 390 735 nes
401 715 418 740 ,
446 685 515 729 sub
526 685 676 729 Nostro
687 711 703 733 ‚
732 686 773 727 δι
800 686 916 729 sedis
945 683 1182 740 Apostolicae
1207 685 1334 726 bene·

310 746 466 805 placito
477 743 709 788 concedere
723 772 738 796 ,
768 742 931 801 ejusque
953 745 1011 787 rei
1033 742 1153 787 causa
1167 740 1336 784 dissolu·

314 804 419 851 aioni
437 804 599 848 unionis
611 832 627 855 ,
644 803 877 845 annexionis
892 830 908 854 ,
938 801 1336 858 &incorporationis

314 860 541 923 hujusmodi
554 861 606 905 ad
620 861 807 906 effectum.
821 860 1061 919 pradictum·
1073 859 1340 905 consentire...-

313 922 500 967 decrevit
514 951 526 962 .

371 984 515 1039 Quare
529 979 661 1024 dicius
673 980 956 1035 Archangelus
968 977 1205 1024 cardinalis
1218 1005 1234 1028 ,
1259 988 1342 1022 tam

307 1044 399 1095 suo,
409 1040 530 1097 quam
550 1038 802 1083 Drlestorum
814 1038 1009 1083 Filiorum
1025 1036 1247 1083 Generalis
1262 1038 1342 1080 Mi·

314 1102 427 1146 nistri
441 1129 458 1151 ,
486 1100 526 1141 &
554 1100 744 1142 Fratrum
770 1098 1074 1153 Capucinorum
1089 1129 1091 1131 .
1105 1095 1339 1153 hujusmodi

316 1157 542 1205 nominibus
558 1183 572 1208 ,
605 1156 734 1199 Nobis
752 1156 964 1198 humiliter
990 1155 1232 1213 supplicavit
1246 1182 1262 1205 ,
1292 1163 1339 1197 ut

316 1221 360 1264 in
373 1215 570 1275 praemissis
581 1214 810 1270 opportune
823 1213 1066 1270 providere,
1081 1214 1135 1257 de
1149 1214 1336 1269 benigni-

315 1286 407 1320 tate
425 1271 658 1330 Apostolica
671 1271 931 1328 dignaremur
943 1301 956 1315 .

374 1336 461 1381 Nos
475 1331 601 1388 igitur
615 1358 630 1382 ,
642 1331 711 1388 qui
729 1330 1102 1375 dudum-lateralia
1118 1331 1339 1383 voluimus,

314 1390 594 1449 quodsemper
610 1390 648 1432 in
662 1389 875 1433 unionibus
889 1389 1108 1435 commiffio
1137 1389 1255 1433 fieret
1282 1389 1346 1432 ad·

314 1453 457 1495 Partes
471 1478 486 1501 ,
519 1448 672 1491 vocatis
691 1462 864 1504 quorum
886 1448 1124 1501 interesset,
1155 1449 1335 1505 alioquin

314 1510 507 1553 unio-non
522 1507 681 1550 valeret
694 1536 711 1557 ,
740 1508 991 1551 Generalem
1006 1508 1232 1552 Ministrum
1249 1537 1270 1559 ,γ
1295 1509 1337 1549 &

315 1571 484 1613 Fratres
510 1561 728 1622 praefatos,
758 1579 981 1624 eorumque
1006 1566 1223 1622 singulares
1239 1566 1337 1610 Per-

315 1630 428 1671 sonas
447 1628 473 1671 a
485 1624 687 1682 quibusvis
700 1626 1130 1676 excommunicationis
1145 1653 1160 1677 ,
1177 1627 1332 1679 suspen-

315 1687 463 1736 sionis,
505 1685 554 1726 &a
575 1681 813 1734 interdicti,
846 1684 1010 1740 aliisque
1046 1683 1335 1727 Ecclefiasticis

313 1743 553 1795 sententiis,
588 1739 794 1792 censuris,
819 1743 856 1783 «St
883 1743 1042 1798 poenis,
1068 1743 1091 1785 a
1119 1742 1233 1797 jure,
1266 1743 1333 1786 vel

316 1805 368 1850 ab
383 1803 560 1854 homine,
573 1800 710 1857 quavis
723 1799 957 1852 occasione,
973 1800 1039 1843 vel
1053 1799 1164 1844 causa
1176 1801 1268 1844 latis
1281 1830 1294 1853 ,
1310 1801 1335 1843 si

313 1863 460 1920 quibus
486 1858 795 1918 quomodolibet
817 1859 1018 1902 innodatae
1049 1860 1219 1902 existunt
1235 1889 1251 1911 ,
1281 1860 1332 1903 ad

315 1921 501 1967 effeetum
514 1918 765 1975 praesentium
782 1916 975 1962 duntaxat
986 1920 1332 1976 consequendum,

313 1983 459 2026 harum
476 1978 580 2020 serie
592 1975 878 2028 absolventes,
907 1978 959 2019 δι.
971 1978 1175 2022 absolutas
1190 1977 1332 2022 fore-³

313 2039 556 2086 censentes,
587 2031 811 2091 hujusmodi
832 2035 1189 2091 supplicationibus
1218 2036 1332 2079 incli-

313 2097 424 2147 nati,
452 2096 671 2146 unionem,
699 2094 965 2138 annexionem
982 2124 997 2148 ,
1028 2098 1070 2138 δι
1097 2097 1332 2151 incorpora-

311 2157 468 2200 tionem
483 2150 660 2211 praefatas
672 2182 688 2203 ,
714 2152 831 2207 ipfius
849 2150 1102 2210 Archangeli
1129 2154 1332 2197 Gai-dina-

312 2215 365 2258 lis
377 2212 436 2256 ad·
446 2213 523 2256 hoc
537 2208 719 2266 expresso
731 2210 956 2254 accedente
970 2211 1160 2255 consensu
1176 2240 1192 2264 ,
1220 2214 1336 2268 Apo-

315 2271 460 2316 stoliea
473 2269 744 2318 auctoritate,
770 2278 918 2310 tenore
931 2268 1216 2324 praesentium,
1241 2284 1334 2326 per-

317 2326 734 2388 petuodiffolvimus,
758 2328 800 2369 &
821 2330 1120 2371 remanentibus
1135 2330 1204 2384 ipsi
1229 2331 1335 2372 pra*-

314 2390 498 2446 positurae
533 2385 889 2429 ceterisomnibus
919 2386 1032 2431 dieta:
1046 2387 1333 2431 Ecclefiaebo-

316 2449 408 2498 nis,
432 2443 774 2503 proprietatibus,
806 2443 983 2496 juribus,
1011 2448 1051 2489 δι
1078 2446 1327 2495 actionibus,

315 2519 456 2562 agrum
482 2502 713 2559 praedit‘tum
734 2504 758 2546 a
779 2503 1040 2557 Praepofitura
1065 2504 1222 2560 praefata
1251 2504 1333 2548 dis-

316 2564 614 2612 membramus,
638 2559 911 2616 &separamus
927 2589 942 2612 ‚
967 2578 1126 2607 necnon
1155 2568 1339 2607 Domum

320 2621 497 2680 praedicti
523 2619 687 2663 Ordinis
718 2619 826 2675 apud
861 2621 1045 2666 eamdem
1081 2622 1333 2667 Ecclesiant,

315 2680 452 2727 sinai
480 2678 689 2722 Laurentii
716 2692 808 2721 cum
825 2679 1024 2731 claustro,
1056 2681 1337 2732 Dormitorio,

314 2737 671 2783 &ceterisofficiis
686 2765 701 2788 ,
729 2739 777 2779 &2
789 2736 961 2780 officinis
988 2752 1065 2794 pro
1086 2741 1152 2782 usu
1167 2769 1181 2791 ,
1207 2741 1249 2781 δι
1263 2740 1336 2781 ha-

315 2799 516 2842 bitatione
539 2795 652 2838 unius
666 2795 893 2840 Guardiani
910 2825 925 2846 ,
953 2798 1201 2840 &Fratrum
1216 2795 1332 2852 ipsius

313 2854 484 2901 Ordinis
494 2853 703 2909 erigimus,
718 2854 1012 2898 &instituimus
1023 2884 1037 2907 ,
1052 2870 1097 2898 ac
1114 2854 1347 2899 Ecclesiam‘

316 2914 455 2960 Sancti
486 2911 694 2955 Laurentii
730 2911 955 2967 praedictam
968 2941 981 2964 ,
1010 2914 1122 2969 cujus
1154 2911 1304 2957 fruetus
1319 2942 1336 2965 ,

314 2972 503 3018 redditus
519 2997 532 3020 ,
556 2979 783 3024 proventus
798 2999 814 3021 ,
838 2969 927 3026 jura
945 3001 961 3022 ,
987 2971 1090 3014 bona
1106 3001 1127 3024 ,
1148 2973 1336 3027 proprie-—

314 3041 422 3076 tates
437 3058 452 3081 ,
477 3031 515 3070 δι
526 3029 702 3070 actiones
715 3027 852 3070 eidem
867 3029 1129 3084 Praepositurae
1149 3029 1215 3086 (ut
1233 3045 1332 3085 prae-

314 3088 469 3145 fertur)
482 3096 692 3129 remanent
705 3113 720 3136 ,
735 3098 809 3140 per
822 3085 1116 3143 dissolutionem
1133 3088 1334 3144 hujusmo-

313 3149 386 3199 di,
414 3156 484 3190 aut
497 3145 595 3188 alias
612 3154 820 3187 vacantem
834 3171 848 3194 ,
867 3158 1025 3189 necnon
1049 3159 1188 3202 agrum
1204 3148 1256 3190 sic
1267 3145 1333 3190 se-

311 3216 499 3264 paratum
514 3229 530 3251 ,
557 3217 603 3245 ac
627 3202 961 3246 dismembratum
978 3202 1115 3246 eidem
1130 3204 1334 3248 Guardia-

314 3279 398 3316 no,
423 3266 461 3307 &
495 3262 725 3312 Fratribus,
755 3262 822 3316 qui
852 3261 962 3304 illam
993 3260 1109 3317 juxta
1136 3263 1268 3314 ritus,
1293 3265 1335 3304 δε

314 3337 452 3366 mores
470 3323 559 3364 suos
578 3321 806 3363 inhabitent
817 3347 831 3370 ,
846 3321 886 3361 &
901 3318 1123 3364 reforment
1138 3349 1152 3372 ,
1169 3336 1243 3378 pro
1259 3323 1336 3363 Ec.

312 3380 461 3432 clefia,
488 3381 652 3430 Domo,
683 3378 884 3430 claustro,
909 3391 954 3422 ac
992 3378 1113 3421 horto
1133 3408 1148 3431 ,
1176 3393 1221 3422 ac
1249 3379 1336 3422 aliis

310 3437 516 3490 edificiis,
535 3438 596 3481 illi
610 3434 829 3480 necessariis
842 3465 857 3488 ,
871 3435 1150 3480 construendis
1173 3437 1337 3492 assigna·

311 3511 404 3599 iiii:
415 3495 654 3598 '52232'312
658 3495 874 3596 ⁶223}ssss
880 3524 903 3596 ἵ
915 3495 1082 3595 1553st?ss
1082 3493 1335 3596 ιῗιᾳῖἓέςῗᾱῑιη

316 3627 406 3658 mus
423 3640 439 3665 ,
462 3613 548 3661 ita,
577 3613 687 3670 quod
703 3612 923 3656 Generalis
945 3610 1152 3661 Minister,
1173 3612 1213 3652 ει
1239 3612 1335 3655 Fra·

315 3682 404 3715 tres
434 3670 589 3725 prefati
616 3670 779 3715 illorum
796 3669 1067 3727 posseffionem
1084 3668 1341 3725 corporalem

317 3744 393 3787 per
409 3727 449 3771 se
462 3723 564 3782 ipsos
580 3756 595 3779 ,
617 3729 682 3773 vel
697 3729 843 3779 alium,
869 3728 936 3773 stu
953 3728 1052 3772 alios
1068 3756 1082 3779 ,
1105 3727 1310 3771 Ordinarii
1323 3755 1339 3779 ,

454 3787 558 3828 Tons-
578 3789 631 3830 11.

1402 278 1467 320 vel
1483 278 1655 333 cujusvis
1670 275 1839 318 alterius
1855 275 2020 319 licentia
2037 279 2203 321 minime
2223 198 2429 334 reffuisitai,

1400 337 1714 446 {223521‘22553
1726 333 2431 449 :53:355:53:32553‘52302:

1400 453 1597 510 predictis
1612 452 1868 506 indulgemus
1881 478 1896 501 ,
1922 465 2001 493 non
2017 452 2272 506 obstantibus
2283 457 2428 499 volun·

1397 522 1485 555 tate
1498 511 1642 555 Nosira
1665 508 1826 564 praefata
1843 540 1859 562 ,
1886 522 1931 551 ac
1950 512 2228 554 Lateranensis
2244 517 2423 558 Concilit

1396 568 1603 613 novissime
1628 569 1855 620 celebrati,
1882 568 2060 610 uniones.
2080 581 2298 624 perpetuas
2318 602 2332 623 ,
2358 575 2426 617 nist

1397 629 1436 670 in
1451 628 1602 670 casibus
1618 628 1638 668 a
1655 626 1744 682 jure
1773 625 1962 683 permissis
1976 656 1992 678 ,
2029 624 2114 669 fieri
2141 631 2394 681 prohibentis
2412 661 2427 684 ,

1396 699 1553 729 necnon
1566 682 1737 727 sel-rec.
1755 683 1945 728 Bonisacii
1976 687 2088 739 Papae
2113 687 2237 729 vui.
2270 688 2428 730 Praede-

1397 742 1561 787 cessoris
1589 744 1725 786 Nostri
1752 771 1769 795 ,
1803 758 1879 800 qua
1909 754 2079 787 cavetur
2104 745 2291 799 expresse
2324 747 2429 788 inter

1398 803 1476 845 alia
1495 830 1509 854 ,
1535 815 1589 844 ne
1601 801 1772 858 cujusvis
1786 801 1951 845 Ordinis
1974 802 2296 847 Mendicantium
2327 806 2426 845 Pro-

1401 858 1568 905 fessores
1584 889 1599 911 ,
1629 860 1717 904 loca
1732 860 1783 903 ad
1800 861 2062 904 habitandum
2077 860 2129 902 de
2145 876 2253 905 novo
2269 864 2429 920 recipe-

1401 934 1476 971 re,
1496 920 1567 963 sets
1591 930 1757 975 recepta
1773 931 1933 962 mutare
1950 917 2186 975 praesumant
2202 949 2216 971 ,
2245 921 2430 976 absque,

1402 980 1517 1023 diflae
1533 979 1651 1021 Sedis
1669 978 1834 1021 licentia
1857 977 2050 1034 speciali,
2077 977 2132 1020 de
2150 980 2428 1034 prohibitione

1402 1035 1599 1089 ejusmodi
1614 1036 1836 1094 expressam
1857 1034 2316 1080 mentionem-faciente
2330 1068 2357 1089 ,.
2373 1053 2421 1081 ac

1399 1097 1488 1139 aliis
1505 1095 1745 1150 Apostolicis
1760 1096 2131 1139 Constitutionibus
2146 1124 2161 1146 ,
2189 1110 2235 1138 ac
2263 1097 2428 1139 Ordinis

1399 1154 1577 1211 praediffl
1594 1183 1609 1204 ,
1637 1154 1871 1212 juramento
1887 1183 1899 1206 ,
1927 1154 2240 1198 confirmatione
2252 1155 2424 1210 Aposto-

1396 1214 1475 1257 lica
1490 1241 1506 1264 2
1535 1213 1600 1256 vel
1618 1215 1758 1269 quavis
1780 1211 1974 1256 firmitate
1991 1214 2068 1257 alia
2085 1214 2286 1256 roboratis
2304 1213 2429 1256 statu-

1395 1274 1476 1325 tis,
1500 1272 1952 1323 &consuetudinibuh
1982 1272 2204 1329 privilegiis
2228 1286 2393 1329 quoque
2410 1298 2426 1319 2

1394 1331 1593 1383 indultis,
1635 1332 1676 1373 &
1704 1332 1835 1374 literis
1860 1330 2135 1386 Apostolicis,
2162 1331 2307 1374 Ordini
2325 1362 2340 1383 ,
2379 1330 2429 1373 il-

1396 1389 1552 1446 liusque
1583 1391 1900 1444 Superioribus,
1925 1390 1966 1431 δι
1998 1390 2212 1441 Personis,
2244 1391 2311 1433 siib
2339 1391 2428 1444 qui-

1395 1449 1642 1504 buscumque
1662 1450 1867 1492 tenoribus
1881 1478 1896 1500 ,
1925 1446 2115 1491 &formis
2132 1477 2146 1499 ,
2163 1463 2215 1491 iac
2230 1463 2322 1492 cum
2336 1450 2428 1505 qui·

1396 1507 1526 1551 busvis
1542 1507 1726 1550 clausulis
1741 1535 1755 1555 ,
1778 1507 1965 1551 Decretis
1978 1532 1992 1552 a
2009 1504 2073 1548 seu
2091 1506 2187 1549 alias
2205 1508 2241 1549 in
2256 1519 2427 1550 contra-

1397 1567 1508 1610 rium·
1525 1566 1838 1622 quomodolibet
1873 1563 2095 1617 conceffis;
2123 1566 2264 1622 quibus
2297 1568 2425 1608 omni-

1394 1627 1470 1669 bus
1482 1652 1498 1674 s
1523 1623 1675 1667 etiamsi
1690 1625 1746 1668 de
1764 1624 1843 1667 illis
1857 1653 1872 1674 ‚
1894 1623 2140 1680 illorumque
2156 1624 2252 1667 totis
2266 1628 2425 1668 tenor-i-

1395 1686 1468 1727 bus
1491 1683 1672 1740 specialis
1691 1712 1706 1735 ,
1731 1681 1914 1738 specifica
1934 1711 1949 1735 ‚
1971 1684 2020 1724 &2
2036 1680 2244 1739 expressa,
2270 1698 2315 1727 ac
2337 1683 2427 1730 de.-

1397 1744 1525 1786 verbo
1551 1742 1603 1785 ad
1628 1747 1827 1789 verbum,
1856 1755 1934 1784 non
1959 1750 2097 1786 autem
2129 1756 2203 1798 per
2227 1741 2423 1787 clausulas

1395 1801 1624 1857 generales,
1634 1800 1746 1844 idem
1763 1801 2044 1856 imponantes,
2058 1801 2301 1851 mentio,seu
2317 1816 2427 1857 quai-

1394 1860 1542 1903 virilia
1558 1859 1755 1916 expreffio
1768 1859 1953 1901 habenda
1969 1859 2072 1903 soret
2087 1861 2163 1902 διε.
2180 1859 2265 1902 illis
2274 1860 2374 1903 alias
2390 1863 2431 1904 in

1393 1919 1463 1963 suo
1474 1919 1629 1961 robore
1654 1916 1949 1974 permansuris,
1968 1916 2054 1961 ,hac
2083 1920 2174 1960 vice
2202 1917 2429 1971 duntaxat,

1392 1976 1651 2034 specialiter,
1678 1978 1719 2019 δι
1742 1974 1928 2031 expresse
1956 1977 2227 2032 derogamus,
2259 1976 2429 2021 ceteris-

1392 2049 1473 2091 que
1488 2035 1704 2078 contrariis
1719 2034 2033 2091 quibuscumque
2047 2063 2059 2075 .
2093 2034 2259 2079 Proviso
2272 2064 2287 2086 ,
2311 2035 2424 2091 quod

1395 2091 1571 2137 Ecclesia
1589 2094 1722 2137 saneti
1749 2095 1963 2136 Laurentii.
1985 2091 2146 2148 praesata
2165 2093 2314 2135 debitis
2342 2108 2426 2138 non

1393 2151 1660 2195 defraudetur
1673 2150 1876 2207 obsequiis
1889 2179 1907 2203 ,
1919 2194 1921 2196 ,
1935 2153 2003 2195 sed
2027 2150 2113 2208 ejus
2139 2153 2426 2208 supportentur

1395 2226 1521 2256 onera
1545 2208 1759 2253 consueta.

1458 2269 1573 2313 Nulli
1588 2283 1692 2324 ergo
1718 2269 1884 2312 omnino
1898 2270 2105 2312 hominum
2137 2271 2259 2314 liceat
2277 2296 2295 2322 ,
2321 2272 2423 2313 hanc

1394 2329 1583 2385 paginam
1609 2327 1771 2371 Nostrae*
1800 2328 2089 2380 absolutionis,
2129 2328 2427 2380 dissolutionis,

1393 2386 1760 2432 dismembrationis
1776 2414 1791 2437 ,
1817 2386 2103 2442 separationis,
2129 2387 2425 2439 institutionis,

1394 2444 1662 2490 eonceffionis
1673 2474 1699 2496 ,.
1724 2444 1870 2487 indulti
1883 2471 1899 2495 ,
1915 2446 2263 2500 &derogationis
2283 2446 2426 2489 instin-

1394 2518 1491 2562 gere
1504 2532 1520 2556 ,
1534 2503 1601 2546 vel
1616 2504 1654 2545 ei
1669 2501 1759 2546 ausu
1777 2504 1995 2547 temerario
2008 2506 2215 2549 contraire
2231 2536 2243 2547 .
2279 2506 2320 2547 Si
2334 2505 2422 2559 quis

1393 2573 1528 2608 autem
1544 2563 1620 2605 hoc
1643 2571 1849 2605 attentare
1878 2562 2168 2619 praesumpserit
2186 2593 2200 2615 ,
2238 2563 2425 2617 indigna-

1396 2623 1554 2664 tionem
1568 2620 1861 2675 omnipotentis
1878 2621 1954 2662 Dei
1968 2649 1980 2671 ,
2015 2636 2061 2662 ac
2075 2623 2295 2664 Beatorum
2315 2622 2424 2664 Petri

1395 2679 1561 2723 &Pauli
1578 2676 1619 2720 se
1629 2677 1789 2720 noverit
1811 2676 2059 2720 incursurum
2074 2706 2085 2716 .

1454 2741 1606 2780 Datum
1622 2737 1759 2777 Romae
1769 2734 1873 2790 apud
1889 2738 2076 2778 sancium
2094 2735 2286 2788 Petrum,
2305 2739 2424 2780 Anno

1398 2793 1691 2838 Incarnationis
1710 2793 1933 2835 Dominicae
1961 2792 2174 2836 millesimo
2190 2796 2428 2851 quingente·-

1397 2852 1493 2895 fimo
1505 2849 1796 2906 septuagesimo
1809 2851 1979 2906 quinto,
2009 2852 2078 2895 die
2099 2852 2284 2911 vigesima
2301 2854 2430 2909 prima

1398 2909 1649 2968 Septembris
1666 2937 1680 2960 ,
1714 2907 1974 2953 Pontificatus
1990 2909 2126 2954 Nostri
2142 2925 2248 2955 anno
2261 2923 2421 2968 quarto.

1457 3026 1706 3081 Amograpb.
1718 3028 1761 3067 in
1761 3026 2042 3082 secretioribus
2064 3029 2225 3071 Archiv}
2250 3028 2424 3071 Vaticani

1515 3084 1739 3128 Tabulars’lr
1753 3112 1768 3134 ,
1795 3085 1839 3125 de
1854 3097 1929 3139 quo
1942 3086 2259 3144 Bullafhrmata
2281 3090 2324 3127 in
2338 3091 2420 3130 Ar-

1511 3142 1619 3185 chive
1644 3142 1716 3185 loci
1740 3142 1891 3200 casalis
1915 3142 2107 3200 Major-ir,
2141 3146 2187 3194 {9'
2214 3147 2323 3199 copia
2350 3157 2425 3186 au·

1509 3201 1684 3243 theutica
1702 3203 1746 3258 ln
1757 3201 1926 3244 Archino
1933 3207 2114 3258 generale·
2127 3206 2287 3247 Ordinis
2305 3207 2418 3245 Arm.

1511 3259 1729 3302 Provincia·
1742 3260 1993 3304 Lombardiae
2003 3292 2018 3303 .

1399 3438 1474 3486 Fr.
1491 3439 1676 3485 Petrum
1706 3437 1732 3485 ὲ
1748 3438 1974 3487 Placentia
1986 3473 2003 3496 ,
2031 3438 2087 3487 ab
2104 3436 2425 3490 Archiconfra-

1466 3507 1680 3557 ternitate
1699 3504 1966 3558 Confalonis
1984 3507 2039 3556 de
2060 3508 2191 3563 Urbe
2217 3527 2301 3577 pro
2335 3511 2422 3558 Ca·

1465 3577 1701 3642 privorum
1729 3577 2040 3645 redemptione
2072 3579 2317 3649 Algetium
2334 3616 2350 3639 ,
2375 3579 2425 3630 δί

1470 3644 1527 3693 ad
1545 3646 1653 3695 alias
1671 3644 1840 3697 Africae
1852 3661 2002 3714 partes
2026 3646 2291 3719 ablegatum
2306 3686 2322 3709 ,
2350 3669 2424 3700 va·

1467 3716 1544 3764 riis
1562 3712 1848 3767 facultatibus
1862 3720 2118 3770 communit
2132 3755 2146 3768 .

1788 3787 1823 3827 K
1856 3785 1883 3825 k
2262 3790 2376 3832 Dile-
