<?xml version="1.0" encoding="UTF-8"?>
<!DOCTYPE html PUBLIC "-//W3C//DTD XHTML 1.0 Transitional//EN"
    "http://www.w3.org/TR/xhtml1/DTD/xhtml1-transitional.dtd">
<html xmlns="http://www.w3.org/1999/xhtml" xml:lang="en" lang="en">
 <head>
  <title>
</title>
<meta http-equiv="Content-Type" content="text/html;charset=utf-8" />
  <meta name='ocr-system' content='tesseract 3.04.00' />
  <meta name='ocr-capabilities' content='ocr_page ocr_carea ocr_par ocr_line ocrx_word'/>
</head>
<body>
  <div class='ocr_page' id='page_1' title='image "./bullariumordinis02cath_0377.png"; bbox 0 0 2710 4108; ppageno 0'>
   <div class='ocr_carea' id='block_1_1' title="bbox 929 198 1724 315">
    <p class='ocr_par' dir='ltr' id='par_1_1' title="bbox 929 198 1724 315">
     <span class='ocr_line' id='line_1_1' title="bbox 929 198 1724 315; baseline 0.001 -31"><span class='ocrx_word' id='word_1_1' title='bbox 929 198 1724 315; x_wconf 78' lang='lat' dir='ltr'>Mediolanenst&#39;s.</span> 
     </span>
    </p>
   </div>
   <div class='ocr_carea' id='block_1_2' title="bbox 289 312 1341 3856">
    <p class='ocr_par' dir='ltr' id='par_1_2' title="bbox 289 312 1341 3856">
     <span class='ocr_line' id='line_1_2' title="bbox 306 312 1322 372; baseline 0.001 -12"><span class='ocrx_word' id='word_1_2' title='bbox 306 319 480 365; x_wconf 80' lang='lat' dir='ltr'>versitati</span> <span class='ocrx_word' id='word_1_3' title='bbox 497 348 511 372; x_wconf 86' lang='lat'>,</span> <span class='ocrx_word' id='word_1_4' title='bbox 540 321 580 361; x_wconf 73' lang='grc' dir='ltr'>δι</span> <span class='ocrx_word' id='word_1_5' title='bbox 602 312 840 361; x_wconf 74' lang='lat' dir='ltr'>Hominibus</span> <span class='ocrx_word' id='word_1_6' title='bbox 851 314 1045 367; x_wconf 67' lang='lat' dir='ltr'>praedi-ste</span> <span class='ocrx_word' id='word_1_7' title='bbox 1073 318 1211 359; x_wconf 84' lang='lat' dir='ltr'>Terra:</span> <span class='ocrx_word' id='word_1_8' title='bbox 1238 319 1322 361; x_wconf 85' lang='lat' dir='ltr'>Do·</span> 
     </span>
     <span class='ocr_line' id='line_1_3' title="bbox 294 371 1323 432; baseline -0.005 -10"><span class='ocrx_word' id='word_1_9' title='bbox 294 381 404 422; x_wconf 82' lang='lat' dir='ltr'>masii</span> <span class='ocrx_word' id='word_1_10' title='bbox 425 410 442 432; x_wconf 90' lang='lat'>,</span> <span class='ocrx_word' id='word_1_11' title='bbox 469 380 507 420; x_wconf 85' lang='lat'>&amp;</span> <span class='ocrx_word' id='word_1_12' title='bbox 527 377 617 420; x_wconf 90' lang='lat' dir='ltr'>aliis</span> <span class='ocrx_word' id='word_1_13' title='bbox 636 371 815 429; x_wconf 84' lang='lat' dir='ltr'>personis</span> <span class='ocrx_word' id='word_1_14' title='bbox 840 374 1011 415; x_wconf 74' lang='lat' dir='ltr'>maxime</span> <span class='ocrx_word' id='word_1_15' title='bbox 1029 373 1201 415; x_wconf 66' lang='lat' dir='ltr'>salutare</span> <span class='ocrx_word' id='word_1_16' title='bbox 1230 389 1323 429; x_wconf 86' lang='lat' dir='ltr'>per-</span> 
     </span>
     <span class='ocr_line' id='line_1_4' title="bbox 294 430 1323 485; baseline 0 -12"><span class='ocrx_word' id='word_1_17' title='bbox 294 437 512 481; x_wconf 70' lang='lat' dir='ltr'>ficiendum</span> <span class='ocrx_word' id='word_1_18' title='bbox 535 459 552 479; x_wconf 88' lang='lat'>,</span> <span class='ocrx_word' id='word_1_19' title='bbox 581 432 705 485; x_wconf 78' lang='lat' dir='ltr'>magis</span> <span class='ocrx_word' id='word_1_20' title='bbox 728 439 976 485; x_wconf 87' lang='lat' dir='ltr'>opportunus</span> <span class='ocrx_word' id='word_1_21' title='bbox 994 458 1013 481; x_wconf 84' lang='lat'>,</span> <span class='ocrx_word' id='word_1_22' title='bbox 1046 430 1112 471; x_wconf 90' lang='lat' dir='ltr'>vel</span> <span class='ocrx_word' id='word_1_23' title='bbox 1140 445 1323 483; x_wconf 80' lang='lat' dir='ltr'>commo-</span> 
     </span>
     <span class='ocr_line' id='line_1_5' title="bbox 295 487 1320 544; baseline -0.007 -5"><span class='ocrx_word' id='word_1_24' title='bbox 295 497 371 539; x_wconf 87' lang='lat' dir='ltr'>dus</span> <span class='ocrx_word' id='word_1_25' title='bbox 385 491 551 539; x_wconf 85' lang='lat' dir='ltr'>locnsin</span> <span class='ocrx_word' id='word_1_26' title='bbox 564 488 669 532; x_wconf 62' lang='lat' dir='ltr'>dieta</span> <span class='ocrx_word' id='word_1_27' title='bbox 685 490 815 532; x_wconf 83' lang='lat' dir='ltr'>Terra</span> <span class='ocrx_word' id='word_1_28' title='bbox 828 500 910 530; x_wconf 87' lang='lat' dir='ltr'>non</span> <span class='ocrx_word' id='word_1_29' title='bbox 927 487 1181 543; x_wconf 81' lang='lat' dir='ltr'>reperiatur,</span> <span class='ocrx_word' id='word_1_30' title='bbox 1201 490 1320 544; x_wconf 67' lang='lat' dir='ltr'>quam</span> 
     </span>
     <span class='ocr_line' id='line_1_6' title="bbox 297 546 1324 604; baseline -0.009 -6"><span class='ocrx_word' id='word_1_31' title='bbox 297 557 456 598; x_wconf 86' lang='lat' dir='ltr'>Domus</span> <span class='ocrx_word' id='word_1_32' title='bbox 471 548 584 591; x_wconf 69' lang='lat' dir='ltr'>dicte</span> <span class='ocrx_word' id='word_1_33' title='bbox 595 546 864 604; x_wconf 80' lang='lat' dir='ltr'>Praepoliturae</span> <span class='ocrx_word' id='word_1_34' title='bbox 883 547 1097 603; x_wconf 83' lang='lat' dir='ltr'>S.Joannis</span> <span class='ocrx_word' id='word_1_35' title='bbox 1117 547 1324 601; x_wconf 69' lang='lat' dir='ltr'>Baptista,</span> 
     </span>
     <span class='ocr_line' id='line_1_7' title="bbox 298 603 1324 660; baseline -0.009 -6"><span class='ocrx_word' id='word_1_36' title='bbox 298 613 340 654; x_wconf 64' lang='grc' dir='ltr'><strong>ἃ</strong></span> <span class='ocrx_word' id='word_1_37' title='bbox 365 606 547 653; x_wconf 87' lang='lat' dir='ltr'>nonnulli</span> <span class='ocrx_word' id='word_1_38' title='bbox 570 603 867 650; x_wconf 76' lang='lat' dir='ltr'>Christifideles</span> <span class='ocrx_word' id='word_1_39' title='bbox 894 615 1029 648; x_wconf 86' lang='lat' dir='ltr'>certas</span> <span class='ocrx_word' id='word_1_40' title='bbox 1047 604 1324 660; x_wconf 80' lang='lat' dir='ltr'>eleemosynas</span> 
     </span>
     <span class='ocr_line' id='line_1_8' title="bbox 298 660 1327 720; baseline -0.007 -7"><span class='ocrx_word' id='word_1_41' title='bbox 298 666 341 713; x_wconf 73' lang='lat' dir='ltr'>{it</span> <span class='ocrx_word' id='word_1_42' title='bbox 365 668 406 710; x_wconf 89' lang='lat' dir='ltr'>in</span> <span class='ocrx_word' id='word_1_43' title='bbox 433 678 524 709; x_wconf 89' lang='lat' dir='ltr'>eam</span> <span class='ocrx_word' id='word_1_44' title='bbox 545 660 703 709; x_wconf 80' lang='lat' dir='ltr'>causam</span> <span class='ocrx_word' id='word_1_45' title='bbox 722 664 965 719; x_wconf 81' lang='lat' dir='ltr'>elargituros</span> <span class='ocrx_word' id='word_1_46' title='bbox 979 662 1175 707; x_wconf 82' lang='lat' dir='ltr'>offerant:</span> <span class='ocrx_word' id='word_1_47' title='bbox 1203 677 1327 720; x_wconf 88' lang='lat' dir='ltr'>quare</span> 
     </span>
     <span class='ocr_line' id='line_1_9' title="bbox 292 722 1325 784; baseline -0.005 -15"><span class='ocrx_word' id='word_1_48' title='bbox 292 739 372 784; x_wconf 84' lang='lat' dir='ltr'>pro</span> <span class='ocrx_word' id='word_1_49' title='bbox 388 734 507 781; x_wconf 91' lang='lat' dir='ltr'>parte</span> <span class='ocrx_word' id='word_1_50' title='bbox 522 726 718 768; x_wconf 83' lang='lat' dir='ltr'>Fratrum</span> <span class='ocrx_word' id='word_1_51' title='bbox 734 724 1036 781; x_wconf 82' lang='lat' dir='ltr'>Capucinorum</span> <span class='ocrx_word' id='word_1_52' title='bbox 1049 749 1066 774; x_wconf 84' lang='lat'>,</span> <span class='ocrx_word' id='word_1_53' title='bbox 1094 723 1134 765; x_wconf 72' lang='grc' dir='ltr'>δι</span> <span class='ocrx_word' id='word_1_54' title='bbox 1146 722 1325 765; x_wconf 82' lang='lat' dir='ltr'>Alexan-</span> 
     </span>
     <span class='ocr_line' id='line_1_10' title="bbox 291 778 1323 840; baseline -0.006 -12"><span class='ocrx_word' id='word_1_55' title='bbox 291 784 358 828; x_wconf 82' lang='lat' dir='ltr'>dri</span> <span class='ocrx_word' id='word_1_56' title='bbox 384 782 644 840; x_wconf 66' lang='lat' dir='ltr'>prefatorum</span> <span class='ocrx_word' id='word_1_57' title='bbox 660 781 788 828; x_wconf 88' lang='lat' dir='ltr'>Nobis</span> <span class='ocrx_word' id='word_1_58' title='bbox 812 781 885 825; x_wconf 86' lang='lat' dir='ltr'>suit</span> <span class='ocrx_word' id='word_1_59' title='bbox 901 779 1108 824; x_wconf 83' lang='lat' dir='ltr'>humiliter</span> <span class='ocrx_word' id='word_1_60' title='bbox 1125 778 1323 836; x_wconf 81' lang='lat' dir='ltr'>supplica-</span> 
     </span>
     <span class='ocr_line' id='line_1_11' title="bbox 292 838 1321 898; baseline -0.007 -12"><span class='ocrx_word' id='word_1_61' title='bbox 292 851 385 887; x_wconf 84' lang='lat' dir='ltr'>tum</span> <span class='ocrx_word' id='word_1_62' title='bbox 407 870 424 894; x_wconf 90' lang='lat'>,</span> <span class='ocrx_word' id='word_1_63' title='bbox 454 852 652 898; x_wconf 79' lang='lat' dir='ltr'>quatenus</span> <span class='ocrx_word' id='word_1_64' title='bbox 679 842 719 884; x_wconf 92' lang='lat' dir='ltr'>in</span> <span class='ocrx_word' id='word_1_65' title='bbox 751 838 953 896; x_wconf 81' lang='lat' dir='ltr'>praemiflis.</span> <span class='ocrx_word' id='word_1_66' title='bbox 973 839 1198 895; x_wconf 71' lang='lat' dir='ltr'>opportune</span> <span class='ocrx_word' id='word_1_67' title='bbox 1226 852 1321 895; x_wconf 87' lang='lat' dir='ltr'>pro-</span> 
     </span>
     <span class='ocr_line' id='line_1_12' title="bbox 291 897 1319 958; baseline -0.009 -11"><span class='ocrx_word' id='word_1_68' title='bbox 291 900 509 952; x_wconf 80' lang='lat' dir='ltr'>videre‚de</span> <span class='ocrx_word' id='word_1_69' title='bbox 524 900 777 958; x_wconf 83' lang='lat' dir='ltr'>Benignitate</span> <span class='ocrx_word' id='word_1_70' title='bbox 794 898 1022 956; x_wconf 84' lang='lat' dir='ltr'>Apostolica</span> <span class='ocrx_word' id='word_1_71' title='bbox 1037 897 1296 955; x_wconf 83' lang='lat' dir='ltr'>dignaremur</span> <span class='ocrx_word' id='word_1_72' title='bbox 1307 927 1319 938; x_wconf 90' lang='lat'><strong><em>.</em></strong></span> 
     </span>
     <span class='ocr_line' id='line_1_13' title="bbox 289 956 1319 1015; baseline -0.008 -10"><span class='ocrx_word' id='word_1_73' title='bbox 289 963 385 1005; x_wconf 86' lang='lat' dir='ltr'>Nos</span> <span class='ocrx_word' id='word_1_74' title='bbox 401 960 523 1015; x_wconf 82' lang='lat' dir='ltr'>igitur</span> <span class='ocrx_word' id='word_1_75' title='bbox 540 957 701 1003; x_wconf 89' lang='lat' dir='ltr'>eosdem</span> <span class='ocrx_word' id='word_1_76' title='bbox 719 960 882 1002; x_wconf 77' lang='lat' dir='ltr'>Fratres</span> <span class='ocrx_word' id='word_1_77' title='bbox 902 984 916 1008; x_wconf 83' lang='lat'>,</span> <span class='ocrx_word' id='word_1_78' title='bbox 946 958 986 1000; x_wconf 79' lang='grc' dir='ltr'>δι</span> <span class='ocrx_word' id='word_1_79' title='bbox 1011 956 1319 1007; x_wconf 84' lang='lat' dir='ltr'>Alexandrum,</span> 
     </span>
     <span class='ocr_line' id='line_1_14' title="bbox 292 1014 1318 1076; baseline -0.007 -14"><span class='ocrx_word' id='word_1_80' title='bbox 292 1033 341 1062; x_wconf 87' lang='lat' dir='ltr'>ac</span> <span class='ocrx_word' id='word_1_81' title='bbox 361 1031 504 1062; x_wconf 88' lang='lat' dir='ltr'>eorum</span> <span class='ocrx_word' id='word_1_82' title='bbox 526 1017 753 1076; x_wconf 84' lang='lat' dir='ltr'>quemlibet</span> <span class='ocrx_word' id='word_1_83' title='bbox 775 1017 801 1059; x_wconf 73' lang='lat' dir='ltr'>a</span> <span class='ocrx_word' id='word_1_84' title='bbox 821 1014 1019 1073; x_wconf 78' lang='lat' dir='ltr'>quibusvis</span> <span class='ocrx_word' id='word_1_85' title='bbox 1040 1014 1318 1059; x_wconf 85' lang='lat' dir='ltr'>excommuni-</span> 
     </span>
     <span class='ocr_line' id='line_1_15' title="bbox 293 1073 1317 1133; baseline -0.002 -13"><span class='ocrx_word' id='word_1_86' title='bbox 293 1077 494 1127; x_wconf 82' lang='lat' dir='ltr'>cationis,</span> <span class='ocrx_word' id='word_1_87' title='bbox 510 1075 761 1133; x_wconf 70' lang='lat' dir='ltr'>suspensionis</span> <span class='ocrx_word' id='word_1_88' title='bbox 776 1103 790 1125; x_wconf 86' lang='lat'>‚</span> <span class='ocrx_word' id='word_1_89' title='bbox 814 1074 1094 1126; x_wconf 70' lang='lat' dir='ltr'>&amp;interdie&#39;ti,</span> <span class='ocrx_word' id='word_1_90' title='bbox 1116 1073 1317 1131; x_wconf 63' lang='lat' dir='ltr'>aliisque,</span> 
     </span>
     <span class='ocr_line' id='line_1_16' title="bbox 292 1131 1319 1188; baseline -0.007 -8"><span class='ocrx_word' id='word_1_91' title='bbox 292 1134 580 1180; x_wconf 77' lang='lat' dir='ltr'>Ecclefiasticis</span> <span class='ocrx_word' id='word_1_92' title='bbox 608 1133 840 1185; x_wconf 79' lang='lat' dir='ltr'>sententiis,</span> <span class='ocrx_word' id='word_1_93' title='bbox 866 1131 1044 1176; x_wconf 85' lang='lat' dir='ltr'>censuris</span> <span class='ocrx_word' id='word_1_94' title='bbox 1066 1162 1083 1185; x_wconf 90' lang='lat'>,</span> <span class='ocrx_word' id='word_1_95' title='bbox 1120 1133 1158 1174; x_wconf 73' lang='lat'>8:</span> <span class='ocrx_word' id='word_1_96' title='bbox 1188 1132 1319 1188; x_wconf 80' lang='lat' dir='ltr'>poenis</span> 
     </span>
     <span class='ocr_line' id='line_1_17' title="bbox 295 1189 1317 1250; baseline -0.007 -12"><span class='ocrx_word' id='word_1_97' title='bbox 295 1196 320 1238; x_wconf 66' lang='lat' dir='ltr'>i</span> <span class='ocrx_word' id='word_1_98' title='bbox 343 1193 459 1250; x_wconf 75' lang='lat' dir='ltr'>jure,</span> <span class='ocrx_word' id='word_1_99' title='bbox 491 1193 560 1238; x_wconf 91' lang='lat' dir='ltr'>vel</span> <span class='ocrx_word' id='word_1_100' title='bbox 582 1192 631 1236; x_wconf 88' lang='lat' dir='ltr'>ab</span> <span class='ocrx_word' id='word_1_101' title='bbox 647 1193 810 1234; x_wconf 88' lang='lat' dir='ltr'>homine</span> <span class='ocrx_word' id='word_1_102' title='bbox 832 1192 972 1247; x_wconf 85' lang='lat' dir='ltr'>quavis</span> <span class='ocrx_word' id='word_1_103' title='bbox 988 1194 1195 1235; x_wconf 71' lang='lat' dir='ltr'>occasione</span> <span class='ocrx_word' id='word_1_104' title='bbox 1211 1218 1226 1242; x_wconf 92' lang='lat'>,</span> <span class='ocrx_word' id='word_1_105' title='bbox 1252 1189 1317 1232; x_wconf 82' lang='lat' dir='ltr'>vel</span> 
     </span>
     <span class='ocr_line' id='line_1_18' title="bbox 294 1248 1315 1309; baseline -0.007 -12"><span class='ocrx_word' id='word_1_106' title='bbox 294 1253 409 1298; x_wconf 85' lang='lat' dir='ltr'>causa</span> <span class='ocrx_word' id='word_1_107' title='bbox 434 1251 552 1309; x_wconf 72' lang='lat' dir='ltr'>latis,</span> <span class='ocrx_word' id='word_1_108' title='bbox 584 1249 609 1293; x_wconf 83' lang='lat' dir='ltr'>fi</span> <span class='ocrx_word' id='word_1_109' title='bbox 634 1252 777 1307; x_wconf 88' lang='lat' dir='ltr'>quibus</span> <span class='ocrx_word' id='word_1_110' title='bbox 802 1249 1110 1307; x_wconf 83' lang='lat' dir='ltr'>quomodolibet</span> <span class='ocrx_word' id='word_1_111' title='bbox 1135 1248 1315 1292; x_wconf 87' lang='lat' dir='ltr'>innodati</span> 
     </span>
     <span class='ocr_line' id='line_1_19' title="bbox 293 1307 1314 1364; baseline -0.006 -8"><span class='ocrx_word' id='word_1_112' title='bbox 293 1310 466 1356; x_wconf 77' lang='lat' dir='ltr'>existunt</span> <span class='ocrx_word' id='word_1_113' title='bbox 488 1337 504 1362; x_wconf 65' lang='lat'>2</span> <span class='ocrx_word' id='word_1_114' title='bbox 541 1308 591 1353; x_wconf 87' lang='lat' dir='ltr'>ad</span> <span class='ocrx_word' id='word_1_115' title='bbox 623 1308 809 1352; x_wconf 61' lang='lat' dir='ltr'>effectum</span> <span class='ocrx_word' id='word_1_116' title='bbox 834 1307 1083 1364; x_wconf 85' lang='lat' dir='ltr'>praesentium</span> <span class='ocrx_word' id='word_1_117' title='bbox 1107 1307 1314 1351; x_wconf 79' lang='lat' dir='ltr'>dumtaxat</span> 
     </span>
     <span class='ocr_line' id='line_1_20' title="bbox 292 1366 1317 1426; baseline -0.003 -12"><span class='ocrx_word' id='word_1_118' title='bbox 292 1368 777 1426; x_wconf 76' lang='lat' dir='ltr'>consequendum‚haruni</span> <span class='ocrx_word' id='word_1_119' title='bbox 792 1366 891 1411; x_wconf 68' lang='lat' dir='ltr'>strie</span> <span class='ocrx_word' id='word_1_120' title='bbox 903 1367 1150 1411; x_wconf 73' lang='lat' dir='ltr'>absolventes</span> <span class='ocrx_word' id='word_1_121' title='bbox 1160 1394 1175 1418; x_wconf 89' lang='lat'>,</span> <span class='ocrx_word' id='word_1_122' title='bbox 1199 1367 1239 1408; x_wconf 76' lang='grc' dir='ltr'>δι</span> <span class='ocrx_word' id='word_1_123' title='bbox 1253 1367 1317 1411; x_wconf 86' lang='lat' dir='ltr'>ab.</span> 
     </span>
     <span class='ocr_line' id='line_1_21' title="bbox 292 1424 1316 1482; baseline -0.005 -10"><span class='ocrx_word' id='word_1_124' title='bbox 292 1427 447 1473; x_wconf 69' lang='lat' dir='ltr'>solutos</span> <span class='ocrx_word' id='word_1_125' title='bbox 473 1425 564 1471; x_wconf 86' lang='lat' dir='ltr'>fore</span> <span class='ocrx_word' id='word_1_126' title='bbox 590 1425 831 1478; x_wconf 77' lang='lat' dir='ltr'>censentes,</span> <span class='ocrx_word' id='word_1_127' title='bbox 867 1424 1091 1482; x_wconf 85' lang='lat' dir='ltr'>hujusmodi</span> <span class='ocrx_word' id='word_1_128' title='bbox 1120 1425 1316 1482; x_wconf 85' lang='lat' dir='ltr'>supplica-</span> 
     </span>
     <span class='ocr_line' id='line_1_22' title="bbox 294 1485 1318 1542; baseline -0.004 -11"><span class='ocrx_word' id='word_1_129' title='bbox 294 1486 479 1531; x_wconf 86' lang='lat' dir='ltr'>tionibus</span> <span class='ocrx_word' id='word_1_130' title='bbox 492 1485 701 1538; x_wconf 85' lang='lat' dir='ltr'>inclinati,</span> <span class='ocrx_word' id='word_1_131' title='bbox 726 1485 985 1529; x_wconf 68' lang='lat' dir='ltr'>fraternitati</span> <span class='ocrx_word' id='word_1_132' title='bbox 1002 1487 1096 1529; x_wconf 79' lang='lat' dir='ltr'>Tuae</span> <span class='ocrx_word' id='word_1_133' title='bbox 1122 1499 1195 1542; x_wconf 84' lang='lat' dir='ltr'>per</span> <span class='ocrx_word' id='word_1_134' title='bbox 1211 1488 1318 1540; x_wconf 84' lang='lat' dir='ltr'>Apo·</span> 
     </span>
     <span class='ocr_line' id='line_1_23' title="bbox 293 1542 1316 1600; baseline -0.001 -12"><span class='ocrx_word' id='word_1_135' title='bbox 293 1545 431 1589; x_wconf 72' lang='lat' dir='ltr'>{lolica</span> <span class='ocrx_word' id='word_1_136' title='bbox 446 1543 590 1599; x_wconf 89' lang='lat' dir='ltr'>scripta</span> <span class='ocrx_word' id='word_1_137' title='bbox 604 1543 863 1596; x_wconf 81' lang='lat' dir='ltr'>mandamus,</span> <span class='ocrx_word' id='word_1_138' title='bbox 884 1553 1085 1600; x_wconf 81' lang='lat' dir='ltr'>quatenus</span> <span class='ocrx_word' id='word_1_139' title='bbox 1098 1542 1316 1588; x_wconf 67' lang='lat' dir='ltr'>Ecclesiam</span> 
     </span>
     <span class='ocr_line' id='line_1_24' title="bbox 294 1602 1319 1659; baseline -0.001 -13"><span class='ocrx_word' id='word_1_140' title='bbox 294 1603 408 1647; x_wconf 63' lang='lat' dir='ltr'>dinae</span> <span class='ocrx_word' id='word_1_141' title='bbox 426 1602 693 1658; x_wconf 75' lang='lat' dir='ltr'>Praepofiturae</span> <span class='ocrx_word' id='word_1_142' title='bbox 715 1602 927 1659; x_wconf 78' lang='lat' dir='ltr'>S-Joannis</span> <span class='ocrx_word' id='word_1_143' title='bbox 945 1602 1121 1659; x_wconf 70' lang='lat' dir='ltr'>Baptista</span> <span class='ocrx_word' id='word_1_144' title='bbox 1134 1602 1212 1645; x_wconf 66' lang='lat' dir='ltr'>una</span> <span class='ocrx_word' id='word_1_145' title='bbox 1228 1615 1319 1646; x_wconf 87' lang='lat' dir='ltr'>cum</span> 
     </span>
     <span class='ocr_line' id='line_1_25' title="bbox 292 1659 1320 1717; baseline -0.004 -11"><span class='ocrx_word' id='word_1_146' title='bbox 292 1665 435 1706; x_wconf 82' lang='lat' dir='ltr'>Domo</span> <span class='ocrx_word' id='word_1_147' title='bbox 458 1660 567 1703; x_wconf 83' lang='lat' dir='ltr'>illius</span> <span class='ocrx_word' id='word_1_148' title='bbox 592 1687 608 1709; x_wconf 78' lang='lat'>‚</span> <span class='ocrx_word' id='word_1_149' title='bbox 640 1662 681 1703; x_wconf 87' lang='lat'>&amp;</span> <span class='ocrx_word' id='word_1_150' title='bbox 704 1662 1004 1704; x_wconf 88' lang='lat' dir='ltr'>continentibus</span> <span class='ocrx_word' id='word_1_151' title='bbox 1029 1659 1209 1705; x_wconf 80' lang='lat' dir='ltr'>aedificiis</span> <span class='ocrx_word' id='word_1_152' title='bbox 1229 1661 1320 1717; x_wconf 86' lang='lat' dir='ltr'>qui.-</span> 
     </span>
     <span class='ocr_line' id='line_1_26' title="bbox 295 1719 1323 1776; baseline -0.002 -15"><span class='ocrx_word' id='word_1_153' title='bbox 295 1719 552 1776; x_wconf 85' lang='lat' dir='ltr'>buscunque,</span> <span class='ocrx_word' id='word_1_154' title='bbox 582 1732 629 1761; x_wconf 90' lang='lat' dir='ltr'>ac</span> <span class='ocrx_word' id='word_1_155' title='bbox 654 1719 882 1769; x_wconf 83' lang='lat' dir='ltr'>viridariis,</span> <span class='ocrx_word' id='word_1_156' title='bbox 915 1720 1071 1772; x_wconf 83' lang='lat' dir='ltr'>hortis,</span> <span class='ocrx_word' id='word_1_157' title='bbox 1100 1723 1140 1765; x_wconf 88' lang='lat'>&amp;</span> <span class='ocrx_word' id='word_1_158' title='bbox 1167 1719 1323 1771; x_wconf 77' lang='lat' dir='ltr'>terris,</span> 
     </span>
     <span class='ocr_line' id='line_1_27' title="bbox 295 1775 1321 1834; baseline -0.002 -12"><span class='ocrx_word' id='word_1_159' title='bbox 295 1778 529 1833; x_wconf 83' lang='lat' dir='ltr'>caeterisque</span> <span class='ocrx_word' id='word_1_160' title='bbox 543 1776 722 1834; x_wconf 87' lang='lat' dir='ltr'>juribus,</span> <span class='ocrx_word' id='word_1_161' title='bbox 750 1778 791 1819; x_wconf 72' lang='grc' dir='ltr'>δι</span> <span class='ocrx_word' id='word_1_162' title='bbox 817 1778 1055 1830; x_wconf 65' lang='lat' dir='ltr'>actionibus,</span> <span class='ocrx_word' id='word_1_163' title='bbox 1070 1778 1108 1820; x_wconf 86' lang='lat' dir='ltr'>in</span> <span class='ocrx_word' id='word_1_164' title='bbox 1122 1775 1211 1820; x_wconf 89' lang='lat' dir='ltr'>aliis</span> <span class='ocrx_word' id='word_1_165' title='bbox 1235 1788 1321 1820; x_wconf 81' lang='lat' dir='ltr'>ter-</span> 
     </span>
     <span class='ocr_line' id='line_1_28' title="bbox 295 1834 1320 1888; baseline -0.003 -7"><span class='ocrx_word' id='word_1_166' title='bbox 295 1838 355 1881; x_wconf 83' lang='lat' dir='ltr'>ris</span> <span class='ocrx_word' id='word_1_167' title='bbox 377 1837 526 1880; x_wconf 88' lang='lat' dir='ltr'>Domui</span> <span class='ocrx_word' id='word_1_168' title='bbox 547 1864 561 1887; x_wconf 94' lang='lat'>,</span> <span class='ocrx_word' id='word_1_169' title='bbox 582 1835 649 1879; x_wconf 82' lang='lat' dir='ltr'>vel</span> <span class='ocrx_word' id='word_1_170' title='bbox 673 1835 886 1888; x_wconf 78' lang='lat' dir='ltr'>Ecclesioe,</span> <span class='ocrx_word' id='word_1_171' title='bbox 917 1835 992 1880; x_wconf 74' lang='lat' dir='ltr'>seu.</span> <span class='ocrx_word' id='word_1_172' title='bbox 1010 1834 1191 1880; x_wconf 64' lang='lat' dir='ltr'>adificiis,</span> <span class='ocrx_word' id='word_1_173' title='bbox 1206 1836 1320 1881; x_wconf 67' lang='lat' dir='ltr'>dietis</span> 
     </span>
     <span class='ocr_line' id='line_1_29' title="bbox 295 1894 1321 1952; baseline -0.004 -12"><span class='ocrx_word' id='word_1_174' title='bbox 295 1895 495 1951; x_wconf 84' lang='lat' dir='ltr'>contiguis</span> <span class='ocrx_word' id='word_1_175' title='bbox 510 1923 525 1947; x_wconf 94' lang='lat'>,</span> <span class='ocrx_word' id='word_1_176' title='bbox 545 1895 584 1936; x_wconf 84' lang='lat'>&amp;</span> <span class='ocrx_word' id='word_1_177' title='bbox 613 1895 804 1938; x_wconf 86' lang='lat' dir='ltr'>connexis</span> <span class='ocrx_word' id='word_1_178' title='bbox 831 1895 879 1938; x_wconf 83' lang='lat' dir='ltr'>ad</span> <span class='ocrx_word' id='word_1_179' title='bbox 903 1894 974 1938; x_wconf 87' lang='lat' dir='ltr'>illa</span> <span class='ocrx_word' id='word_1_180' title='bbox 987 1894 1321 1952; x_wconf 84' lang='lat' dir='ltr'>quomodolibet,</span> 
     </span>
     <span class='ocr_line' id='line_1_30' title="bbox 293 1952 1323 2011; baseline 0 -14"><span class='ocrx_word' id='word_1_181' title='bbox 293 1957 587 2011; x_wconf 85' lang='lat' dir='ltr'>&amp;quacunque</span> <span class='ocrx_word' id='word_1_182' title='bbox 602 1952 718 1998; x_wconf 73' lang='lat' dir='ltr'>causa</span> <span class='ocrx_word' id='word_1_183' title='bbox 729 1952 1024 2010; x_wconf 64' lang='lat' dir='ltr'>spectantibus,</span> <span class='ocrx_word' id='word_1_184' title='bbox 1053 1955 1091 1997; x_wconf 76' lang='grc' dir='ltr'>δε</span> <span class='ocrx_word' id='word_1_185' title='bbox 1113 1954 1323 2009; x_wconf 72' lang='lat' dir='ltr'>pertinen»</span> 
     </span>
     <span class='ocr_line' id='line_1_31' title="bbox 293 2011 1320 2069; baseline -0.001 -13"><span class='ocrx_word' id='word_1_186' title='bbox 293 2014 401 2056; x_wconf 84' lang='lat' dir='ltr'>tibus</span> <span class='ocrx_word' id='word_1_187' title='bbox 426 2042 444 2063; x_wconf 88' lang='lat'>‚</span> <span class='ocrx_word' id='word_1_188' title='bbox 476 2025 633 2055; x_wconf 84' lang='lat' dir='ltr'>necnon</span> <span class='ocrx_word' id='word_1_189' title='bbox 664 2012 918 2069; x_wconf 80' lang='lat' dir='ltr'>pertinentiis</span> <span class='ocrx_word' id='word_1_190' title='bbox 942 2011 1018 2054; x_wconf 88' lang='lat' dir='ltr'>suis</span> <span class='ocrx_word' id='word_1_191' title='bbox 1034 2012 1224 2056; x_wconf 80' lang='lat' dir='ltr'>universis</span> <span class='ocrx_word' id='word_1_192' title='bbox 1241 2012 1320 2063; x_wconf 89' lang='lat' dir='ltr'>,ab</span> 
     </span>
     <span class='ocr_line' id='line_1_32' title="bbox 294 2069 1322 2128; baseline -0.002 -14"><span class='ocrx_word' id='word_1_193' title='bbox 294 2071 378 2128; x_wconf 79' lang='lat' dir='ltr'>ipsa</span> <span class='ocrx_word' id='word_1_194' title='bbox 392 2069 646 2127; x_wconf 79' lang='lat' dir='ltr'>Prepofitura</span> <span class='ocrx_word' id='word_1_195' title='bbox 676 2073 717 2114; x_wconf 80' lang='lat' dir='ltr'>S.</span> <span class='ocrx_word' id='word_1_196' title='bbox 729 2069 1086 2127; x_wconf 83' lang='lat' dir='ltr'>Ursulae,.ejusdem</span> <span class='ocrx_word' id='word_1_197' title='bbox 1099 2071 1322 2116; x_wconf 82' lang='lat' dir='ltr'>Alexandri</span> 
     </span>
     <span class='ocr_line' id='line_1_33' title="bbox 296 2126 1320 2184; baseline -0.003 -9"><span class='ocrx_word' id='word_1_198' title='bbox 296 2129 354 2175; x_wconf 39' lang='lat' dir='ltr'>ad‘</span> <span class='ocrx_word' id='word_1_199' title='bbox 388 2129 428 2171; x_wconf 92' lang='lat' dir='ltr'>id</span> <span class='ocrx_word' id='word_1_200' title='bbox 454 2126 635 2184; x_wconf 72' lang='lat' dir='ltr'>expresso</span> <span class='ocrx_word' id='word_1_201' title='bbox 666 2129 890 2173; x_wconf 64' lang='lat' dir='ltr'>secedente</span> <span class='ocrx_word' id='word_1_202' title='bbox 915 2127 1106 2173; x_wconf 89' lang='lat' dir='ltr'>consensu</span> <span class='ocrx_word' id='word_1_203' title='bbox 1131 2129 1320 2172; x_wconf 81' lang='lat' dir='ltr'>dismem-</span> 
     </span>
     <span class='ocr_line' id='line_1_34' title="bbox 291 2187 1322 2243; baseline -0.001 -11"><span class='ocrx_word' id='word_1_204' title='bbox 291 2188 415 2232; x_wconf 78' lang='lat' dir='ltr'>brare</span> <span class='ocrx_word' id='word_1_205' title='bbox 429 2215 450 2240; x_wconf 85' lang='lat'>,</span> <span class='ocrx_word' id='word_1_206' title='bbox 470 2187 655 2230; x_wconf 81' lang='lat' dir='ltr'>dividere</span> <span class='ocrx_word' id='word_1_207' title='bbox 668 2215 685 2238; x_wconf 89' lang='lat'>,</span> <span class='ocrx_word' id='word_1_208' title='bbox 712 2189 754 2228; x_wconf 70' lang='grc' dir='ltr'>ἃ.</span> <span class='ocrx_word' id='word_1_209' title='bbox 777 2189 989 2243; x_wconf 74' lang='lat' dir='ltr'>separare,</span> <span class='ocrx_word' id='word_1_210' title='bbox 1020 2202 1066 2231; x_wconf 86' lang='lat' dir='ltr'>ac</span> <span class='ocrx_word' id='word_1_211' title='bbox 1085 2188 1126 2232; x_wconf 91' lang='lat' dir='ltr'>in</span> <span class='ocrx_word' id='word_1_212' title='bbox 1140 2188 1322 2231; x_wconf 58' lang='lat' dir='ltr'>eadem.»</span> 
     </span>
     <span class='ocr_line' id='line_1_35' title="bbox 295 2244 1321 2296; baseline -0.001 -5"><span class='ocrx_word' id='word_1_213' title='bbox 295 2246 479 2291; x_wconf 83' lang='lat' dir='ltr'>Ecclefia</span> <span class='ocrx_word' id='word_1_214' title='bbox 492 2259 637 2288; x_wconf 85' lang='lat' dir='ltr'>nomen</span> <span class='ocrx_word' id='word_1_215' title='bbox 651 2272 667 2296; x_wconf 88' lang='lat'>,</span> <span class='ocrx_word' id='word_1_216' title='bbox 682 2244 847 2287; x_wconf 85' lang='lat' dir='ltr'>titulum</span> <span class='ocrx_word' id='word_1_217' title='bbox 862 2273 876 2296; x_wconf 87' lang='lat'>‚</span> <span class='ocrx_word' id='word_1_218' title='bbox 894 2244 1321 2290; x_wconf 75' lang='lat' dir='ltr'>&amp;denominationem</span> 
     </span>
     <span class='ocr_line' id='line_1_36' title="bbox 297 2302 1321 2360; baseline 0 -12"><span class='ocrx_word' id='word_1_219' title='bbox 297 2302 564 2360; x_wconf 76' lang='lat' dir='ltr'>Praepositurae</span> <span class='ocrx_word' id='word_1_220' title='bbox 595 2303 809 2358; x_wconf 66' lang='lat' dir='ltr'>&amp;joannis</span> <span class='ocrx_word' id='word_1_221' title='bbox 836 2302 1016 2357; x_wconf 79' lang='lat' dir='ltr'>Baptissae</span> <span class='ocrx_word' id='word_1_222' title='bbox 1043 2306 1285 2360; x_wconf 84' lang='lat' dir='ltr'>extinguere</span> <span class='ocrx_word' id='word_1_223' title='bbox 1305 2331 1321 2355; x_wconf 75' lang='lat'>‚</span> 
     </span>
     <span class='ocr_line' id='line_1_37' title="bbox 300 2360 1323 2415; baseline 0.002 -10"><span class='ocrx_word' id='word_1_224' title='bbox 300 2365 342 2405; x_wconf 77' lang='grc' dir='ltr'>δι</span> <span class='ocrx_word' id='word_1_225' title='bbox 370 2360 534 2405; x_wconf 84' lang='lat' dir='ltr'>abolere</span> <span class='ocrx_word' id='word_1_226' title='bbox 560 2388 575 2412; x_wconf 91' lang='lat'>,</span> <span class='ocrx_word' id='word_1_227' title='bbox 610 2373 656 2402; x_wconf 90' lang='lat' dir='ltr'>ac</span> <span class='ocrx_word' id='word_1_228' title='bbox 684 2361 791 2415; x_wconf 89' lang='lat' dir='ltr'>apud</span> <span class='ocrx_word' id='word_1_229' title='bbox 826 2360 1002 2404; x_wconf 84' lang='lat' dir='ltr'>eandem</span> <span class='ocrx_word' id='word_1_230' title='bbox 1023 2363 1244 2407; x_wconf 80' lang='lat' dir='ltr'>Ecclefiam</span> <span class='ocrx_word' id='word_1_231' title='bbox 1271 2363 1323 2407; x_wconf 81' lang='lat' dir='ltr'>fic</span> 
     </span>
     <span class='ocr_line' id='line_1_38' title="bbox 300 2416 1329 2475; baseline -0.001 -10"><span class='ocrx_word' id='word_1_232' title='bbox 300 2416 628 2465; x_wconf 87' lang='lat' dir='ltr'>dismembratam</span> <span class='ocrx_word' id='word_1_233' title='bbox 647 2445 663 2469; x_wconf 89' lang='lat'>,</span> <span class='ocrx_word' id='word_1_234' title='bbox 692 2419 733 2460; x_wconf 77' lang='grc' dir='ltr'>δι</span> <span class='ocrx_word' id='word_1_235' title='bbox 759 2418 978 2475; x_wconf 70' lang='lat' dir='ltr'>separatam</span> <span class='ocrx_word' id='word_1_236' title='bbox 993 2449 1009 2471; x_wconf 91' lang='lat'>,</span> <span class='ocrx_word' id='word_1_237' title='bbox 1033 2421 1329 2464; x_wconf 72' lang='lat' dir='ltr'>Domumdicii</span> 
     </span>
     <span class='ocr_line' id='line_1_39' title="bbox 299 2477 1329 2534; baseline 0.001 -13"><span class='ocrx_word' id='word_1_238' title='bbox 299 2478 469 2521; x_wconf 81' lang='lat' dir='ltr'>Ordinis</span> <span class='ocrx_word' id='word_1_239' title='bbox 483 2479 670 2521; x_wconf 82' lang='lat' dir='ltr'>Fratrum</span> <span class='ocrx_word' id='word_1_240' title='bbox 685 2477 986 2533; x_wconf 87' lang='lat' dir='ltr'>Capucinorum</span> <span class='ocrx_word' id='word_1_241' title='bbox 1005 2492 1081 2534; x_wconf 90' lang='lat' dir='ltr'>pro</span> <span class='ocrx_word' id='word_1_242' title='bbox 1101 2493 1182 2522; x_wconf 90' lang='lat' dir='ltr'>uno</span> <span class='ocrx_word' id='word_1_243' title='bbox 1195 2481 1329 2522; x_wconf 84' lang='lat' dir='ltr'>Guar-</span> 
     </span>
     <span class='ocr_line' id='line_1_40' title="bbox 298 2534 1330 2593; baseline 0.001 -14"><span class='ocrx_word' id='word_1_244' title='bbox 298 2537 447 2585; x_wconf 82' lang='lat' dir='ltr'>diano,</span> <span class='ocrx_word' id='word_1_245' title='bbox 476 2537 517 2578; x_wconf 86' lang='lat'>&amp;</span> <span class='ocrx_word' id='word_1_246' title='bbox 532 2534 738 2578; x_wconf 84' lang='lat' dir='ltr'>nonnullis</span> <span class='ocrx_word' id='word_1_247' title='bbox 754 2536 962 2579; x_wconf 82' lang='lat' dir='ltr'>Fratribus</span> <span class='ocrx_word' id='word_1_248' title='bbox 977 2538 1192 2593; x_wconf 85' lang='lat' dir='ltr'>Capucinis</span> <span class='ocrx_word' id='word_1_249' title='bbox 1205 2565 1221 2590; x_wconf 90' lang='lat'>,</span> <span class='ocrx_word' id='word_1_250' title='bbox 1235 2552 1330 2580; x_wconf 89' lang='lat' dir='ltr'>cum</span> 
     </span>
     <span class='ocr_line' id='line_1_41' title="bbox 297 2591 1332 2652; baseline 0 -14"><span class='ocrx_word' id='word_1_251' title='bbox 297 2596 482 2639; x_wconf 84' lang='lat' dir='ltr'>omnibns</span> <span class='ocrx_word' id='word_1_252' title='bbox 492 2593 736 2650; x_wconf 83' lang='lat' dir='ltr'>privilegiis,</span> <span class='ocrx_word' id='word_1_253' title='bbox 750 2591 1007 2637; x_wconf 83' lang='lat' dir='ltr'>facultatibus</span> <span class='ocrx_word' id='word_1_254' title='bbox 1019 2623 1036 2645; x_wconf 93' lang='lat'>,</span> <span class='ocrx_word' id='word_1_255' title='bbox 1062 2596 1332 2652; x_wconf 80' lang='lat' dir='ltr'>exemptioni-</span> 
     </span>
     <span class='ocr_line' id='line_1_42' title="bbox 295 2651 1333 2710; baseline -0.002 -13"><span class='ocrx_word' id='word_1_256' title='bbox 295 2654 403 2705; x_wconf 86' lang='lat' dir='ltr'>bus,</span> <span class='ocrx_word' id='word_1_257' title='bbox 427 2651 777 2700; x_wconf 80' lang='lat' dir='ltr'>immunitatibus,</span> <span class='ocrx_word' id='word_1_258' title='bbox 807 2654 847 2695; x_wconf 77' lang='grc' dir='ltr'>δι</span> <span class='ocrx_word' id='word_1_259' title='bbox 869 2651 1123 2696; x_wconf 77' lang='lat' dir='ltr'>libertatibus</span> <span class='ocrx_word' id='word_1_260' title='bbox 1147 2681 1164 2704; x_wconf 88' lang='lat'>,</span> <span class='ocrx_word' id='word_1_261' title='bbox 1188 2654 1333 2710; x_wconf 88' lang='lat' dir='ltr'>quibus</span> 
     </span>
     <span class='ocr_line' id='line_1_43' title="bbox 301 2711 1335 2767; baseline -0.001 -13"><span class='ocrx_word' id='word_1_262' title='bbox 301 2712 390 2754; x_wconf 85' lang='lat' dir='ltr'>aliae</span> <span class='ocrx_word' id='word_1_263' title='bbox 415 2714 569 2755; x_wconf 90' lang='lat' dir='ltr'>Domus</span> <span class='ocrx_word' id='word_1_264' title='bbox 593 2712 778 2753; x_wconf 76' lang='lat' dir='ltr'>Fratrum</span> <span class='ocrx_word' id='word_1_265' title='bbox 803 2711 1106 2766; x_wconf 86' lang='lat' dir='ltr'>Capucinorum</span> <span class='ocrx_word' id='word_1_266' title='bbox 1131 2711 1335 2767; x_wconf 83' lang='lat' dir='ltr'>hujusmo-</span> 
     </span>
     <span class='ocr_line' id='line_1_44' title="bbox 299 2768 1334 2824; baseline -0.002 -12"><span class='ocrx_word' id='word_1_267' title='bbox 299 2769 342 2812; x_wconf 87' lang='lat' dir='ltr'>di</span> <span class='ocrx_word' id='word_1_268' title='bbox 358 2779 525 2813; x_wconf 90' lang='lat' dir='ltr'>utuntur</span> <span class='ocrx_word' id='word_1_269' title='bbox 539 2796 555 2820; x_wconf 88' lang='lat'><strong>‚</strong></span> <span class='ocrx_word' id='word_1_270' title='bbox 627 2769 786 2813; x_wconf 83' lang='lat' dir='ltr'>tiuntur</span> <span class='ocrx_word' id='word_1_271' title='bbox 798 2798 814 2820; x_wconf 86' lang='lat'>,</span> <span class='ocrx_word' id='word_1_272' title='bbox 831 2770 870 2810; x_wconf 75' lang='grc' dir='ltr'>δι</span> <span class='ocrx_word' id='word_1_273' title='bbox 887 2768 1065 2824; x_wconf 82' lang='lat' dir='ltr'>gaudent</span> <span class='ocrx_word' id='word_1_274' title='bbox 1079 2798 1095 2820; x_wconf 94' lang='lat'>,</span> <span class='ocrx_word' id='word_1_275' title='bbox 1115 2769 1334 2824; x_wconf 75' lang='lat' dir='ltr'>perpetuo,</span> 
     </span>
     <span class='ocr_line' id='line_1_45' title="bbox 299 2782 1335 2883; baseline -0.002 -14"><span class='ocrx_word' id='word_1_276' title='bbox 299 2826 386 2870; x_wconf 86' lang='lat' dir='ltr'>fine</span> <span class='ocrx_word' id='word_1_277' title='bbox 400 2838 536 2871; x_wconf 83' lang='lat' dir='ltr'>tamen</span> <span class='ocrx_word' id='word_1_278' title='bbox 550 2782 716 2881; x_wconf 56' lang='lat' dir='ltr'>affinius</span> <span class='ocrx_word' id='word_1_279' title='bbox 732 2826 964 2883; x_wconf 76' lang='lat' dir='ltr'>praejudicio</span> <span class='ocrx_word' id='word_1_280' title='bbox 980 2854 995 2877; x_wconf 83' lang='lat'>,</span> <span class='ocrx_word' id='word_1_281' title='bbox 1013 2825 1067 2868; x_wconf 88' lang='lat' dir='ltr'>de</span> <span class='ocrx_word' id='word_1_282' title='bbox 1091 2826 1258 2869; x_wconf 87' lang='lat' dir='ltr'>licentia</span> <span class='ocrx_word' id='word_1_283' title='bbox 1270 2825 1335 2867; x_wconf 76' lang='lat' dir='ltr'>di-</span> 
     </span>
     <span class='ocr_line' id='line_1_46' title="bbox 299 2882 1335 2939; baseline -0.004 -12"><span class='ocrx_word' id='word_1_284' title='bbox 299 2884 400 2927; x_wconf 70' lang='lat' dir='ltr'>leni·</span> <span class='ocrx_word' id='word_1_285' title='bbox 426 2885 517 2927; x_wconf 83' lang='lat' dir='ltr'>Filii</span> <span class='ocrx_word' id='word_1_286' title='bbox 542 2883 725 2926; x_wconf 89' lang='lat' dir='ltr'>moderni</span> <span class='ocrx_word' id='word_1_287' title='bbox 762 2883 974 2927; x_wconf 86' lang='lat' dir='ltr'>Generalis</span> <span class='ocrx_word' id='word_1_288' title='bbox 1002 2883 1180 2939; x_wconf 88' lang='lat' dir='ltr'>ejusdem</span> <span class='ocrx_word' id='word_1_289' title='bbox 1209 2882 1335 2927; x_wconf 85' lang='lat' dir='ltr'>Ordi-</span> 
     </span>
     <span class='ocr_line' id='line_1_47' title="bbox 298 2942 1334 2995; baseline -0.002 -10"><span class='ocrx_word' id='word_1_290' title='bbox 298 2944 391 2995; x_wconf 85' lang='lat' dir='ltr'>nis,</span> <span class='ocrx_word' id='word_1_291' title='bbox 419 2942 459 2983; x_wconf 82' lang='lat'>&amp;</span> <span class='ocrx_word' id='word_1_292' title='bbox 482 2944 666 2985; x_wconf 75' lang='lat' dir='ltr'>Fratrum</span> <span class='ocrx_word' id='word_1_293' title='bbox 679 2942 982 2995; x_wconf 88' lang='lat' dir='ltr'>Capucinorum</span> <span class='ocrx_word' id='word_1_294' title='bbox 1002 2942 1061 2985; x_wconf 88' lang='lat' dir='ltr'>eri</span> <span class='ocrx_word' id='word_1_295' title='bbox 1093 2956 1189 2994; x_wconf 86' lang='lat' dir='ltr'>ere,</span> <span class='ocrx_word' id='word_1_296' title='bbox 1218 2942 1334 2983; x_wconf 86' lang='lat' dir='ltr'>&amp;in-</span> 
     </span>
     <span class='ocr_line' id='line_1_48' title="bbox 294 2998 1334 3050; baseline -0.002 -7"><span class='ocrx_word' id='word_1_297' title='bbox 294 3001 490 3047; x_wconf 76' lang='lat' dir='ltr'>stituere‚</span> <span class='ocrx_word' id='word_1_298' title='bbox 526 3013 574 3041; x_wconf 89' lang='lat' dir='ltr'>ac</span> <span class='ocrx_word' id='word_1_299' title='bbox 596 2999 636 3039; x_wconf 91' lang='lat' dir='ltr'>in</span> <span class='ocrx_word' id='word_1_300' title='bbox 666 2998 726 3041; x_wconf 86' lang='lat' dir='ltr'>eis</span> <span class='ocrx_word' id='word_1_301' title='bbox 751 2999 891 3042; x_wconf 85' lang='lat' dir='ltr'>statum</span> <span class='ocrx_word' id='word_1_302' title='bbox 908 3027 923 3050; x_wconf 96' lang='lat'>,</span> <span class='ocrx_word' id='word_1_303' title='bbox 951 3000 992 3040; x_wconf 78' lang='grc' dir='ltr'>δι</span> <span class='ocrx_word' id='word_1_304' title='bbox 1017 3012 1041 3041; x_wconf 90' lang='lat' dir='ltr'>e</span> <span class='ocrx_word' id='word_1_305' title='bbox 1072 3002 1223 3043; x_wconf 91' lang='lat' dir='ltr'>entiam</span> <span class='ocrx_word' id='word_1_306' title='bbox 1245 3002 1334 3042; x_wconf 89' lang='lat' dir='ltr'>Re·</span> 
     </span>
     <span class='ocr_line' id='line_1_49' title="bbox 298 3055 1331 3113; baseline -0.003 -12"><span class='ocrx_word' id='word_1_307' title='bbox 298 3059 461 3113; x_wconf 76' lang='lat' dir='ltr'>gulares</span> <span class='ocrx_word' id='word_1_308' title='bbox 490 3055 698 3100; x_wconf 62' lang='lat' dir='ltr'>diciorum</span> <span class='ocrx_word' id='word_1_309' title='bbox 721 3058 907 3099; x_wconf 85' lang='lat' dir='ltr'>Fratrum</span> <span class='ocrx_word' id='word_1_310' title='bbox 935 3057 1237 3111; x_wconf 87' lang='lat' dir='ltr'>Capucinorum</span> <span class='ocrx_word' id='word_1_311' title='bbox 1267 3058 1331 3099; x_wconf 85' lang='lat' dir='ltr'>in·</span> 
     </span>
     <span class='ocr_line' id='line_1_50' title="bbox 298 3113 1335 3170; baseline -0.001 -11"><span class='ocrx_word' id='word_1_312' title='bbox 298 3116 523 3160; x_wconf 85' lang='lat' dir='ltr'>troducere</span> <span class='ocrx_word' id='word_1_313' title='bbox 550 3143 565 3167; x_wconf 92' lang='lat'>,</span> <span class='ocrx_word' id='word_1_314' title='bbox 604 3114 658 3157; x_wconf 86' lang='lat' dir='ltr'>ita</span> <span class='ocrx_word' id='word_1_315' title='bbox 676 3114 786 3170; x_wconf 87' lang='lat' dir='ltr'>quod</span> <span class='ocrx_word' id='word_1_316' title='bbox 803 3113 927 3156; x_wconf 88' lang='lat' dir='ltr'>liceat</span> <span class='ocrx_word' id='word_1_317' title='bbox 950 3113 1098 3156; x_wconf 92' lang='lat' dir='ltr'>eisdem</span> <span class='ocrx_word' id='word_1_318' title='bbox 1126 3114 1335 3158; x_wconf 75' lang='lat' dir='ltr'>Fratribus</span> 
     </span>
     <span class='ocr_line' id='line_1_51' title="bbox 300 3171 1334 3234; baseline -0.004 -15"><span class='ocrx_word' id='word_1_319' title='bbox 300 3190 378 3234; x_wconf 88' lang='lat' dir='ltr'>per</span> <span class='ocrx_word' id='word_1_320' title='bbox 402 3175 470 3225; x_wconf 89' lang='lat' dir='ltr'>se,</span> <span class='ocrx_word' id='word_1_321' title='bbox 506 3173 569 3215; x_wconf 89' lang='lat' dir='ltr'>vel</span> <span class='ocrx_word' id='word_1_322' title='bbox 594 3172 744 3222; x_wconf 87' lang='lat' dir='ltr'>alium,</span> <span class='ocrx_word' id='word_1_323' title='bbox 774 3171 838 3214; x_wconf 92' lang='lat' dir='ltr'>seu</span> <span class='ocrx_word' id='word_1_324' title='bbox 864 3171 966 3214; x_wconf 80' lang='lat' dir='ltr'>alios</span> <span class='ocrx_word' id='word_1_325' title='bbox 983 3173 1240 3228; x_wconf 79' lang='lat' dir='ltr'>corporalem</span> <span class='ocrx_word' id='word_1_326' title='bbox 1257 3176 1334 3216; x_wconf 82' lang='lat' dir='ltr'>Ec·—</span> 
     </span>
     <span class='ocr_line' id='line_1_52' title="bbox 301 3230 1337 3287; baseline -0.005 -9"><span class='ocrx_word' id='word_1_327' title='bbox 301 3233 431 3277; x_wconf 87' lang='lat' dir='ltr'>clefiae</span> <span class='ocrx_word' id='word_1_328' title='bbox 461 3233 579 3287; x_wconf 79' lang='lat' dir='ltr'>S.}o:</span> <span class='ocrx_word' id='word_1_329' title='bbox 608 3230 815 3286; x_wconf 79' lang='lat' dir='ltr'>Baptiflae,</span> <span class='ocrx_word' id='word_1_330' title='bbox 840 3232 1022 3281; x_wconf 84' lang='lat' dir='ltr'>Domus,</span> <span class='ocrx_word' id='word_1_331' title='bbox 1048 3230 1337 3284; x_wconf 85' lang='lat' dir='ltr'>aedificiorum,</span> 
     </span>
     <span class='ocr_line' id='line_1_53' title="bbox 298 3289 1332 3340; baseline -0.004 -5"><span class='ocrx_word' id='word_1_332' title='bbox 298 3291 599 3340; x_wconf 72' lang='lat' dir='ltr'>viridariorum,</span> <span class='ocrx_word' id='word_1_333' title='bbox 614 3289 837 3339; x_wconf 88' lang='lat' dir='ltr'>hortorum,</span> <span class='ocrx_word' id='word_1_334' title='bbox 850 3290 1106 3338; x_wconf 81' lang='lat' dir='ltr'>terrarum,&amp;</span> <span class='ocrx_word' id='word_1_335' title='bbox 1118 3302 1273 3339; x_wconf 85' lang='lat' dir='ltr'>eorum,</span> <span class='ocrx_word' id='word_1_336' title='bbox 1290 3290 1332 3332; x_wconf 88' lang='lat' dir='ltr'>in</span> 
     </span>
     <span class='ocr_line' id='line_1_54' title="bbox 302 3345 1336 3407; baseline 0 -17"><span class='ocrx_word' id='word_1_337' title='bbox 302 3350 447 3407; x_wconf 81' lang='lat' dir='ltr'>quibus</span> <span class='ocrx_word' id='word_1_338' title='bbox 463 3377 477 3400; x_wconf 88' lang='lat'>,</span> <span class='ocrx_word' id='word_1_339' title='bbox 488 3349 529 3389; x_wconf 85' lang='lat'>&amp;</span> <span class='ocrx_word' id='word_1_340' title='bbox 540 3347 588 3390; x_wconf 87' lang='lat' dir='ltr'>ad</span> <span class='ocrx_word' id='word_1_341' title='bbox 603 3360 686 3402; x_wconf 86' lang='lat' dir='ltr'>quae</span> <span class='ocrx_word' id='word_1_342' title='bbox 699 3345 760 3402; x_wconf 86' lang='lat' dir='ltr'>jus</span> <span class='ocrx_word' id='word_1_343' title='bbox 774 3345 930 3389; x_wconf 84' lang='lat' dir='ltr'>ratione</span> <span class='ocrx_word' id='word_1_344' title='bbox 942 3345 1054 3388; x_wconf 70' lang='lat' dir='ltr'>dieu:</span> <span class='ocrx_word' id='word_1_345' title='bbox 1070 3347 1336 3404; x_wconf 74' lang='lat' dir='ltr'>Praepoliturae</span> 
     </span>
     <span class='ocr_line' id='line_1_55' title="bbox 304 3400 1341 3465; baseline -0.004 -13"><span class='ocrx_word' id='word_1_346' title='bbox 304 3410 422 3465; x_wconf 77' lang='lat' dir='ltr'>S.Jor</span> <span class='ocrx_word' id='word_1_347' title='bbox 439 3406 617 3462; x_wconf 82' lang='lat' dir='ltr'>Baptistae</span> <span class='ocrx_word' id='word_1_348' title='bbox 632 3400 1118 3461; x_wconf 80' lang='lat' dir='ltr'>competit,poss&#39;effionem</span> <span class='ocrx_word' id='word_1_349' title='bbox 1132 3434 1147 3457; x_wconf 91' lang='lat'>,</span> <span class='ocrx_word' id='word_1_350' title='bbox 1168 3407 1341 3462; x_wconf 68' lang='lat' dir='ltr'>propria</span> 
     </span>
     <span class='ocr_line' id='line_1_56' title="bbox 304 3462 1336 3519; baseline -0.004 -10"><span class='ocrx_word' id='word_1_351' title='bbox 304 3465 547 3510; x_wconf 66' lang='lat' dir='ltr'>auctoritate</span> <span class='ocrx_word' id='word_1_352' title='bbox 563 3463 691 3507; x_wconf 73' lang='lat' dir='ltr'>liberie</span> <span class='ocrx_word' id='word_1_353' title='bbox 721 3462 1026 3518; x_wconf 82' lang='lat' dir='ltr'>apprehendere</span> <span class='ocrx_word' id='word_1_354' title='bbox 1040 3489 1056 3514; x_wconf 87' lang='lat'>,</span> <span class='ocrx_word' id='word_1_355' title='bbox 1079 3465 1116 3505; x_wconf 72' lang='lat'>3:</span> <span class='ocrx_word' id='word_1_356' title='bbox 1134 3465 1336 3519; x_wconf 75' lang='lat' dir='ltr'>perpetuo</span> 
     </span>
     <span class='ocr_line' id='line_1_57' title="bbox 304 3519 1337 3577; baseline -0.003 -10"><span class='ocrx_word' id='word_1_357' title='bbox 304 3523 489 3567; x_wconf 86' lang='lat' dir='ltr'>retinere</span> <span class='ocrx_word' id='word_1_358' title='bbox 503 3551 518 3575; x_wconf 95' lang='lat'>,</span> <span class='ocrx_word' id='word_1_359' title='bbox 548 3521 769 3566; x_wconf 88' lang='lat' dir='ltr'>dummodo</span> <span class='ocrx_word' id='word_1_360' title='bbox 785 3519 954 3575; x_wconf 80' lang='lat' dir='ltr'>praesatis</span> <span class='ocrx_word' id='word_1_361' title='bbox 974 3521 1182 3564; x_wconf 81' lang='lat' dir='ltr'>Fratribus</span> <span class='ocrx_word' id='word_1_362' title='bbox 1197 3524 1337 3577; x_wconf 85' lang='lat' dir='ltr'>Capu-</span> 
     </span>
     <span class='ocr_line' id='line_1_58' title="bbox 305 3576 1331 3637; baseline -0.005 -12"><span class='ocrx_word' id='word_1_363' title='bbox 305 3580 409 3625; x_wconf 85' lang='lat' dir='ltr'>cinis</span> <span class='ocrx_word' id='word_1_364' title='bbox 447 3582 486 3623; x_wconf 91' lang='lat' dir='ltr'>in</span> <span class='ocrx_word' id='word_1_365' title='bbox 510 3581 601 3624; x_wconf 85' lang='lat' dir='ltr'>aliis</span> <span class='ocrx_word' id='word_1_366' title='bbox 626 3578 805 3637; x_wconf 81' lang='lat' dir='ltr'>ejusdem</span> <span class='ocrx_word' id='word_1_367' title='bbox 836 3576 1099 3633; x_wconf 75' lang='lat' dir='ltr'>Praepofiturae</span> <span class='ocrx_word' id='word_1_368' title='bbox 1129 3580 1244 3635; x_wconf 79' lang='lat' dir='ltr'>S.Jo:</span> <span class='ocrx_word' id='word_1_369' title='bbox 1261 3582 1331 3621; x_wconf 82' lang='lat' dir='ltr'>Ba.</span> 
     </span>
     <span class='ocr_line' id='line_1_59' title="bbox 307 3635 1335 3697; baseline 0 -17"><span class='ocrx_word' id='word_1_370' title='bbox 307 3638 434 3697; x_wconf 76' lang='lat' dir='ltr'>ptistae</span> <span class='ocrx_word' id='word_1_371' title='bbox 447 3638 565 3683; x_wconf 81' lang='lat' dir='ltr'>rebus</span> <span class='ocrx_word' id='word_1_372' title='bbox 580 3665 595 3688; x_wconf 85' lang='lat'>‚</span> <span class='ocrx_word' id='word_1_373' title='bbox 611 3639 726 3681; x_wconf 86' lang='lat' dir='ltr'>bonis</span> <span class='ocrx_word' id='word_1_374' title='bbox 741 3637 888 3694; x_wconf 86' lang='lat' dir='ltr'>juribus</span> <span class='ocrx_word' id='word_1_375' title='bbox 906 3666 920 3688; x_wconf 88' lang='lat'>,</span> <span class='ocrx_word' id='word_1_376' title='bbox 940 3635 1129 3679; x_wconf 68' lang='lat' dir='ltr'>fructibus</span> <span class='ocrx_word' id='word_1_377' title='bbox 1141 3665 1157 3687; x_wconf 92' lang='lat'>,</span> <span class='ocrx_word' id='word_1_378' title='bbox 1182 3637 1223 3677; x_wconf 72' lang='lat'>86</span> <span class='ocrx_word' id='word_1_379' title='bbox 1240 3651 1335 3692; x_wconf 89' lang='lat' dir='ltr'>pro-</span> 
     </span>
     <span class='ocr_line' id='line_1_60' title="bbox 305 3694 1339 3754; baseline -0.001 -14"><span class='ocrx_word' id='word_1_380' title='bbox 305 3697 496 3740; x_wconf 83' lang='lat' dir='ltr'>ventibus</span> <span class='ocrx_word' id='word_1_381' title='bbox 533 3695 832 3754; x_wconf 88' lang='lat' dir='ltr'>quibuscunque</span> <span class='ocrx_word' id='word_1_382' title='bbox 860 3696 1020 3750; x_wconf 87' lang='lat' dir='ltr'>aliquod</span> <span class='ocrx_word' id='word_1_383' title='bbox 1049 3694 1109 3750; x_wconf 86' lang='lat' dir='ltr'>jus</span> <span class='ocrx_word' id='word_1_384' title='bbox 1141 3722 1157 3745; x_wconf 87' lang='lat'>,</span> <span class='ocrx_word' id='word_1_385' title='bbox 1194 3705 1339 3749; x_wconf 69' lang='lat' dir='ltr'>prater</span> 
     </span>
     <span class='ocr_line' id='line_1_61' title="bbox 306 3750 1340 3814; baseline -0.002 -15"><span class='ocrx_word' id='word_1_386' title='bbox 306 3750 509 3814; x_wconf 76' lang='lat' dir='ltr'>praemiss&#39;a,</span> <span class='ocrx_word' id='word_1_387' title='bbox 524 3768 605 3797; x_wconf 88' lang='lat' dir='ltr'>non</span> <span class='ocrx_word' id='word_1_388' title='bbox 626 3755 854 3812; x_wconf 84' lang='lat' dir='ltr'>acquiratur</span> <span class='ocrx_word' id='word_1_389' title='bbox 869 3780 883 3803; x_wconf 90' lang='lat'>‚</span> <span class='ocrx_word' id='word_1_390' title='bbox 910 3755 1040 3797; x_wconf 88' lang='lat' dir='ltr'>necin</span> <span class='ocrx_word' id='word_1_391' title='bbox 1057 3753 1190 3808; x_wconf 87' lang='lat' dir='ltr'>aliquo</span> <span class='ocrx_word' id='word_1_392' title='bbox 1204 3753 1340 3814; x_wconf 68' lang='lat' dir='ltr'>eidem</span> 
     </span>
     <span class='ocr_line' id='line_1_62' title="bbox 436 3814 608 3856; baseline 0 0"><span class='ocrx_word' id='word_1_393' title='bbox 436 3814 538 3856; x_wconf 75' lang='lat' dir='ltr'>Tom-</span> <span class='ocrx_word' id='word_1_394' title='bbox 553 3816 608 3856; x_wconf 82' lang='lat'>11.</span> 
     </span>
    </p>
   </div>
   <div class='ocr_carea' id='block_1_3' title="bbox 1374 317 2415 1537">
    <p class='ocr_par' dir='ltr' id='par_1_3' title="bbox 1374 317 2415 1537">
     <span class='ocr_line' id='line_1_63' title="bbox 1381 317 2414 375; baseline 0.001 -14"><span class='ocrx_word' id='word_1_395' title='bbox 1381 317 1649 368; x_wconf 81' lang='lat' dir='ltr'>Alexandro,</span> <span class='ocrx_word' id='word_1_396' title='bbox 1677 319 1718 360; x_wconf 66' lang='grc' dir='ltr'><strong>ἃ</strong></span> <span class='ocrx_word' id='word_1_397' title='bbox 1737 330 1812 373; x_wconf 91' lang='lat' dir='ltr'>pro</span> <span class='ocrx_word' id='word_1_398' title='bbox 1839 322 2027 372; x_wconf 80' lang='lat' dir='ltr'>tempore</span> <span class='ocrx_word' id='word_1_399' title='bbox 2053 318 2235 360; x_wconf 85' lang='lat' dir='ltr'>existenti</span> <span class='ocrx_word' id='word_1_400' title='bbox 2255 318 2414 375; x_wconf 68' lang='lat' dir='ltr'>Praepo..</span> 
     </span>
     <span class='ocr_line' id='line_1_64' title="bbox 1382 374 2412 433; baseline 0.002 -15"><span class='ocrx_word' id='word_1_401' title='bbox 1382 375 1457 418; x_wconf 85' lang='lat' dir='ltr'>fito</span> <span class='ocrx_word' id='word_1_402' title='bbox 1485 375 1597 418; x_wconf 68' lang='lat' dir='ltr'>dicta:</span> <span class='ocrx_word' id='word_1_403' title='bbox 1626 374 1896 431; x_wconf 76' lang='lat' dir='ltr'>Praepofiturae</span> <span class='ocrx_word' id='word_1_404' title='bbox 1929 378 2046 430; x_wconf 77' lang='grc' dir='ltr'><strong>5.]οε</strong></span> <span class='ocrx_word' id='word_1_405' title='bbox 2064 377 2244 432; x_wconf 82' lang='lat' dir='ltr'>Baptissae</span> <span class='ocrx_word' id='word_1_406' title='bbox 2270 377 2412 433; x_wconf 83' lang='lat' dir='ltr'>praeju-</span> 
     </span>
     <span class='ocr_line' id='line_1_65' title="bbox 1382 430 2413 488; baseline 0.005 -13"><span class='ocrx_word' id='word_1_407' title='bbox 1382 433 1535 476; x_wconf 88' lang='lat' dir='ltr'>dicium</span> <span class='ocrx_word' id='word_1_408' title='bbox 1565 430 1788 485; x_wconf 84' lang='lat' dir='ltr'>inferatur,</span> <span class='ocrx_word' id='word_1_409' title='bbox 1820 432 1911 488; x_wconf 85' lang='lat' dir='ltr'>jure</span> <span class='ocrx_word' id='word_1_410' title='bbox 1923 442 2054 475; x_wconf 89' lang='lat' dir='ltr'>tamen</span> <span class='ocrx_word' id='word_1_411' title='bbox 2074 436 2318 479; x_wconf 86' lang='lat' dir='ltr'>Parocbialis</span> <span class='ocrx_word' id='word_1_412' title='bbox 2335 439 2413 479; x_wconf 82' lang='lat' dir='ltr'>Ec·</span> 
     </span>
     <span class='ocr_line' id='line_1_66' title="bbox 1385 490 2414 546; baseline 0.002 -12"><span class='ocrx_word' id='word_1_413' title='bbox 1385 492 1542 542; x_wconf 80' lang='lat' dir='ltr'>clesiae,</span> <span class='ocrx_word' id='word_1_414' title='bbox 1570 492 1611 532; x_wconf 87' lang='lat'>&amp;</span> <span class='ocrx_word' id='word_1_415' title='bbox 1632 490 1808 546; x_wconf 82' lang='lat' dir='ltr'>cujusvis</span> <span class='ocrx_word' id='word_1_416' title='bbox 1836 490 2005 534; x_wconf 87' lang='lat' dir='ltr'>alterius</span> <span class='ocrx_word' id='word_1_417' title='bbox 2038 492 2077 533; x_wconf 90' lang='lat' dir='ltr'>in</span> <span class='ocrx_word' id='word_1_418' title='bbox 2104 495 2283 536; x_wconf 88' lang='lat' dir='ltr'>omnibus</span> <span class='ocrx_word' id='word_1_419' title='bbox 2310 492 2414 537; x_wconf 85' lang='lat' dir='ltr'>sem-</span> 
     </span>
     <span class='ocr_line' id='line_1_67' title="bbox 1386 547 2412 605; baseline 0.005 -14"><span class='ocrx_word' id='word_1_420' title='bbox 1386 563 1458 605; x_wconf 92' lang='lat' dir='ltr'>per</span> <span class='ocrx_word' id='word_1_421' title='bbox 1482 549 1616 597; x_wconf 70' lang='lat' dir='ltr'>ialvm</span> <span class='ocrx_word' id='word_1_422' title='bbox 1648 552 1892 594; x_wconf 61' lang='lat' dir='ltr'>anaoritate</span> <span class='ocrx_word' id='word_1_423' title='bbox 1913 547 2042 591; x_wconf 77' lang='lat' dir='ltr'>nostra</span> <span class='ocrx_word' id='word_1_424' title='bbox 2069 563 2259 603; x_wconf 84' lang='lat' dir='ltr'>procures</span> <span class='ocrx_word' id='word_1_425' title='bbox 2275 581 2285 592; x_wconf 92' lang='lat'>.</span> <span class='ocrx_word' id='word_1_426' title='bbox 2318 557 2412 597; x_wconf 87' lang='lat' dir='ltr'>Non</span> 
     </span>
     <span class='ocr_line' id='line_1_68' title="bbox 1385 606 2412 662; baseline 0.005 -14"><span class='ocrx_word' id='word_1_427' title='bbox 1385 607 1635 649; x_wconf 81' lang='lat' dir='ltr'>obstantibus</span> <span class='ocrx_word' id='word_1_428' title='bbox 1651 608 1720 651; x_wconf 84' lang='lat' dir='ltr'>sel.</span> <span class='ocrx_word' id='word_1_429' title='bbox 1739 622 1821 651; x_wconf 89' lang='lat' dir='ltr'>rec.</span> <span class='ocrx_word' id='word_1_430' title='bbox 1840 606 2033 649; x_wconf 85' lang='lat' dir='ltr'>Bonifacii</span> <span class='ocrx_word' id='word_1_431' title='bbox 2050 609 2164 662; x_wconf 82' lang='lat' dir='ltr'>Papae</span> <span class='ocrx_word' id='word_1_432' title='bbox 2178 612 2292 651; x_wconf 85' lang='lat' dir='ltr'>Vlll.</span> <span class='ocrx_word' id='word_1_433' title='bbox 2308 612 2412 653; x_wconf 81' lang='lat' dir='ltr'>Prae·</span> 
     </span>
     <span class='ocr_line' id='line_1_69' title="bbox 1387 663 2415 722; baseline 0.004 -16"><span class='ocrx_word' id='word_1_434' title='bbox 1387 663 1604 707; x_wconf 73' lang='lat' dir='ltr'>decessoris</span> <span class='ocrx_word' id='word_1_435' title='bbox 1629 666 1778 718; x_wconf 88' lang='lat' dir='ltr'>nostri,</span> <span class='ocrx_word' id='word_1_436' title='bbox 1809 679 1884 722; x_wconf 88' lang='lat' dir='ltr'>qua</span> <span class='ocrx_word' id='word_1_437' title='bbox 1906 665 2011 708; x_wconf 91' lang='lat' dir='ltr'>inter</span> <span class='ocrx_word' id='word_1_438' title='bbox 2039 664 2119 708; x_wconf 86' lang='lat' dir='ltr'>alia</span> <span class='ocrx_word' id='word_1_439' title='bbox 2145 679 2311 709; x_wconf 86' lang='lat' dir='ltr'>cavetur</span> <span class='ocrx_word' id='word_1_440' title='bbox 2342 682 2415 710; x_wconf 84' lang='lat' dir='ltr'>ex-</span> 
     </span>
     <span class='ocr_line' id='line_1_70' title="bbox 1385 722 2411 782; baseline 0.005 -18"><span class='ocrx_word' id='word_1_441' title='bbox 1385 722 1521 778; x_wconf 72' lang='lat' dir='ltr'>presse</span> <span class='ocrx_word' id='word_1_442' title='bbox 1546 750 1560 773; x_wconf 87' lang='lat'>‚</span> <span class='ocrx_word' id='word_1_443' title='bbox 1595 737 1646 765; x_wconf 91' lang='lat' dir='ltr'>ne</span> <span class='ocrx_word' id='word_1_444' title='bbox 1673 724 1846 782; x_wconf 73' lang='lat' dir='ltr'>cujusvis</span> <span class='ocrx_word' id='word_1_445' title='bbox 1872 723 2034 767; x_wconf 85' lang='lat' dir='ltr'>Ordinis</span> <span class='ocrx_word' id='word_1_446' title='bbox 2061 724 2411 769; x_wconf 76' lang='lat' dir='ltr'>Mendicantium..</span> 
     </span>
     <span class='ocr_line' id='line_1_71' title="bbox 1383 779 2412 826; baseline 0 -2"><span class='ocrx_word' id='word_1_447' title='bbox 1383 779 1630 825; x_wconf 76' lang='lat' dir='ltr'>Profeffores</span> <span class='ocrx_word' id='word_1_448' title='bbox 1661 784 1749 826; x_wconf 86' lang='lat' dir='ltr'>loca</span> <span class='ocrx_word' id='word_1_449' title='bbox 1771 782 1819 826; x_wconf 88' lang='lat' dir='ltr'>ad</span> <span class='ocrx_word' id='word_1_450' title='bbox 1847 781 2108 825; x_wconf 88' lang='lat' dir='ltr'>habitandum</span> <span class='ocrx_word' id='word_1_451' title='bbox 2142 784 2195 826; x_wconf 87' lang='lat' dir='ltr'>de</span> <span class='ocrx_word' id='word_1_452' title='bbox 2216 796 2322 825; x_wconf 84' lang='lat' dir='ltr'>novo</span> <span class='ocrx_word' id='word_1_453' title='bbox 2345 797 2412 824; x_wconf 89' lang='lat' dir='ltr'>re-</span> 
     </span>
     <span class='ocr_line' id='line_1_72' title="bbox 1381 838 2410 896; baseline 0.002 -15"><span class='ocrx_word' id='word_1_454' title='bbox 1381 839 1519 893; x_wconf 86' lang='lat' dir='ltr'>cipere</span> <span class='ocrx_word' id='word_1_455' title='bbox 1534 866 1549 889; x_wconf 88' lang='lat'>,</span> <span class='ocrx_word' id='word_1_456' title='bbox 1579 838 1643 882; x_wconf 92' lang='lat' dir='ltr'>seu</span> <span class='ocrx_word' id='word_1_457' title='bbox 1661 852 1825 896; x_wconf 85' lang='lat' dir='ltr'>recepta</span> <span class='ocrx_word' id='word_1_458' title='bbox 1843 851 2000 883; x_wconf 77' lang='lat' dir='ltr'>mutare</span> <span class='ocrx_word' id='word_1_459' title='bbox 2013 842 2249 895; x_wconf 75' lang='lat' dir='ltr'>praelumant</span> <span class='ocrx_word' id='word_1_460' title='bbox 2265 841 2410 896; x_wconf 83' lang='lat' dir='ltr'>absque</span> 
     </span>
     <span class='ocr_line' id='line_1_73' title="bbox 1379 897 2412 954; baseline 0.002 -14"><span class='ocrx_word' id='word_1_461' title='bbox 1379 897 1491 940; x_wconf 67' lang='lat' dir='ltr'>dietae</span> <span class='ocrx_word' id='word_1_462' title='bbox 1507 898 1627 941; x_wconf 84' lang='lat' dir='ltr'>sedis.</span> <span class='ocrx_word' id='word_1_463' title='bbox 1643 899 1807 944; x_wconf 89' lang='lat' dir='ltr'>licentia</span> <span class='ocrx_word' id='word_1_464' title='bbox 1819 930 1834 951; x_wconf 90' lang='lat'>‚</span> <span class='ocrx_word' id='word_1_465' title='bbox 1852 898 2082 954; x_wconf 86' lang='lat' dir='ltr'>specialiter</span> <span class='ocrx_word' id='word_1_466' title='bbox 2095 899 2147 942; x_wconf 89' lang='lat' dir='ltr'>de</span> <span class='ocrx_word' id='word_1_467' title='bbox 2168 900 2412 954; x_wconf 86' lang='lat' dir='ltr'>prohibitio·</span> 
     </span>
     <span class='ocr_line' id='line_1_74' title="bbox 1378 954 2401 1013; baseline -0.003 -13"><span class='ocrx_word' id='word_1_468' title='bbox 1378 970 1433 1000; x_wconf 88' lang='lat' dir='ltr'>ne</span> <span class='ocrx_word' id='word_1_469' title='bbox 1450 954 1915 1013; x_wconf 74' lang='lat' dir='ltr'>hujusmodiexpressam</span> <span class='ocrx_word' id='word_1_470' title='bbox 1933 956 2175 1001; x_wconf 83' lang='lat' dir='ltr'>mentionem</span> <span class='ocrx_word' id='word_1_471' title='bbox 2201 958 2401 1007; x_wconf 82' lang='lat' dir='ltr'>faciente,</span> 
     </span>
     <span class='ocr_line' id='line_1_75' title="bbox 1379 1014 2409 1072; baseline -0.001 -15"><span class='ocrx_word' id='word_1_472' title='bbox 1379 1016 1418 1057; x_wconf 77' lang='grc' dir='ltr'>8ι</span> <span class='ocrx_word' id='word_1_473' title='bbox 1443 1014 1530 1057; x_wconf 87' lang='lat' dir='ltr'>aliis</span> <span class='ocrx_word' id='word_1_474' title='bbox 1557 1016 1795 1072; x_wconf 84' lang='lat' dir='ltr'>Apostolicis</span> <span class='ocrx_word' id='word_1_475' title='bbox 1811 1015 2173 1058; x_wconf 76' lang='lat' dir='ltr'>constitutionibus</span> <span class='ocrx_word' id='word_1_476' title='bbox 2190 1043 2204 1066; x_wconf 91' lang='lat'>,</span> <span class='ocrx_word' id='word_1_477' title='bbox 2233 1015 2409 1057; x_wconf 86' lang='lat' dir='ltr'>&amp;Ordi-</span> 
     </span>
     <span class='ocr_line' id='line_1_76' title="bbox 1379 1073 2409 1127; baseline -0.001 -11"><span class='ocrx_word' id='word_1_478' title='bbox 1379 1073 1606 1117; x_wconf 77' lang='lat' dir='ltr'>nationibus</span> <span class='ocrx_word' id='word_1_479' title='bbox 1622 1100 1636 1124; x_wconf 83' lang='lat'>‚</span> <span class='ocrx_word' id='word_1_480' title='bbox 1666 1089 1712 1119; x_wconf 87' lang='lat' dir='ltr'>ac</span> <span class='ocrx_word' id='word_1_481' title='bbox 1748 1075 1842 1117; x_wconf 73' lang='lat' dir='ltr'>dieti</span> <span class='ocrx_word' id='word_1_482' title='bbox 1868 1074 2038 1116; x_wconf 86' lang='lat' dir='ltr'>Ordinis</span> <span class='ocrx_word' id='word_1_483' title='bbox 2054 1076 2241 1116; x_wconf 80' lang='lat' dir='ltr'>Fratrum</span> <span class='ocrx_word' id='word_1_484' title='bbox 2266 1077 2409 1127; x_wconf 85' lang='lat' dir='ltr'>Capu-</span> 
     </span>
     <span class='ocr_line' id='line_1_77' title="bbox 1378 1131 2410 1189; baseline -0.001 -15"><span class='ocrx_word' id='word_1_485' title='bbox 1378 1132 1575 1181; x_wconf 80' lang='lat' dir='ltr'>cinorum‚</span> <span class='ocrx_word' id='word_1_486' title='bbox 1586 1132 1838 1189; x_wconf 86' lang='lat' dir='ltr'>juramento,</span> <span class='ocrx_word' id='word_1_487' title='bbox 1863 1133 2188 1178; x_wconf 81' lang='lat' dir='ltr'>Confirmatione</span> <span class='ocrx_word' id='word_1_488' title='bbox 2205 1131 2410 1186; x_wconf 83' lang='lat' dir='ltr'>Apostoli-</span> 
     </span>
     <span class='ocr_line' id='line_1_78' title="bbox 1378 1190 2409 1247; baseline -0.002 -14"><span class='ocrx_word' id='word_1_489' title='bbox 1378 1205 1454 1242; x_wconf 88' lang='lat' dir='ltr'>ca,</span> <span class='ocrx_word' id='word_1_490' title='bbox 1484 1190 1550 1234; x_wconf 82' lang='lat' dir='ltr'>vel</span> <span class='ocrx_word' id='word_1_491' title='bbox 1575 1193 1716 1247; x_wconf 86' lang='lat' dir='ltr'>quavis</span> <span class='ocrx_word' id='word_1_492' title='bbox 1743 1191 1935 1235; x_wconf 84' lang='lat' dir='ltr'>firmitate</span> <span class='ocrx_word' id='word_1_493' title='bbox 1966 1191 2042 1234; x_wconf 86' lang='lat' dir='ltr'>alia</span> <span class='ocrx_word' id='word_1_494' title='bbox 2090 1191 2291 1234; x_wconf 89' lang='lat' dir='ltr'>roboratis</span> <span class='ocrx_word' id='word_1_495' title='bbox 2339 1191 2409 1232; x_wconf 78' lang='lat' dir='ltr'>lla.</span> 
     </span>
     <span class='ocr_line' id='line_1_79' title="bbox 1376 1250 2409 1305; baseline 0.001 -14"><span class='ocrx_word' id='word_1_496' title='bbox 1376 1250 1502 1301; x_wconf 83' lang='lat' dir='ltr'>tutis,</span> <span class='ocrx_word' id='word_1_497' title='bbox 1533 1250 1969 1298; x_wconf 82' lang='lat' dir='ltr'>&amp;.consuetudinibus‚</span> <span class='ocrx_word' id='word_1_498' title='bbox 1985 1251 2220 1305; x_wconf 89' lang='lat' dir='ltr'>caeterisque</span> <span class='ocrx_word' id='word_1_499' title='bbox 2243 1259 2409 1292; x_wconf 90' lang='lat' dir='ltr'>contra-</span> 
     </span>
     <span class='ocr_line' id='line_1_80' title="bbox 1377 1307 2411 1366; baseline -0.001 -16"><span class='ocrx_word' id='word_1_500' title='bbox 1377 1308 1447 1350; x_wconf 86' lang='lat' dir='ltr'>riis</span> <span class='ocrx_word' id='word_1_501' title='bbox 1468 1307 1786 1366; x_wconf 84' lang='lat' dir='ltr'>quibuscunque.</span> <span class='ocrx_word' id='word_1_502' title='bbox 1823 1312 1975 1352; x_wconf 89' lang='lat' dir='ltr'>Datum</span> <span class='ocrx_word' id='word_1_503' title='bbox 1990 1310 2126 1350; x_wconf 75' lang='lat' dir='ltr'>Roma:</span> <span class='ocrx_word' id='word_1_504' title='bbox 2142 1307 2254 1363; x_wconf 86' lang='lat' dir='ltr'>apud</span> <span class='ocrx_word' id='word_1_505' title='bbox 2275 1311 2316 1351; x_wconf 88' lang='lat' dir='ltr'>S.</span> <span class='ocrx_word' id='word_1_506' title='bbox 2331 1310 2411 1350; x_wconf 85' lang='lat' dir='ltr'>Pe-</span> 
     </span>
     <span class='ocr_line' id='line_1_81' title="bbox 1377 1365 2408 1412; baseline 0 -4"><span class='ocrx_word' id='word_1_507' title='bbox 1377 1375 1488 1408; x_wconf 88' lang='lat' dir='ltr'>trum</span> <span class='ocrx_word' id='word_1_508' title='bbox 1500 1369 1618 1410; x_wconf 88' lang='lat' dir='ltr'>Anno</span> <span class='ocrx_word' id='word_1_509' title='bbox 1630 1369 1927 1412; x_wconf 83' lang='lat' dir='ltr'>lucarnationis</span> <span class='ocrx_word' id='word_1_510' title='bbox 1940 1367 2163 1409; x_wconf 82' lang='lat' dir='ltr'>Dominicae</span> <span class='ocrx_word' id='word_1_511' title='bbox 2191 1365 2408 1408; x_wconf 81' lang='lat' dir='ltr'>milleiimo</span> 
     </span>
     <span class='ocr_line' id='line_1_82' title="bbox 1374 1423 2400 1482; baseline 0.003 -16"><span class='ocrx_word' id='word_1_512' title='bbox 1374 1426 1693 1480; x_wconf 78' lang='lat' dir='ltr'>quingentesimo</span> <span class='ocrx_word' id='word_1_513' title='bbox 1720 1424 2007 1482; x_wconf 82' lang='lat' dir='ltr'>septuagefimo</span> <span class='ocrx_word' id='word_1_514' title='bbox 2031 1435 2185 1479; x_wconf 78' lang='lat' dir='ltr'>quarto</span> <span class='ocrx_word' id='word_1_515' title='bbox 2207 1453 2221 1475; x_wconf 90' lang='lat'>,</span> <span class='ocrx_word' id='word_1_516' title='bbox 2260 1423 2400 1469; x_wconf 81' lang='lat' dir='ltr'>Idibus</span> 
     </span>
     <span class='ocr_line' id='line_1_83' title="bbox 1377 1481 2402 1537; baseline -0.001 -10"><span class='ocrx_word' id='word_1_517' title='bbox 1377 1484 1584 1528; x_wconf 86' lang='lat' dir='ltr'>Februarii</span> <span class='ocrx_word' id='word_1_518' title='bbox 1606 1512 1623 1537; x_wconf 90' lang='lat'>,</span> <span class='ocrx_word' id='word_1_519' title='bbox 1642 1483 1903 1529; x_wconf 84' lang='lat' dir='ltr'>Pontificatus</span> <span class='ocrx_word' id='word_1_520' title='bbox 1922 1483 2056 1528; x_wconf 86' lang='lat' dir='ltr'>Nostri</span> <span class='ocrx_word' id='word_1_521' title='bbox 2071 1486 2194 1527; x_wconf 90' lang='lat' dir='ltr'>Anno</span> <span class='ocrx_word' id='word_1_522' title='bbox 2205 1481 2402 1529; x_wconf 89' lang='lat' dir='ltr'>secundo.</span> 
     </span>
    </p>
   </div>
   <div class='ocr_carea' id='block_1_4' title="bbox 1436 1659 2406 1822">
    <p class='ocr_par' dir='ltr' id='par_1_4' title="bbox 1436 1659 2406 1822">
     <span class='ocr_line' id='line_1_84' title="bbox 1436 1659 2403 1717; baseline -0.005 -12"><span class='ocrx_word' id='word_1_523' title='bbox 1436 1661 1552 1705; x_wconf 72' lang='lat' dir='ltr'>Bulla</span> <span class='ocrx_word' id='word_1_524' title='bbox 1566 1659 1752 1717; x_wconf 77' lang='lat' dir='ltr'>firmata</span> <span class='ocrx_word' id='word_1_525' title='bbox 1766 1663 1808 1703; x_wconf 69' lang='grc' dir='ltr'>θη</span> <span class='ocrx_word' id='word_1_526' title='bbox 1832 1660 1953 1703; x_wconf 81' lang='lat' dir='ltr'>Arch.</span> <span class='ocrx_word' id='word_1_527' title='bbox 1980 1659 2220 1709; x_wconf 72' lang='lat' dir='ltr'>Provt&#39;nclae,</span> <span class='ocrx_word' id='word_1_528' title='bbox 2249 1660 2294 1701; x_wconf 82' lang='lat' dir='ltr'>de</span> <span class='ocrx_word' id='word_1_529' title='bbox 2325 1671 2403 1713; x_wconf 82' lang='lat' dir='ltr'>qua</span> 
     </span>
     <span class='ocr_line' id='line_1_85' title="bbox 1499 1717 2406 1770; baseline -0.006 -7"><span class='ocrx_word' id='word_1_530' title='bbox 1499 1719 1671 1770; x_wconf 81' lang='lat' dir='ltr'>Exempl.</span> <span class='ocrx_word' id='word_1_531' title='bbox 1698 1724 1741 1760; x_wconf 63' lang='lat' dir='ltr'>in</span> <span class='ocrx_word' id='word_1_532' title='bbox 1760 1719 1880 1763; x_wconf 82' lang='lat' dir='ltr'>Arcb.</span> <span class='ocrx_word' id='word_1_533' title='bbox 1905 1720 1999 1764; x_wconf 83' lang='lat' dir='ltr'>ord.</span> <span class='ocrx_word' id='word_1_534' title='bbox 2019 1720 2170 1763; x_wconf 78' lang='lat' dir='ltr'>Scrim&#39;o</span> <span class='ocrx_word' id='word_1_535' title='bbox 2185 1717 2406 1762; x_wconf 82' lang='lat' dir='ltr'>Provincia</span> 
     </span>
     <span class='ocr_line' id='line_1_86' title="bbox 1502 1777 1796 1822; baseline -0.007 -2"><span class='ocrx_word' id='word_1_536' title='bbox 1502 1777 1796 1822; x_wconf 81' lang='lat' dir='ltr'>Mediolanen..</span> 
     </span>
    </p>
   </div>
   <div class='ocr_carea' id='block_1_5' title="bbox 2234 1974 2407 1991">
    <p class='ocr_par' dir='ltr' id='par_1_5' title="bbox 2234 1974 2407 1991">
     <span class='ocr_line' id='line_1_87' title="bbox 2234 1974 2407 1991; baseline 0 -2"><span class='ocrx_word' id='word_1_537' title='bbox 2234 1974 2407 1991; x_wconf 75' lang='lat'>—</span> 
     </span>
    </p>
   </div>
   <div class='ocr_carea' id='block_1_6' title="bbox 1383 2069 2416 3046">
    <p class='ocr_par' dir='ltr' id='par_1_6' title="bbox 1383 2069 2416 3046">
     <span class='ocr_line' id='line_1_88' title="bbox 1383 2069 2411 2139; baseline -0.008 -13"><span class='ocrx_word' id='word_1_538' title='bbox 1383 2079 1439 2126; x_wconf 87' lang='lat' dir='ltr'>In</span> <span class='ocrx_word' id='word_1_539' title='bbox 1459 2072 1632 2123; x_wconf 86' lang='lat' dir='ltr'>duabus</span> <span class='ocrx_word' id='word_1_540' title='bbox 1650 2073 1871 2131; x_wconf 85' lang='lat' dir='ltr'>AEdibus,</span> <span class='ocrx_word' id='word_1_541' title='bbox 1901 2091 2034 2122; x_wconf 88' lang='lat' dir='ltr'>onere</span> <span class='ocrx_word' id='word_1_542' title='bbox 2059 2092 2214 2123; x_wconf 84' lang='lat' dir='ltr'>annuae</span> <span class='ocrx_word' id='word_1_543' title='bbox 2243 2069 2411 2139; x_wconf 85' lang='lat' dir='ltr'>pensio·</span> 
     </span>
     <span class='ocr_line' id='line_1_89' title="bbox 1449 2141 2412 2209; baseline -0.003 -17"><span class='ocrx_word' id='word_1_544' title='bbox 1449 2146 1516 2192; x_wconf 91' lang='lat' dir='ltr'>nis</span> <span class='ocrx_word' id='word_1_545' title='bbox 1530 2179 1546 2201; x_wconf 87' lang='lat'>,</span> <span class='ocrx_word' id='word_1_546' title='bbox 1562 2143 1780 2209; x_wconf 86' lang='lat' dir='ltr'>Capitulo</span> <span class='ocrx_word' id='word_1_547' title='bbox 1804 2144 1956 2193; x_wconf 67' lang='lat' dir='ltr'>Sansti</span> <span class='ocrx_word' id='word_1_548' title='bbox 1987 2145 2172 2193; x_wconf 87' lang='lat' dir='ltr'>Nazarii</span> <span class='ocrx_word' id='word_1_549' title='bbox 2188 2141 2412 2192; x_wconf 86' lang='lat' dir='ltr'>Mediola-</span> 
     </span>
     <span class='ocr_line' id='line_1_90' title="bbox 1449 2210 2410 2282; baseline -0.003 -20"><span class='ocrx_word' id='word_1_550' title='bbox 1449 2216 1494 2262; x_wconf 90' lang='lat' dir='ltr'>ni</span> <span class='ocrx_word' id='word_1_551' title='bbox 1510 2213 1761 2281; x_wconf 80' lang='lat' dir='ltr'>praestandae</span> <span class='ocrx_word' id='word_1_552' title='bbox 1776 2249 1792 2271; x_wconf 90' lang='lat'>,</span> <span class='ocrx_word' id='word_1_553' title='bbox 1807 2214 2009 2282; x_wconf 85' lang='lat' dir='ltr'>gravatis</span> <span class='ocrx_word' id='word_1_554' title='bbox 2025 2249 2039 2271; x_wconf 91' lang='lat'>‚</span> <span class='ocrx_word' id='word_1_555' title='bbox 2055 2212 2104 2264; x_wconf 72' lang='lat' dir='ltr'>&lt;Sc</span> <span class='ocrx_word' id='word_1_556' title='bbox 2116 2230 2199 2281; x_wconf 90' lang='lat' dir='ltr'>pro</span> <span class='ocrx_word' id='word_1_557' title='bbox 2211 2210 2410 2262; x_wconf 86' lang='lat' dir='ltr'>constru-</span> 
     </span>
     <span class='ocr_line' id='line_1_91' title="bbox 1452 2281 2413 2333; baseline -0.003 -1"><span class='ocrx_word' id='word_1_558' title='bbox 1452 2285 1600 2333; x_wconf 66' lang='lat' dir='ltr'>ctione</span> <span class='ocrx_word' id='word_1_559' title='bbox 1638 2283 1904 2332; x_wconf 84' lang='lat' dir='ltr'>Monasterii</span> <span class='ocrx_word' id='word_1_560' title='bbox 1956 2286 2234 2333; x_wconf 85' lang='lat' dir='ltr'>Monialium</span> <span class='ocrx_word' id='word_1_561' title='bbox 2276 2281 2413 2331; x_wconf 85' lang='lat' dir='ltr'>dona-</span> 
     </span>
     <span class='ocr_line' id='line_1_92' title="bbox 1458 2351 2414 2417; baseline -0.003 -14"><span class='ocrx_word' id='word_1_562' title='bbox 1458 2356 1517 2404; x_wconf 91' lang='lat' dir='ltr'>t-is</span> <span class='ocrx_word' id='word_1_563' title='bbox 1537 2388 1554 2412; x_wconf 88' lang='lat'>,</span> <span class='ocrx_word' id='word_1_564' title='bbox 1582 2352 1865 2404; x_wconf 83' lang='lat' dir='ltr'>coenobium</span> <span class='ocrx_word' id='word_1_565' title='bbox 1891 2351 2153 2417; x_wconf 87' lang='lat' dir='ltr'>hujusmodi</span> <span class='ocrx_word' id='word_1_566' title='bbox 2180 2352 2259 2402; x_wconf 89' lang='lat' dir='ltr'>sub</span> <span class='ocrx_word' id='word_1_567' title='bbox 2289 2355 2414 2400; x_wconf 85' lang='lat' dir='ltr'>invo-</span> 
     </span>
     <span class='ocr_line' id='line_1_93' title="bbox 1459 2421 2412 2493; baseline -0.003 -20"><span class='ocrx_word' id='word_1_568' title='bbox 1459 2426 1635 2473; x_wconf 88' lang='lat' dir='ltr'>catione</span> <span class='ocrx_word' id='word_1_569' title='bbox 1667 2427 1714 2473; x_wconf 87' lang='lat' dir='ltr'>S.</span> <span class='ocrx_word' id='word_1_570' title='bbox 1745 2426 1894 2475; x_wconf 80' lang='lat' dir='ltr'>Clarae</span> <span class='ocrx_word' id='word_1_571' title='bbox 1928 2425 2079 2493; x_wconf 76' lang='lat' dir='ltr'>erigi,</span> <span class='ocrx_word' id='word_1_572' title='bbox 2111 2421 2412 2491; x_wconf 74' lang='lat' dir='ltr'>responsiones</span> 
     </span>
     <span class='ocr_line' id='line_1_94' title="bbox 1460 2490 2414 2562; baseline -0.004 -18"><span class='ocrx_word' id='word_1_573' title='bbox 1460 2493 1586 2544; x_wconf 62' lang='lat' dir='ltr'>dicto</span> <span class='ocrx_word' id='word_1_574' title='bbox 1600 2495 1822 2562; x_wconf 87' lang='lat' dir='ltr'>Capitulo</span> <span class='ocrx_word' id='word_1_575' title='bbox 1842 2493 2044 2552; x_wconf 86' lang='lat' dir='ltr'>debitas,</span> <span class='ocrx_word' id='word_1_576' title='bbox 2075 2512 2133 2544; x_wconf 44' lang='lat' dir='ltr'>ex‘</span> <span class='ocrx_word' id='word_1_577' title='bbox 2157 2507 2283 2561; x_wconf 87' lang='lat' dir='ltr'>parte</span> <span class='ocrx_word' id='word_1_578' title='bbox 2310 2490 2414 2541; x_wconf 82' lang='lat' dir='ltr'>red·</span> 
     </span>
     <span class='ocr_line' id='line_1_95' title="bbox 1460 2563 2415 2631; baseline -0.005 -17"><span class='ocrx_word' id='word_1_579' title='bbox 1460 2563 1642 2614; x_wconf 84' lang='lat' dir='ltr'>dituum</span> <span class='ocrx_word' id='word_1_580' title='bbox 1673 2565 1708 2612; x_wconf 68' lang='lat' dir='ltr'>a·</span> <span class='ocrx_word' id='word_1_581' title='bbox 1726 2563 1955 2631; x_wconf 84' lang='lat' dir='ltr'>quondam</span> <span class='ocrx_word' id='word_1_582' title='bbox 1979 2566 2159 2629; x_wconf 87' lang='lat' dir='ltr'>Joanne</span> <span class='ocrx_word' id='word_1_583' title='bbox 2191 2563 2415 2612; x_wconf 57' lang='lat' dir='ltr'>Thema„</span> 
     </span>
     <span class='ocr_line' id='line_1_96' title="bbox 1464 2629 2415 2697; baseline -0.004 -14"><span class='ocrx_word' id='word_1_584' title='bbox 1464 2633 1671 2685; x_wconf 88' lang='lat' dir='ltr'>Cribello</span> <span class='ocrx_word' id='word_1_585' title='bbox 1687 2634 1745 2681; x_wconf 88' lang='lat' dir='ltr'>ad</span> <span class='ocrx_word' id='word_1_586' title='bbox 1760 2631 1951 2680; x_wconf 80' lang='lat' dir='ltr'>similem</span> <span class='ocrx_word' id='word_1_587' title='bbox 1969 2632 2103 2695; x_wconf 85' lang='lat' dir='ltr'>finem</span> <span class='ocrx_word' id='word_1_588' title='bbox 2136 2648 2220 2697; x_wconf 89' lang='lat' dir='ltr'>pro</span> <span class='ocrx_word' id='word_1_589' title='bbox 2236 2629 2415 2693; x_wconf 80' lang='lat' dir='ltr'>summa</span> 
     </span>
     <span class='ocr_line' id='line_1_97' title="bbox 1465 2697 2416 2766; baseline -0.003 -16"><span class='ocrx_word' id='word_1_590' title='bbox 1465 2714 1692 2750; x_wconf 84' lang='lat' dir='ltr'>conventa</span> <span class='ocrx_word' id='word_1_591' title='bbox 1709 2699 1886 2749; x_wconf 84' lang='lat' dir='ltr'>liberari</span> <span class='ocrx_word' id='word_1_592' title='bbox 1904 2735 1920 2757; x_wconf 90' lang='lat'>,</span> <span class='ocrx_word' id='word_1_593' title='bbox 1950 2701 1994 2748; x_wconf 90' lang='lat' dir='ltr'>in</span> <span class='ocrx_word' id='word_1_594' title='bbox 2028 2697 2224 2750; x_wconf 81' lang='lat' dir='ltr'>Ecclesia</span> <span class='ocrx_word' id='word_1_595' title='bbox 2252 2701 2416 2766; x_wconf 86' lang='lat' dir='ltr'>Capel-</span> 
     </span>
     <span class='ocr_line' id='line_1_98' title="bbox 1462 2767 2416 2836; baseline -0.002 -18"><span class='ocrx_word' id='word_1_596' title='bbox 1462 2770 1631 2818; x_wconf 85' lang='lat' dir='ltr'>laniam</span> <span class='ocrx_word' id='word_1_597' title='bbox 1667 2785 1751 2836; x_wconf 83' lang='lat' dir='ltr'>pro</span> <span class='ocrx_word' id='word_1_598' title='bbox 1783 2771 2036 2836; x_wconf 86' lang='lat' dir='ltr'>Capellano</span> <span class='ocrx_word' id='word_1_599' title='bbox 2069 2767 2416 2819; x_wconf 80' lang='lat' dir='ltr'>simul-&amp;Con-</span> 
     </span>
     <span class='ocr_line' id='line_1_99' title="bbox 1463 2835 2413 2897; baseline 0 -11"><span class='ocrx_word' id='word_1_600' title='bbox 1463 2835 1619 2887; x_wconf 81' lang='lat' dir='ltr'>fess&#39;ore</span> <span class='ocrx_word' id='word_1_601' title='bbox 1653 2837 1890 2887; x_wconf 87' lang='lat' dir='ltr'>amovibili</span> <span class='ocrx_word' id='word_1_602' title='bbox 1929 2836 2134 2897; x_wconf 84' lang='lat' dir='ltr'>fundari,</span> <span class='ocrx_word' id='word_1_603' title='bbox 2166 2842 2214 2887; x_wconf 90' lang='lat' dir='ltr'>S.</span> <span class='ocrx_word' id='word_1_604' title='bbox 2239 2839 2413 2887; x_wconf 83' lang='lat' dir='ltr'>Carolo</span> 
     </span>
     <span class='ocr_line' id='line_1_100' title="bbox 1463 2907 2410 2965; baseline -0.003 -7"><span class='ocrx_word' id='word_1_605' title='bbox 1463 2907 1606 2958; x_wconf 88' lang='lat' dir='ltr'>Card.</span> <span class='ocrx_word' id='word_1_606' title='bbox 1638 2908 1736 2956; x_wconf 84' lang='lat' dir='ltr'>Tit.</span> <span class='ocrx_word' id='word_1_607' title='bbox 1755 2911 1804 2957; x_wconf 89' lang='lat' dir='ltr'>S.</span> <span class='ocrx_word' id='word_1_608' title='bbox 1820 2907 2034 2958; x_wconf 81' lang='lat' dir='ltr'>Praxedis</span> <span class='ocrx_word' id='word_1_609' title='bbox 2050 2908 2302 2957; x_wconf 78' lang='lat' dir='ltr'>committit</span> <span class='ocrx_word' id='word_1_610' title='bbox 2318 2942 2335 2965; x_wconf 91' lang='lat'>,</span> <span class='ocrx_word' id='word_1_611' title='bbox 2359 2925 2410 2955; x_wconf 88' lang='lat' dir='ltr'>ac</span> 
     </span>
     <span class='ocr_line' id='line_1_101' title="bbox 1462 2975 2412 3046; baseline 0 -19"><span class='ocrx_word' id='word_1_612' title='bbox 1462 2975 1743 3027; x_wconf 87' lang='lat' dir='ltr'>Monialibus</span> <span class='ocrx_word' id='word_1_613' title='bbox 1761 2979 1885 3028; x_wconf 84' lang='lat' dir='ltr'>varia</span> <span class='ocrx_word' id='word_1_614' title='bbox 1912 2978 2153 3046; x_wconf 86' lang='lat' dir='ltr'>privilegia</span> <span class='ocrx_word' id='word_1_615' title='bbox 2170 2976 2379 3026; x_wconf 76' lang='lat' dir='ltr'>concedit</span> <span class='ocrx_word' id='word_1_616' title='bbox 2397 3012 2412 3027; x_wconf 87' lang='lat'><strong>.</strong></span> 
     </span>
    </p>
   </div>
   <div class='ocr_carea' id='block_1_7' title="bbox 1392 3163 2412 3220">
    <p class='ocr_par' dir='ltr' id='par_1_7' title="bbox 1392 3163 2412 3220">
     <span class='ocr_line' id='line_1_102' title="bbox 1392 3163 2412 3220; baseline -0.002 -5"><span class='ocrx_word' id='word_1_617' title='bbox 1392 3164 1685 3215; x_wconf 88' lang='lat' dir='ltr'>GREGO</span> <span class='ocrx_word' id='word_1_618' title='bbox 1711 3166 1903 3220; x_wconf 86' lang='lat' dir='ltr'>RIUS</span> <span class='ocrx_word' id='word_1_619' title='bbox 1943 3163 2412 3217; x_wconf 84' lang='lat' dir='ltr'>EPISCOPUS</span> 
     </span>
    </p>
   </div>
   <div class='ocr_carea' id='block_1_8' title="bbox 1665 3293 2144 3340">
    <p class='ocr_par' dir='ltr' id='par_1_8' title="bbox 1665 3293 2144 3340">
     <span class='ocr_line' id='line_1_103' title="bbox 1665 3293 2144 3340; baseline -0.006 -2"><span class='ocrx_word' id='word_1_620' title='bbox 1665 3295 1813 3338; x_wconf 82' lang='lat' dir='ltr'>Servus</span> <span class='ocrx_word' id='word_1_621' title='bbox 1832 3297 2049 3340; x_wconf 71' lang='lat' dir='ltr'>Servorum</span> <span class='ocrx_word' id='word_1_622' title='bbox 2065 3293 2144 3336; x_wconf 89' lang='lat' dir='ltr'>Dei</span> 
     </span>
    </p>
   </div>
   <div class='ocr_carea' id='block_1_9' title="bbox 1569 3466 2254 3526">
    <p class='ocr_par' dir='ltr' id='par_1_9' title="bbox 1569 3466 2254 3526">
     <span class='ocr_line' id='line_1_104' title="bbox 1569 3466 2254 3526; baseline -0.001 -14"><span class='ocrx_word' id='word_1_623' title='bbox 1569 3469 1639 3512; x_wconf 74' lang='lat' dir='ltr'>Ad</span> <span class='ocrx_word' id='word_1_624' title='bbox 1647 3477 1878 3526; x_wconf 78' lang='lat' dir='ltr'>perpetuam</span> <span class='ocrx_word' id='word_1_625' title='bbox 1907 3469 1966 3512; x_wconf 79' lang='lat' dir='ltr'>rei</span> <span class='ocrx_word' id='word_1_626' title='bbox 1992 3466 2254 3511; x_wconf 61' lang='lat' dir='ltr'>armoricam-</span> 
     </span>
    </p>
   </div>
   <div class='ocr_carea' id='block_1_10' title="bbox 1393 3581 2422 3817">
    <p class='ocr_par' dir='ltr' id='par_1_10' title="bbox 1393 3581 2422 3817">
     <span class='ocr_line' id='line_1_105' title="bbox 1393 3581 2417 3696; baseline -0.004 -70"><span class='ocrx_word' id='word_1_627' title='bbox 1393 3583 1714 3696; x_wconf 66' lang='lat' dir='ltr'>SAcrosanstae</span> <span class='ocrx_word' id='word_1_628' title='bbox 1726 3585 1934 3629; x_wconf 85' lang='lat' dir='ltr'>militantis</span> <span class='ocrx_word' id='word_1_629' title='bbox 1950 3583 2128 3628; x_wconf 76' lang='lat' dir='ltr'>Fcclefiae</span> <span class='ocrx_word' id='word_1_630' title='bbox 2142 3581 2417 3641; x_wconf 76' lang='lat' dir='ltr'>gubernacula</span> 
     </span>
     <span class='ocr_line' id='line_1_106' title="bbox 1494 3641 2419 3695; baseline -0.005 -10"><span class='ocrx_word' id='word_1_631' title='bbox 1494 3643 1518 3685; x_wconf 72' lang='lat' dir='ltr'>a</span> <span class='ocrx_word' id='word_1_632' title='bbox 1535 3644 1682 3686; x_wconf 87' lang='lat' dir='ltr'>Summi</span> <span class='ocrx_word' id='word_1_633' title='bbox 1696 3645 1930 3688; x_wconf 82' lang='lat' dir='ltr'>sacerdotii</span> <span class='ocrx_word' id='word_1_634' title='bbox 1945 3642 2154 3687; x_wconf 81' lang='lat' dir='ltr'>Cathedra</span> <span class='ocrx_word' id='word_1_635' title='bbox 2167 3672 2182 3695; x_wconf 93' lang='lat'>,</span> <span class='ocrx_word' id='word_1_636' title='bbox 2200 3642 2355 3686; x_wconf 84' lang='lat' dir='ltr'>meritis</span> <span class='ocrx_word' id='word_1_637' title='bbox 2369 3641 2419 3682; x_wconf 80' lang='lat' dir='ltr'>li·</span> 
     </span>
     <span class='ocr_line' id='line_1_107' title="bbox 1396 3699 2417 3753; baseline -0.002 -14"><span class='ocrx_word' id='word_1_638' title='bbox 1396 3708 1466 3740; x_wconf 90' lang='lat' dir='ltr'>cet</span> <span class='ocrx_word' id='word_1_639' title='bbox 1484 3699 1813 3745; x_wconf 85' lang='lat' dir='ltr'>insufficientibus</span> <span class='ocrx_word' id='word_1_640' title='bbox 1831 3730 1845 3753; x_wconf 89' lang='lat'><strong>‚</strong></span> <span class='ocrx_word' id='word_1_641' title='bbox 1870 3701 2142 3753; x_wconf 83' lang='lat' dir='ltr'>demandata,</span> <span class='ocrx_word' id='word_1_642' title='bbox 2167 3711 2354 3744; x_wconf 86' lang='lat' dir='ltr'>tenentes</span> <span class='ocrx_word' id='word_1_643' title='bbox 2379 3700 2417 3738; x_wconf 89' lang='lat' dir='ltr'>in</span> 
     </span>
     <span class='ocr_line' id='line_1_108' title="bbox 1397 3755 2422 3817; baseline -0.003 -19"><span class='ocrx_word' id='word_1_644' title='bbox 1397 3758 1518 3801; x_wconf 85' lang='lat' dir='ltr'>terris</span> <span class='ocrx_word' id='word_1_645' title='bbox 1539 3787 1556 3810; x_wconf 87' lang='lat'>,</span> <span class='ocrx_word' id='word_1_646' title='bbox 1584 3772 1629 3802; x_wconf 84' lang='lat' dir='ltr'>ac</span> <span class='ocrx_word' id='word_1_647' title='bbox 1652 3773 1865 3804; x_wconf 90' lang='lat' dir='ltr'>numerum</span> <span class='ocrx_word' id='word_1_648' title='bbox 1906 3757 2204 3817; x_wconf 67' lang='lat' dir='ltr'>Religiostrum</span> <span class='ocrx_word' id='word_1_649' title='bbox 2230 3755 2422 3802; x_wconf 81' lang='lat' dir='ltr'>Persona·</span> 
     </span>
    </p>
   </div>
   <div class='ocr_carea' id='block_1_11' title="bbox 1727 3819 1858 3874">
    <p class='ocr_par' dir='ltr' id='par_1_11' title="bbox 1727 3819 1858 3874">
     <span class='ocr_line' id='line_1_109' title="bbox 1727 3819 1858 3874; baseline 0.015 -2"><span class='ocrx_word' id='word_1_650' title='bbox 1727 3819 1807 3874; x_wconf 72' lang='lat' dir='ltr'>Q</span> <span class='ocrx_word' id='word_1_651' title='bbox 1836 3833 1858 3861; x_wconf 81' lang='lat'>²</span> 
     </span>
    </p>
   </div>
   <div class='ocr_carea' id='block_1_12' title="bbox 2259 3828 2378 3864">
    <p class='ocr_par' dir='ltr' id='par_1_12' title="bbox 2259 3828 2378 3864">
     <span class='ocr_line' id='line_1_110' title="bbox 2259 3828 2378 3864; baseline -0.025 -6"><span class='ocrx_word' id='word_1_652' title='bbox 2259 3828 2346 3858; x_wconf 87' lang='lat' dir='ltr'>rum</span> <span class='ocrx_word' id='word_1_653' title='bbox 2364 3840 2378 3864; x_wconf 87' lang='lat'>‚</span> 
     </span>
    </p>
   </div>
  </div>
 </body>
</html>
