2710 4108
1011 187 1591 304 Brixienssi.

312 312 542 358 Praeterea‚
570 302 883 361 quoniamextra
904 308 1114 358 negotium
1142 302 1277 360 hujus-

255 371 364 413 modi
387 366 622 419 contingere
647 360 824 417 poterit,
851 370 897 404 ut
924 364 1165 418 pauperibus
1191 364 1279 417 pio-

256 443 344 473 rum
367 419 631 475 eleemosynis
652 417 866 460 subvenire
888 419 1027 474 possis,
1059 422 1094 462 T
1100 420 1151 461 tbi
1173 421 1280 473 pari-

257 498 324 531 ter
344 486 388 526 in
411 482 564 525 virtute
589 480 630 519 S.
645 476 899 518 Obedientiae
927 478 1173 532 precipimus
1196 503 1209 525 ,
1239 478 1279 517 δι

257 542 486 590 mandamus
511 539 547 584 ,⁸
571 544 614 577 ut
638 547 689 578 ex
718 534 878 577 Piorum
911 532 1282 578 christifidelium-2

254 594 518 653 eleemosynis
529 617 544 639 s
577 592 668 634 Tibi
685 606 757 648 pro
773 603 958 648 tempore
979 593 1255 635 concedendis
1268 617 1283 639 ,

257 649 814 763 Essssss‘az'ffiibff‘si‘i‘iss'i'ffi',
834 653 880 771 ᾗ
899 665 1083 752 Σὲοἱὶΐς
1098 651 1283 753 ζέἓῖἷῗηῖ

256 775 380 822 etiam
395 767 674 823 'eleemosynas
692 767 912 825 hujusmodi
931 779 1046 825 petas
1058 793 1072 816 ³
1089 767 1258 822 recipias
1270 794 1287 815 ,

257 843 426 880 teneas,
456 828 496 869 &
520 827 573 870 de
597 825 677 869 illis
704 825 916 882 disponas,
947 837 992 868 ut
1019 824 1256 882 praefertur.

316 893 593 933 Decernentes
619 885 659 926 in
686 883 908 939 praemillis,
937 887 978 928 &
999 899 1142 928 eorum
1164 896 1286 929 occa·
1319 898 1326 904 ·

257 950 363 994 lione
379 948 440 989 Te
456 959 525 1001 per
540 945 777 999 Superiores
791 945 1287 1000 tuiOrdinis,quocunque

258 1006 423 1052 nomine
442 1002 908 1057 nuncupatos,molestari
924 1028 939 1050 ,
968 1002 1213 1058 perturbari,
1229 1002 1291 1042 in.-

259 1062 463 1123 quietari,
496 1071 565 1103 aut
592 1060 778 1115 impediri
800 1061 1034 1104 nullatenus
1059 1058 1166 1116 poffe
1185 1088 1199 1112 ,
1223 1058 1289 1101 vel

259 1125 445 1168 debere:
473 1133 518 1162 ac
548 1118 706 1160 irritum
723 1145 738 1168 ,
761 1120 802 1161 &
835 1119 978 1170 inane,
1008 1118 1202 1175 quidquid
1230 1115 1290 1173 se·

261 1197 332 1227 cus
360 1178 477 1234 super
501 1176 587 1228 his,
616 1175 641 1219 ὲ
659 1190 881 1232 quoquam,
909 1180 1048 1234 quavis
1074 1178 1291 1220 auctorita-

262 1253 332 1293 te,
356 1237 530 1282 scienter
545 1262 559 1285 ‚
586 1234 899 1289 velignoranter
912 1238 1132 1290 contigerit
1156 1245 1291 1278 atten-

261 1300 343 1343 tari
365 1324 378 1337 .
425 1295 518 1336 Non
551 1292 798 1335 obstantibus
826 1294 1223 1340 Constitutionibus,
1251 1293 1292 1333 ἃ.

262 1351 598 1404 Ordinationibus
610 1351 912 1407 Apostolicinac
926 1353 1022 1395 dieti
1032 1352 1201 1395 Ordinis
1209 1351 1289 1393 διε.

262 1417 303 1458 δι
318 1410 468 1460 Literis
492 1409 768 1465 Apostolicis,
793 1409 955 1467 ejusque
982 1410 1292 1466 Superioribus,

263 1475 305 1517 &
331 1468 533 1530 quibusvis
547 1467 632 1510 aliis
650 1467 827 1524 personis
842 1497 857 1520 ,
869 1467 939 1511 sub
955 1469 1293 1526 quibuscunque.-

266 1529 499 1577 tenoribus,
513 1526 554 1567 δι
568 1525 731 1578 formis,
755 1542 801 1570 ac
817 1542 906 1570 cum
919 1529 1124 1585 quibusvis
1140 1557 1156 1579 ,
1170 1530 1294 1570 etiam

265 1586 617 1644 derogatoriarum
644 1586 941 1642 derogatoriis,
971 1585 1135 1644 aliisque
1163 1585 1296 1628 effica-

266 1648 442 1693 cioribus
459 1670 474 1694 ,
503 1642 720 1687 &insolitis
735 1642 948 1695 clausulis,
974 1643 1230 1694 irritantibus
1247 1657 1299 1687 ue

266 1710 307 1750 δι
321 1704 604 1748 aliisDecretis
619 1702 656 1743 in
669 1703 918 1746 contrarium
933 1701 1209 1760 praemifforum
1262 1717 1299 1744 c.

269 1762 469 1810 innovatis
486 1790 502 1814 ,
531 1761 681 1804 etiamsi
712 1761 750 1802 in
781 1761 838 1803 eis
861 1775 1057 1805 caveatur
1084 1760 1301 1819 expresse,

269 1821 382 1883 quod
398 1819 532 1864 nullus
545 1817 720 1875 eiusdem
737 1819 901 1867 Ordinis
922 1819 1119 1866 Professor
1133 1848 1148 1869 ,
1175 1821 1298 1864 etiam

272 1883 323 1929 ad
337 1882 419 1938 pias
432 1877 566 1921 causas
576 1907 592 1929 ,
620 1878 806 1933 pecunias
833 1889 974 1935 petere
987 1909 1004 1931 ,
1020 1878 1186 1935 illasque
1201 1907 1217 1930 ‚
1233 1878 1298 1920 vel

273 1938 515 1988 macarias,
546 1945 616 1978 aut
637 1935 734 1979 alias
758 1936 924 1980 cedulas
955 1937 992 1979 in
1018 1937 1300 1993 depolito'ha-

273 2002 402 2048 bere,
433 1993 497 2037 seu
525 1995 713 2050 pecunias
746 1994 967 2052 hujusmodi
993 1996 1121 2044 dare,
1152 1994 1218 2038 vel
1245 1995 1300 2037 de

273 2059 332 2103 eis
357 2052 566 2109 disponere
595 2051 740 2109 absbue
764 2052 951 2111 expressi
971 2055 1228 2111 superiorum
1252 2051 1301 2094 li-

275 2114 408 2161 centia
431 2112 593 2161 valeat,
625 2121 694 2157 aut
716 2110 812 2154 alias
838 2113 1144 2170 quomodolibet
1170 2110 1302 2167 dispo·

277 2172 482 2218 uentibus.
504 2169 662 2226 Qibus
676 2170 859 2213 omuibus
871 2172 949 2212 διε.
964 2170 1221 2225 derogamus,
1235 2183 1310 2211 cae-

283 2227 460 2286 terisque
472 2228 687 2270 contrariis
698 2227 1000 2284 quibuscunque
1011 2257 1024 2270 .
1046 2226 1310 2271 Praesentibus

286 2290 336 2333 ad
353 2285 651 2342 beneplacitum
664 2284 839 2328 nostrum
855 2284 1050 2328 duntaxat
1063 2285 1280 2329 duraturis.

340 2348 493 2388 Datum
523 2344 661 2385 Romae
686 2343 788 2399 apud
819 2346 1000 2387 Sanctum
1033 2345 1204 2388 Petrum
1245 2341 1320 2384 sub.

284 2401 450 2450 Annulo
477 2400 685 2447 Piscatori:
710 2430 725 2453 ,
765 2402 844 2444 Die
874 2415 939 2445 xv.
968 2401 1063 2459 Maii
1092 2415 1312 2452 mucxxn..

288 2457 557 2509 Pontificatus
582 2457 700 2502 nostri
724 2463 846 2509 Axino
871 2458 1072 2505 secundo.

716 2636 759 2678 S.
776 2634 905 2679 Card.
935 2637 975 2679 S.
992 2633 1172 2680 Susanna
1185 2664 1199 2677 .

290 2818 292 2820 ’
352 2819 413 2859 Ex
441 2812 525 2855 Lib.
564 2811 773 2853 intitulato
814 2811 989 2855 Historia
1019 2810 1243 2854 Miffionum
1275 2813 1313 2855 in

412 2869 571 2914 Rhaetia
587 2896 601 2919 ,
641 2869 806 2912 Amore
838 2873 876 2912 P.
902 2871 1094 2916 Clemente
1120 2869 1321 2927 Brimcnst

397 2928 481 2990 fot.
497 2941 562 2983 ²3.
595 2924 741 2986 θῇς.

306 3292 468 3345 Eidem
528 3297 602 3342 Fr.
651 3293 834 3361 ignatio
893 3294 940 3341 i'n
987 3292 1099 3342 locis
1145 3290 1322 3342 Mimo-

376 3375 492 3414 num
510 3364 655 3413 Vallis
675 3364 861 3412 Tellinae
878 3397 894 3419 ‚
929 3361 978 3412 &
998 3362 1191 3412 Rhoetiae
1206 3397 1221 3420 ,
1248 3362 1325 3410 ubi

377 3434 567 3484 Parochi
594 3440 684 3482 non
699 3430 834 3481 essent
845 3431 935 3483 ὄις.
958 3433 1110 3480 omnia
1126 3466 1144 3489 ,
1179 3430 1227 3483 ἃ
1247 3429 1328 3479 sm-

377 3506 489 3572 gula
519 3502 576 3552 ad
605 3521 763 3552 curam
792 3505 1044 3552 animarum
1061 3501 1329 3568 pertinentia

380 3570 717 3622 administrandi
743 3574 967 3622 licentiam
980 3607 995 3631 ,
1009 3619 1016 3628 ,
1032 3572 1231 3637 hancque
1257 3587 1330 3619 ne·

378 3639 571 3692 ceffariis
608 3643 800 3693 Ordinis
818 3644 961 3692 Sociis
996 3640 1329 3691 communican-

380 3710 427 3760 di
453 3708 718 3762 facultatem
746 3714 941 3781 largitur
958 3747 970 3761 .

435 3784 539 3824 Iam.
563 3783 615 3823 11.

2138 218 2288 304 333

1393 360 1549 404 Ditem
1573 361 1678 405 Fe‘lio
1708 360 1860 417 Ignatio
1883 357 1927 400 de
1950 363 2130 415 Ber-goma
2154 363 2311 406 Ordinis

1427 422 1826 463 Fratruthnorum
1844 419 2087 474 5-Francisti
2106 425 2266 476 Capua..

1483 490 1622 519 norum
1646 485 1955 533 nuncupatorum
1981 476 2189 536 profi-firi
2202 508 2214 520 .

1345 593 1949 646 GREGORIUS
1993 594 2204 644 PAPA
2248 601 2361 648 XV.

1434 717 1587 760 Dileele
1617 720 1701 762 Far
1726 718 1924 766 salutem,
1955 719 2009 770 ά*
2026 717 2279 776 Apostolicm

1694 776 1994 820 Benediffionem
2009 805 2021 818 .

1479 904 1541 946 Ua
1567 898 1778 959 'fingularis
1806 904 1938 959 pietas
1966 936 1982 958 ‚
2013 908 2053 948 ἃ.
2076 908 2115 949 in
2141 907 2367 962 proximum

1493 963 1700 1011 charitas,
1725 977 1771 1005 ac
1797 964 1943 1005 ardens
1981 965 2186 1020 religionis
2227 980 2368 1021 propa.

1351 1021 1487 1079 gandae
1508 1021 1619 1064 zelus
1641 1051 1655 1073 ,
1686 1022 1826 1075 quibus
1847 1023 1906 1064 Te
1934 1024 2117 1066 novimus
2145 1023 2167 1067 d
2196 1026 2370 1066 Domino

1351 1081 1579 1138 insignitum
1597 1107 1610 1131 ‚
1641 1084 1727 1123 Nos
1755 1080 1949 1123 inducunt
1973 1107 1988 1130 ,
2020 1092 2063 1123 ut
2085 1096 2208 1137 opera
2236 1093 2303 1124 tua
2328 1082 2371 1123 in

1352 1136 1743 1194 rebusinstafcriptis
1761 1140 1961 1182 utendum
1987 1140 2247 1192 duxerimus3
2283 1143 2373 1193 spe-

1351 1209 1490 1241 rantes
1518 1197 1556 1239 in
1577 1199 1751 1240 Domino
1777 1197 1893 1250 sbre,
1924 1210 1999 1246 ut,
2030 1213 2114 1255 quae
2139 1199 2231 1242 Tibi
2260 1211 2373 1239 com-

1353 1255 1599 1304 miserimus,
1630 1256 1834 1299 cumulate
1859 1286 1873 1307 ,
1903 1259 1942 1299 &
1973 1258 2082 1300 reete
2109 1259 2154 1299 {is
2184 1258 2376 1313 expletu-

1352 1328 1445 1358 rus.
1475 1318 1583 1357 Cum
1610 1314 1746 1370 itaque
1772 1328 1847 1369 pro
1865 1313 1959 1358 fidei
1981 1330 2100 1370 propa
2133 1316 2300 1368 atione,
2327 1328 2373 1358 ac

1353 1371 1542 1416 haeresum
1571 1373 1844 1429 extirpatione
1869 1373 1919 1415 ad
1948 1375 2077 1417 Vallis
2098 1331 2267 1417 'gellinae
2291 1403 2307 1425 ,
2336 1375 2377 1414 &

1355 1434 1598 1475 Rhoetorum
1615 1430 1700 1474 loca
1714 1433 1738 1475 a
1754 1433 1831 1474 tuis
1846 1433 2127 1487 Superioribus
2146 1430 2273 1474 missus
2290 1430 2378 1475 fue-

1355 1491 1437 1548 ris,
1467 1493 1584 1540 Nos,
1615 1499 1660 1532 ut
1692 1504 1831 1532 munus
1859 1500 1972 1532 tuum
2001 1491 2051 1532 ad
2083 1490 2260 1546 ejusdem
2283 1489 2378 1533 fidei

1356 1549 1713 1607 propagationem,
1744 1562 1790 1590 ac
1816 1546 2153 1592 Christifidelium
2181 1549 2380 1592 illarum,

1360 1607 1530 1663 partium
1557 1607 1776 1649 animarum
1808 1605 1976 1649 salutem
2009 1607 2151 1651 melius
2175 1634 2190 1657 ,
2221 1609 2257 1649 &
2285 1608 2382 1651 saci-

1362 1667 1438 1709 lius
1467 1679 1665 1709 exercere
1694 1666 1825 1707 valeas
1851 1691 1867 1714 ,
1907 1665 2126 1722 providere
2153 1664 2343 1709 ‘volentes
2368 1693 2383 1717 ,

1364 1724 1457 1767 ‘ribi
1484 1725 1521 1765 in
1551 1725 1649 1766 locis
1683 1724 1907 1779 praedictis,
1940 1738 2024 1779 quae
2055 1723 2278 1780 Episcopos
2298 1738 2382 1766 non

1363 1784 1544 1831 habent,
1574 1784 1614 1823 &
1637 1783 1676 1823 in
1704 1783 1845 1839 quibus
1873 1796 1955 1825 uon
1987 1783 2075 1826 sunt
2104 1786 2274 1826 Perochi
2296 1812 2310 1834 ‚
2344 1784 2385 1824 &

1363 1841 1430 1885 ubi
1453 1839 1539 1883 sunt
1558 1840 1773 1896 Episcopi,
1787 1840 1840 1884 de
1857 1855 1998 1884 eorum
2018 1841 2177 1886 lieentia
2194 1871 2207 1893 ,
2222 1842 2384 1888 omnia,

1359 1904 1400 1943 δι
1423 1899 1575 1954 singula
1602 1928 1616 1951 ‚
1646 1913 1730 1954 quae
1750 1899 1800 1940 ad
1826 1913 1965 1941 curam
1993 1900 2229 1942 Animarum
2258 1901 2385 1955 perti-

1360 1967 1474 2006 nent,
1486 1971 1680 2000 exercere
1696 1985 1710 2007 ‚
1741 1971 1788 2000 ac
1811 1957 2043 2012 praesentem
2058 1958 2294 2002 facultatem
2323 1968 2386 1999 tot

1361 2018 1449 2061 aliis
1465 2016 1779 2065 sociisTuis,Tui
1794 2015 1961 2058 Ordinis
1977 2016 2388 2073 Profefforibus,quot

1363 2076 1457 2121 Tibi
1484 2070 1684 2118 neceffarii
1702 2073 1972 2125 videbuntur,
2000 2076 2041 2115 in
2069 2075 2169 2116 locis
2187 2087 2263 2119 tuae
2292 2073 2391 2118 Mis-

1369 2134 1484 2178 fionis
1508 2131 1802 2174 communicare
1830 2131 1990 2182 libere,
2018 2133 2058 2175 &
2085 2133 2193 2174 licite
2221 2133 2388 2185 valeas,

1369 2190 1595 2248 Apostolica
1619 2190 1887 2241 auctoritate,
1901 2202 2047 2232 tenore
2063 2190 2312 2246 praesemium
2333 2191 2392 2235 sa-

1369 2250 1567 2293 cultatem
1599 2248 1860 2290 concedimus
1894 2250 2212 2305 &impertimur
2238 2281 2252 2295 .
2296 2255 2392 2295 Nou

1370 2307 1619 2352 obstantibus
1651 2306 1912 2360 Apostolici8‚
1943 2309 2044 2350 acin
2064 2310 2392 2360 Universalibus,

1373 2363 1799 2419 Provincialibusque,
1827 2367 1867 2409 &
1896 2367 2161 2420 Synodalibus
2196 2370 2392 2413 Conciliis

1371 2423 1493 2468 editis
1517 2423 1776 2479 generalibus
1797 2450 1812 2474 ,
1843 2424 1907 2466 vel
1936 2424 2167 2478 specialibus
2185 2426 2395 2470 Constitu-

1373 2483 1546 2526 tionibus
1570 2509 1584 2532 ,
1625 2483 1666 2523 &
1688 2480 2024 2524 Ordinationibus
2052 2511 2066 2533 ,
2096 2485 2396 2539 caeterisque.»

1371 2540 1587 2586 contrariis
1600 2539 1911 2597 quibuscumque
1928 2570 1937 2579 .
1974 2543 2121 2583 Datum
2140 2545 2280 2586 Roma:
2293 2542 2398 2596 apud

1372 2605 1414 2649 S.
1430 2602 1596 2652 Petrum
1614 2598 1684 2640 sub
1705 2598 1869 2640 Annulo
1887 2597 2096 2640 Piscatoris
2113 2600 2181 2642 die
2195 2615 2288 2647 xxx.
2310 2604 2397 2643 De-

1374 2657 1547 2702 cembris
1574 2669 1802 2699 unccxxu.
1838 2657 1960 2698 Anno
1980 2652 2183 2699 secundo.

1827 2831 1867 2872 S.
1881 2828 2005 2873 Card-
2024 2833 2067 2873 S.
2080 2828 2259 2873 Susanna
2270 2857 2283 2870 .

1436 2970 1496 3010 Ex
1523 2967 1617 3020 Reg.
1637 2961 1755 3005 Arcb.
1783 2965 1922 3004 secret.
1942 2965 2054 3004 Brev.
2073 2962 2200 3018 Apost.
2215 2990 2230 3013 ,
2258 2960 2326 3005 ubi
2354 2962 2401 3010 (9·

1494 3024 1578 3065 alia
1590 3024 1731 3065 Brevra
1743 3049 1755 3071 ‚
1771 3019 1907 3074 quibus
1923 3020 2162 3074 facultatem
2167 3018 2403 3075 prediffa'en

1492 3082 1546 3124 ad
1559 3083 1717 3124 Fratres
1737 3107 1751 3130 ‚
1773 3081 1891 3119 etiam
1915 3091 1989 3119 non
2002 3079 2122 3133 sbcios
2135 3107 2150 3130 ,
2178 3079 2225 3127 15
2256 3079 2405 3133 Prcsby-

1492 3149 1592 3185 teror
1607 3138 1813 3183 seculares
1826 3151 1866 3179 ex
1872 3137 2246 3192 tendere,P.1gnatio
2259 3138 2404 3195 concy:

1476 3198 1571 3259 stim
1585 3193 1699 3256 sun.

1390 3502 1703 3554 Archiducem
1733 3497 1920 3551 Austriae
1949 3498 2233 3565 Leopoldum
2263 3499 2319 3551 de
2334 3501 2411 3551 be·

1458 3570 1626 3621 neficiis
1649 3567 1856 3619 Ecctefiae
1889 3571 1972 3620 Dei
1995 3571 2039 3616 in
2062 3571 2239 3620 Rhaetia
2272 3574 2411 3622 colla-

1458 3644 1514 3691 tis
1558 3637 1849 3689 commendat
1870 3673 1884 3695 ‚
1936 3636 1984 3689 ὅ(
2013 3672 2028 3695 ,
2069 3654 2119 3690 ut
2150 3645 2224 3690 Fr.
2240 3641 2410 3710 Ignatii

1455 3725 1645 3761 conatus
1663 3708 1845 3774 adjuvet
1861 3743 1876 3766 ,
1901 3709 2109 3760 hortatur
2122 3745 2137 3760 .

1763 3778 1798 3819 Y
1811 3789 1837 3832 y
2277 3774 2355 3817 Di-
