2710 4108
1108 180 1562 300 Tuscia.

291 310 399 345 trum
413 300 485 344 sub
497 291 661 344 Annulo
675 289 893 340 Pisttlorlss
904 288 975 332 dle
988 307 1054 337 xx·
1069 298 1316 345 Novembris

289 372 488 404 nomn
501 371 536 401 t.
551 349 816 398 Pontificatus
833 347 973 393 Nostri
987 355 1107 395 Anno
1119 354 1230 398 sexto
1246 386 1259 399 .

803 464 936 511 Cesar
947 466 1173 514 Glorierius
1186 497 1200 512 .

343 589 653 653 'trusum-la
668 586 791 634 Areb-
812 584 1026 628 maincia
1041 615 1054 628 .

285 863 421 916 idem
446 861 751 928 Privilegium
778 857 838 909 ad
867 859 1027 910 Altare
1062 858 1317 907 Annuntia-

352 932 489 985 tionis
505 928 704 995 ejusdem
737 933 791 982 B.
823 929 984 980 Mariae
1000 929 1204 999 Virginis
1233 930 1318 977 in..

354 1006 537 1055 noviter
566 1014 768 1070 reparata
794 1000 986 1069 Capella
1006 998 1218 1063 Ejusdem
1236 1004 1320 1050 Ec·

354 1071 498 1126 elefiae
524 1066 763 1123 transfert.

287 1201 778 1257 CLEMENS
850 1200 1090 1251 PAPA
1163 1201 1315 1251 VIII.

469 1329 541 1374 Ad
555 1336 786 1387 perpetuam
809 1331 871 1373 rel
893 1329 1142 1371 wemmam.

412 1458 521 1510 Lias,
535 1458 632 1502 ficut
647 1458 875 1515 accepimus
887 1486 903 1511 ,
918 1457 973 1501 fe.
987 1472 1071 1501 rec.
1088 1460 1314 1515 Gregorius

440 1522 546 1573 Papa
562 1519 679 1559 xm.
707 1516 976 1561 Praedecefl'or
1001 1517 1133 1561 noster
1166 1518 1315 1561 Eccle-

287 1580 381 1622 fiam
412 1581 564 1621 Domus
588 1576 721 1620 saneti
738 1575 935 1619 francisci
961 1575 1014 1619 de
1027 1578 1188 1619 Montui
1219 1591 1313 1633 pro-

284 1653 340 1697 pe
361 1666 378 1689 ,
418 1638 461 1679 δι
486 1646 605 1679 extra
629 1633 852 1678 Civitatem
893 1635 1140 1685 Florentiae,
1183 1636 1312 1680 Ordi-

287 1698 350 1740 nis
366 1698 555 1739 Fratrum
568 1692 871 1750 capucinorum
882 1719 898 1742 ‚
924 1706 970 1736 ac
986 1693 1025 1736 in
1039 1707 1086 1737 ea
1101 1694 1311 1750 Capellam

287 1753 582 1809 conceptionis
595 1752 641 1803 B.
657 1752 793 1795 Maria
808 1751 985 1806 Virginis
1002 1749 1161 1808 speciali
1176 1754 1314 1798 Privi-

285 1813 398 1870 legio
409 1813 607 1856 decorare
626 1809 770 1854 volens
785 1838 799 1862 ,
827 1811 1067 1855 auctoritate
1091 1812 1162 1852 fibi
1185 1826 1206 1853 a
1224 1814 1314 1855 Deo

289 1872 441 1916 tradita
456 1867 664 1920 concessit,
684 1877 746 1920 ut,
756 1869 913 1926 quoties
929 1870 968 1912 itt
982 1869 1114 1913 Altari
1131 1870 1312 1925 Capellae

291 1928 519 1989 hujusmodi
537 1931 683 1973 Frater
706 1927 901 1972 Sacerdos
925 1927 1021 1970 dieti
1036 1929 1201 1972 Ordinis
1216 1927 1311 1972 Mis-

284 1989 369 2033 sam
398 1986 726 2045 proliberatione
750 1987 867 2030 unius
894 1987 1030 2030 animae
1056 1989 1095 2029 in
1112 1989 1310 2044 Purgato-

281 2046 592 2098 rioexistentis,
621 2043 721 2094 suo,
752 2045 816 2089 vel
845 2044 979 2090 alieno
1006 2046 1175 2090 arbitrio
1199 2047 1310 2089 cele·

281 2110 423 2151 braret
436 2132 451 2157 ,
484 2104 562 2161 ipsa
576 2105 706 2147 anima
723 2116 795 2160 per
815 2104 1039 2162 hujusmodi
1063 2105 1309 2148 celebratio·

280 2178 378 2210 nem
393 2164 556 2209 easdem
570 2161 847 2217 Indulgentias
860 2190 875 2214 ,
906 2163 946 2204 δι
961 2174 1220 2218 peccatorum
1245 2177 1312 2206 re-

285 2222 510 2268 miffionem
526 2220 843 2274 consequeretur
857 2247 872 2270 ,
901 2219 1002 2263 &ad
1019 2220 1133 2277 ipfius
1163 2222 1312 2265 libera-

288 2283 472 2328 tionem,
502 2292 577 2334 pro
589 2291 667 2334 qua
680 2277 887 2322 celebrata
906 2277 1063 2328 fuisset,
1094 2279 1198 2322 dicia
1218 2279 1310 2323 Mis·

284 2340 325 2383 sa
352 2347 626 2396 operaretur,
655 2349 751 2391 quas
779 2336 1122 2393 consequeretur,
1150 2341 1191 2381 δι.
1212 2353 1310 2394 ope·

287 2409 475 2447 raretur,
506 2395 530 2438 fi
548 2392 728 2451 prefatus
741 2395 940 2439 Sacerdos
965 2396 1037 2439 hac
1060 2395 1114 2439 de
1127 2396 1238 2442 causa
1254 2397 1307 2440 ad

283 2455 566 2509 Altare‚fitum
587 2453 629 2496 in
644 2451 824 2497 Ecclefia
834 2454 948 2498 Beati
962 2456 1153 2512 Gregorii
1163 2456 1217 2498 de
1233 2459 1311 2500 Ur·

286 2518 340 2560 be
359 2546 373 2568 ,
402 2514 452 2558 ad
478 2513 520 2556 id
546 2511 782 2579 deputatum
802 2514 1062 2580 celebraret,
1092 2523 1215 2569 prout
1239 2515 1310 2559 in..

284 2574 425 2677 3¹:235
429 2574 585 2674 ‘2325
587 2573 802 2685 {132ssss
804 2570 984 2682 iiiiii?
988 2572 1186 2686 'adfixi'
1189 2585 1312 2673 ‘2202

285 2705 377 2736 rem
392 2686 651 2746 presentibus
665 2702 742 2745 pro
756 2686 939 2743 expreiso
956 2688 1092 2732 haberi
1109 2688 1310 2740 volumus,

283 2750 442 2808 plenius
463 2748 703 2790 continetur
727 2775 737 2788 .
774 2749 881 2788 Cum
905 2757 1042 2790 autem
1065 2774 1081 2798 ,
1111 2748 1209 2789 licut
1236 2760 1310 2801 pro

282 2819 400 2865 parte
425 2806 626 2848 diuorum
643 2806 828 2848 Fratrum
857 2804 988 2847 Sancti
1007 2804 1205 2847 Francisci
1222 2807 1310 2847 No-

281 2869 344 2911 bis
370 2878 501 2920 nuper
520 2862 743 2919 expolitum
775 2861 850 2904 suit
869 2891 882 2914 ,
913 2876 1056 2905 eorum
1085 2862 1309 2906 Ecclesiam

283 2936 513 3029 ‘rtem
536 2936 604 3036 «352
616 2917 1312 3033 insirigus?”hfflzz‘szsssffisss

427 3010 444 3033 ‚
525 3014 530 3018 .

284 3042 535 3102 parationem
562 3037 657 3082 secit
682 3065 697 3090 ,
729 3035 863 3081 voluit
880 3037 1095 3091 Capellam
1112 3051 1183 3093 per
1201 3038 1308 3079 Eum

283 3102 339 3146 de
353 3112 460 3143 novo
474 3095 714 3139 exstructam
730 3108 803 3150 pro
817 3094 904 3151 ejus
919 3094 1155 3150 particulari
1184 3095 1311 3139 devo-

281 3161 398 3204 aione
417 3156 468 3200 ad
493 3153 852 3199 Annuntiationem
875 3152 1055 3209 ejusdem
1078 3156 1207 3196 Beate
1223 3156 1312 3196 Ma-

282 3215 488 3271 siae‚eujus
502 3217 669 3256 iconem
683 3211 760 3267 jam
775 3210 999 3254 faciendam
1012 3211 1312 3262 curavitstedi,

281 3280 396 3321 cari.
422 3275 603 3329 Cupiunt
633 3279 850 3326 propterea
876 3268 970 3312 dieti
986 3271 1145 3313 Fratres
1161 3269 1310 3314 Altare

284 3333 415 3389 Cape!
425 3333 467 3376 lae
479 3329 772 3385 Conceptionis
786 3326 1078 3382 hujusmodifid
1091 3325 1312 3383 Capellam

283 3389 620 3436 Annuntiationis
646 3388 698 3430 de
713 3400 819 3429 novo
839 3385 1096 3429 constructam
1114 3400 1187 3442 per
1213 3388 1303 3430 Nos

284 3447 534 3498 transferri,
565 3444 771 3500 Nobisqne
799 3443 1007 3486 humiliter
1019 3442 1232 3499 supplicari
1249 3442 1308 3487 se·

283 3516 431 3552 cerunt
468 3535 484 3556 ,
524 3515 570 3549 ut
607 3505 646 3547 in
673 3502 867 3558 praemiffis
900 3501 1127 3556 opportune
1165 3503 1304 3557 provi-

283 3568 388 3611 dere
403 3593 418 3616 ‚
441 3564 495 3607 de
523 3563 771 3619 benignitate
789 3559 1014 3617 Apostolica
1025 3559 1311 3614 dignaremur,

282 3630 372 3670 Nos
398 3624 519 3678 igitur
545 3619 783 3664 eorumdem
803 3622 983 3663 Fratrum
1010 3617 1083 3672 piis
1109 3618 1214 3659 votis
1238 3618 1311 3660 be·

283 3683 405 3785 2⁵53?
432 3673 1307 3794 2233:332339221223551‘{¹233}

402 3768 416 3791 ²
1299 3783 1302 3785 ,

1406 299 1603 343 uemlibet
1648 296 1672 341 ἃ
1703 298 1907 355 quibusvis
1949 304 2373 346 excommunicationis
2387 330 2402 351 ,

1395 358 1664 413 arpennem,
1694 359 1734 400 δι
1753 357 1982 409 interdicti,
2014 358 2180 415 aliisque
2197 360 2405 404 Ecclesia*

1378 417 1483 458 stieis
1499 415 1737 469 sententiis,
1766 414 1972 467 censuris,
2002 418 2041 458 δι
2070 419 2230 473 poenis,
2262 418 2407 476 ajute,

1379 474 1446 517 vel
1473 476 1524 517 ab
1553 475 1742 526 homine,
1772 474 1912 531 quavis
1928 475 2167 527 occasione,
2200 479 2265 521 vel
2291 478 2406 522 causa

1377 532 1471 574 latis
1496 561 1512 583 ,
1555 531 1581 573 ti
1608 533 1752 587 quibus
1778 530 2090 588 quomodolibet
2116 535 2298 579 innodati
2322 539 2408 580 exi·

1378 589 1510 639 flunt,
1540 589 1589 632 ad
1617 589 1802 634 effectum
1818 589 2068 647 presentium
2090 591 2282 637 duntaxat
2310 609 2408 638 conv

1378 646 1624 703 sequendum
1638 675 1653 698 ,
1686 650 1829 690 harum
1853 649 1955 691 serie
1970 647 2228 706 absolventes
2241 678 2255 702 ‚
2284 654 2324 694 δι
2339 654 2410 695 ab·

1377 704 1528 747 solutos
1555 701 1641 747 fore
1668 707 1880 749 censentes
1904 734 1919 758 ‚
1951 706 2179 761 huiusmodi
2209 709 2408 765 supplica-

1378 764 1553 806 tionibus
1583 764 1791 817 inclinati,
1822 764 2049 820 praedietttm
2068 767 2333 824 Privilegium
2356 770 2408 813 ad

1377 822 1525 864 Altare
1539 825 1829 878 conceptionis
1847 826 1976 866 Beate
1999 826 2136 868 Mariae
2162 839 2235 881 per
2259 828 2407 869 dieium

1377 882 1627 938 Gregorium
1638 907 1654 932 ,
1668 891 1713 923 ut
1734 881 1959 937 praefertur,
1977 882 2218 936 concessum,
2234 899 2284 927 ex
2297 886 2405 928 disto

1378 940 1541 990 Altari,
1571 940 1620 982 ad
1652 940 1827 991 Altare,
1857 940 1922 983 seu
1946 942 2163 997 Capellam
2189 972 2205 994 ‚
2237 947 2410 987 Annun-

1377 999 1559 1042 ciationis
1583 997 1760 1053 ejusdem
1784 1001 1914 1042 Beatae
1929 1001 2062 1042 Mariae
2076 1027 2091 1050 ,
2123 1010 2167 1042 ut
2182 1001 2408 1057 praefertur,

1377 1059 1430 1101 de
1444 1073 1551 1102 novo
1562 1058 2083 1111 construdtam,austoritate
2097 1059 2414 1114 Apostolica,te—

1375 1131 1477 1160 nore
1496 1118 1745 1174 praesentium
1762 1117 1962 1174 perpetuo
1974 1117 2081 1175 juxta
2096 1118 2288 1163 dictarum
2304 1122 2412 1163 Gre-

1378 1177 1482 1233 gorii
1514 1175 1812 1219 Praedecefforis
1845 1176 2057 1220 literarum
2080 1187 2299 1229 tenorem,
2335 1179 2406 1220 in..

1375 1236 1559 1277 omnibus
1574 1262 1588 1286 ,
1600 1236 1639 1277 δε
1653 1249 1725 1292 per
1738 1235 1872 1277 omnia
1881 1234 2162 1280 transferimus
2176 1264 2188 1277 .
2221 1240 2315 1280 Non
2333 1237 2406 1279 ob·

1374 1294 1584 1344 stantibus,
1601 1305 1796 1348 quatenus
1812 1308 1911 1350 opus
1930 1293 1989 1345 stt,
2005 1295 2132 1338 nostra
2145 1295 2198 1337 de
2208 1308 2288 1338 non
2306 1309 2410 1338 con-

1374 1352 1570 1396 cedendis
1589 1353 1861 1409 indulgentiis
1876 1354 1925 1396 ad
1943 1353 2084 1400 instar,
2116 1352 2281 1411 aliisque
2304 1367 2408 1397 con-

1374 1411 1649 1455 stitutionibus
1673 1440 1688 1463 ,
1718 1410 2107 1455 &odinationibus
2133 1412 2410 1468 Apostolicis,

1374 1485 1451 1514 nec
1472 1485 1552 1512 non
1568 1473 1753 1514 omnihus
1776 1470 1857 1513 illis
1874 1496 1888 1523 ,
1919 1471 2154 1522 quaediftus
2177 1474 2406 1528 Gregorius

1374 1529 1642 1574 Praedeceffor
1654 1530 1692 1571 in
1706 1527 1877 1586 pnaefaris
1892 1530 2018 1572 literis
2035 1530 2163 1572 voluit
2178 1545 2256 1573 non
2273 1531 2405 1573 obsta-

1373 1601 1418 1631 re
1433 1614 1448 1637 ,
1478 1588 1726 1642 coeterisque
1739 1590 1949 1631 contrariis
1963 1590 2276 1645 quibuscumque
2289 1619 2302 1629 .
2323 1592 2405 1632 Da·

1373 1658 1460 1689 tum
1479 1646 1642 1690 Tusculi
1659 1647 1727 1689 sub
1741 1647 1907 1689 Annulo
1926 1648 2137 1689 piscatoris
2151 1649 2219 1692 die
2234 1662 2273 1691 x.
2285 1650 2407 1691 0510-

1375 1708 1607 1751 bris-noct.
1623 1703 1890 1750 pontificatus
1911 1706 2048 1750 Nostri
2063 1708 2183 1748 Anno
2206 1705 2372 1749 decimo
2391 1734 2404 1747 .

1779 1828 1840 1870 M.
1852 1825 2032 1869 V-estrius
2051 1824 2292 1867 Barbianus.

1429 1944 1551 1987 Breve
1562 1943 1790 2000 firmatum
1802 1943 1846 1984 in
1860 1944 2031 1986 Archivo
2058 1944 2268 1985 Provincia.-
2284 1971 2298 1981 .

1366 2051 1541 2066 ψ

1373 2144 1733 2199 Instrumentum
1750 2146 1973 2197 Francisci
1998 2146 2256 2198 Cardinalis
2273 2147 2403 2197 Tau-

1411 2249 1415 2254 »
1443 2215 1546 2266 rufii
1563 2252 1579 2275 ,
1610 2216 1953 2285 Archiepiscopi
1969 2216 2170 2268 Senensis
2186 2215 2242 2273 de
2256 2217 2408 2268 Eccle-

1443 2285 1503 2336 sta
1538 2291 1586 2338 S.
1604 2289 1776 2357 AEgidii
1796 2323 1812 2346 ,
1850 2287 2078 2339 Pallitheae
2096 2324 2112 2348 ,
2149 2286 2199 2338 ὅ(
2225 2289 2408 2338 Monia-

1439 2357 1554 2407 libus
1582 2373 1664 2426 pro
1681 2358 1960 2410 Monasterio
1977 2356 2177 2409 concessa
2194 2377 2210 2417 3
2243 2358 2301 2408 de
2316 2361 2408 2408 Ca-

1438 2429 1631 2495 pellania
1658 2432 1702 2478 in
1719 2447 1770 2478 ea
1788 2445 1896 2479 cum
1920 2428 2051 2480 Miss'a
2080 2443 2295 2498 perpetua
2313 2427 2408 2477 fun·

1443 2497 1591 2558 data}
1613 2497 1669 2547 de
1690 2502 1808 2549 Dore
1834 2499 1984 2550 eidem
2005 2502 2293 2567 appropriata
2310 2533 2325 2555 ‚
2350 2510 2403 2545 ac

1440 2569 1560 2617 illius
1596 2585 1702 2617 curn
1741 2568 2209 2636 Archipresbyteratu
2240 2570 2405 2618 unione

1441 2636 1706 2695 confirmat,
1727 2636 1775 2687 ὅ(
1795 2641 2021 2687 Moniales
2039 2637 2118 2688 sub
2131 2635 2406 2702 jurisdictio.-

1441 2723 1496 2754 ne
1529 2706 1767 2756 Ordinarii
1794 2708 2007 2757 omnibus
2038 2709 2230 2758 Ordinis
2262 2707 2406 2775 privi-

1439 2776 1571 2844 legiis
1597 2776 1799 2847 gaudere
1835 2777 1999 2827 debere
2023 2776 2190 2829 sancit.
2403 2789 2406 2793 ’

1371 2906 1800 2956 CLEMENS
1875 2903 2400 2959 EPISCOPUS

1620 3035 1772 3077 Servus
1800 3033 2020 3078 Servorum
2042 3034 2148 3078 Dei.

1547 3149 1617 3193 Ad
1625 3159 1856 3209 perpetuam
1885 3150 1949 3194 rei
1972 3155 2198 3195 memoriam
2211 3180 2224 3194 .

1438 3267 1545 3309 Nter
1561 3279 1697 3312 cetera
1718 3266 1850 3309 cordis
1865 3268 1987 3311 nostri
2001 3266 2279 3312 desiderabilia
2297 3266 2398 3311 illud

1451 3323 1839 3370 fiuceris.·ffeetibus
1857 3327 2138 3381 ampleelimur
2151 3352 2166 3373 ,
2194 3337 2236 3367 ut
2251 3329 2399 3369 Mona-

1421 3381 1476 3423 ria
1491 3411 1506 3434 ‚
1527 3385 1566 3426 δι
1587 3386 1667 3430 alia
1685 3385 1749 3442 pia
1774 3383 1862 3426 loca
1883 3387 1907 3428 a
1931 3383 2267 3428 Christifidelibus
2293 3381 2402 3427 insti-

1366 3446 1561 3491 tuantur,
1591 3444 1631 3486 in
1658 3441 1800 3500 quibus
1824 3454 1976 3486 aeteruae
2004 3439 2267 3487 beatitudinis
2294 3456 2400 3485 ama—

1364 3498 1486 3541 trices
1501 3501 1537 3541 in
1555 3500 1793 3545 humilitatis
1808 3499 1945 3555 spiritu
1961 3529 1976 3553 ,
2006 3502 2165 3557 &pacis
2180 3501 2396 3546 amoenita·

1372 3567 1414 3598 te
1429 3555 1628 3603 Altiffimo
1643 3558 1878 3605 famulatum
1894 3559 2072 3603 reddere
2088 3558 2281 3612 valeant,
2294 3558 2334 3601 δι
2348 3558 2399 3600 ad

1370 3614 1466 3661 illos
1478 3614 1692 3661 dexteram
1707 3616 1845 3661 nossrae
1861 3617 2115 3661 liberalitatis
2129 3618 2402 3665 extendimus,

1365 3685 1467 3729 quos
1492 3673 1540 3716 ad
1564 3676 1603 3719 id
1629 3677 1789 3732 propria
1820 3677 2016 3722 virtutum
2040 3677 2186 3720 merita
2200 3674 2398 3732 multipli-

1364 3743 1472 3777 citer
1500 3735 1830 3779 recommendant
1846 3763 1860 3776 .
2277 3792 2306 3833 Ε

2314 3803 2354 3831 x-
