2762 4030
1118 138 1711 232 Communia.

2373 187 2427 266 9

307 270 405 321 synt
417 266 652 305 extrahamur
662 285 676 307 ‚
699 260 742 303 ὁ·
755 254 802 294 ad
811 255 1015 294 Conventus
1039 255 1282 295 conducantur
1296 282 1310 301 .
1331 260 1375 301 ὼ·
1388 260 1525 308 quidem
1547 262 1708 351 ἱηχῧσὶσ
1732 259 1756 296 8
1775 259 1965 309 Caput-inis
1977 290 1987 301 .
2006 267 2229 321 Qapr'opter
2255 270 2296 305 ‚⁰11
2309 274 2480 308 executio.

317 333 394 359 nem
412 317 544 356 Mentis
555 311 675 353 Sanfiii
697 308 755 346 vni
766 305 909 343 Domini
924 305 1027 355 nostri
1046 303 1598 358 Reverendiffimaevomfnatfom

1710 321 1738 346 ae
1750 310 1981 358 notandae-io,
1993 320 2096 362 quod,
2099 322 2131 367 fi
2141 319 2315 368 Capucini
2328 342 2340 361 ‚
2352 321 2479 369 etiamsi

318 380 420 408 extra
432 367 574 404 stam„
586 362 653 399 Ecc
675 354 843 408 stasticum
859 381 869 395 ,
894 364 958 391 aut
972 365 1181 403 quocumque
1195 356 1263 392 alio
1278 359 1318 393 in
1330 356 1577 416 loco-degerent
1588 382 1598 399 .
1614 361 1659 397 ab
1677 358 1741 396 illa
1757 359 1920 396 Civitate
1931 386 1940 400 .
1953 361 1997 402 dr
2012 363 2107 402 illius
2118 368 2282 417 Distrifiu
2294 392 2303 407 ‚
2317 366 2423 403 oleum
2435 371 2474 404 in

319 415 444 465 elmos
458 426 538 452 nan
549 422 590 449 ac
612 408 764 458 aristeum,
790 415 851 441 ceu
866 404 1033 442 donatum
1050 429 1058 441 ,
1085 415 1149 441 aut
1161 408 1183 441 ἅ
1195 406 1357 455 Persoms
1370 415 1440 454 pus
1450 417 1599 457 emptum
1622 409 1670 445 ad
1679 419 1796 451 eorum
1804 407 1928 444 Domos
1951 409 1995 453 ὼ·
2008 411 2163 463 Ecclefias
2173 427 2236 464 pro
2246 418 2385 466 proprio
2410 418 2474 466 usu

320 478 422 508 trans
438 474 515 503 me
525 471 569 499 vo

319 527 423 557 tenus
432 507 637 557 cumgratia
653 533 658 543 .
686 514 789 553 quam
800 503 877 543 San

318 563 474 618 psalant
485 566 607 595 nanus
618 554 694 597 &c-

409 654 527 697 Rme
543 665 576 708 3.
589 651 687 696 Mais·
705 654 812 708 1613,

612 465 654 494 nt
665 482 675 496 ,
688 451 981 538 Reverendffma
998 451 1202 490 Dominatio
1218 452 1338 505 Vestra
1348 457 1393 491 iis
1407 464 1634 504 opportunam

908 501 1030 552 rfflmus
1054 500 1186 543 &alias
1196 504 1263 552 piae
1285 503 1452 554 ‘Persona
1477 467 1666 556 respetlivg
1684 509 1732 544 iis
1737 506 1881 556 faciunt
1893 533 1904 550 ,
1915 506 1988 556 [ιβ
2008 520 2228 549 manutenere
2241 513 2401 552 valeant.
2425 514 2473 553 Es

1669 471 1707 495 ro
1719 458 1828 494 libero
1842 457 1992 507 tranfitu
2005 462 2165 500 concedat
2175 465 2349 502 licentiam
2367 492 2377 507 ,
2388 478 2475 514 qua-

895 599 1042 652 lllustris
1054 601 1099 644 ὀ·
1108 599 1406 654 Reverendiffanae
1420 604 1682 643 Dominationis
1698 604 1748 645 Ve
1775 617 1834 647 ra.

1843 708 1882 745 A
1909 706 2129 760 efiuofiffimus
2143 710 2278 747 Servus

1633 759 1839 808 Hortenfius
1897 758 2005 796 ubeus
2029 757 2282 811 Commiffirrius
2296 761 2443 799 camera
2455 785 2469 798 .

489 860 769 919 Litteraeautem,
793 859 832 898 P.
847 856 1509 905 Broc-GeneraliOrdinlsiuscriptae,
1542 856 1681 898 suerunt
1701 858 1782 913 styli
1796 857 1993 908 sequentis.

1180 958 1236 996 M.
1250 958 1459 997 Reverende
1475 961 1575 1000 Pater
1588 987 1597 997 .

406 1061 557 1112 Exposui
564 1058 770 1111 Sanffiffmo
781 1060 1038 1110 petitionem&
1047 1059 1193 1097 dubium
1204 1082 1216 1102 ,
1229 1058 1442 1108 nominesuae
1463 1058 1663 1111 Religionis
1686 1058 1774 1096 mibi
1785 1059 1962 1110 expolitum
1976 1083 1990 1105 ,
2016 1071 2064 1096 an
2067 1059 2204 1110 scilicet
2212 1058 2243 1095 ii
2257 1083 2267 1101 ,
2288 1059 2351 1107 qui
2374 1060 2470 1096 vobis

306 1111 418 1152 'oleum
430 1136 444 1157 ,
463 1110 659 1159 legumina,
679 1110 859 1158 panem&
881 1108 990 1146 tmilia
1018 1121 1080 1146 ceu
1094 1108 1312 1157 elemosynam
1321 1117 1385 1157 pro
1392 1110 1532 1157 proprio
1557 1109 1804 1147 Conventuum
1830 1121 1873 1146 ve
1921 1121 2019 1146 orum
2032 1110 2097 1158 usu
2110 1118 2297 1159 apportant
2312 1135 2323 1152 ,
2347 1108 2469 1144 incur-

305 1173 394 1202 rant
404 1159 785 1200 excommunicationem
796 1186 806 1202 ,
832 1171 854 1195 a
867 1158 922 1195 iiis
935 1168 1059 1196 contra
1069 1171 1122 1195 eos
1132 1157 1242 1194 latam
1256 1182 1271 1202 ,
1283 1159 1346 1206 qui
1359 1156 1449 1194 talia
1464 1185 1474 1199 ‚
1498 1157 1823 1203 velextrajstatum
1875 1157 2105 1218 eclesiasticum
2116 1186 2127 1202 ,
2141 1157 2199 1195 vel
2209 1157 2251 1194 de
2263 1155 2334 1193 loco
2355 1158 2469 1193 imme.

303 1211 402 1251 diato
418 1210 464 1249 ad
474 1208 664 1247 mediatum
678 1209 779 1245 intra
792 1208 939 1246 eundem
945 1209 1090 1246 Statum
1103 1217 1246 1254 portant
1260 1210 1276 1242 ἓ
1288 1206 1480 1255 &pariter
1490 1233 1498 1247 ‚
1514 1219 1562 1244 an
1573 1206 1717 1244 Fratres
1731 1207 1838 1259 vestri
1851 1207 2004 1247 Ordinis
2017 1232 2030 1251 ‚
2054 1209 2118 1257 qui
2129 1219 2170 1244 ea
2180 1215 2328 1256 portant
2338 1232 2348 1246 .
2373 1217 2465 1242 acce.

298 1269 410 1311 praue
420 1287 432 1304 ,
454 1257 515 1296 vel
522 1257 756 1308 insubfidium
770 1284 782 1299 ,
801 1257 845 1300 dr
854 1258 1037 1307 proprium
1059 1256 1209 1294 aliorum
1222 1255 1411 1308 vestrorum
1425 1257 1671 1295 Conventuum
1686 1257 1784 1306 usum
1797 1259 1947 1299 mittunt
1960 1282 1971 1299 ,
1997 1256 2061 1293 illa
2076 1256 2275 1307 afficiantur
2289 1258 2302 1293 ζ
2318 1254 2363 1292 Et
2377 1256 2466 1293 San-

302 1309 479 1358 &eassua
492 1317 535 1346 ex
547 1307 710 1354 ingenita
712 1307 778 1357 sibi
794 1305 990 1345 Clementia
997 1307 1085 1345 mibi
1098 1306 1252 1355 reposuit
1262 1331 1272 1346 ,
1298 1304 1390 1354 quod
1397 1305 1471 1355 jam
1485 1305 1567 1342 aliis
1589 1306 1728 1342 vicibus
1743 1307 1783 1342 in
1790 1306 1966 1356 praediffis
1991 1306 2119 1357 casibus
2141 1305 2468 1343 excommunicatio·

302 1370 383 1396 uem
397 1370 465 1396 non
477 1357 618 1394 incurri
631 1355 870 1394 declaraverit
881 1357 992 1405 3quod
999 1358 1042 1400 ά·
1055 1355 1278 1405 confirmavit
1289 1381 1301 1398 ‚
1314 1353 1496 1403 voluitque
1505 1380 1518 1400 ‚
1530 1365 1571 1393 ut
1583 1355 1629 1393 P.
1647 1352 1692 1391 V.
1703 1355 1845 1405 desuper
1859 1355 2000 1393 reddam
2015 1357 2197 1394 certiorem
2206 1382 2216 1399 ‚
2235 1362 2344 1404 prout
2357 1353 2467 1402 &fa-

303 1408 359 1445 cio
373 1433 383 1450 .
405 1418 557 1456 rogans,
578 1415 621 1444 ut
629 1414 696 1455 pro
699 1406 770 1456 sua
780 1405 978 1445 Sanfflitate
1002 1408 1262 1456 Sacraspreces
1281 1403 1461 1454 duplicari
1471 1415 1572 1446 curet
1586 1425 1599 1443 ι
1621 1404 1671 1449 Et
1691 1416 1813 1445 manus
1839 1403 1994 1456 osculans
2006 1404 2081 1448 &e-
2105 1402 2222 1445 Roma
2247 1413 2307 1441 22.
2321 1401 2465 1454 Janua.

302 1468 358 1496 m
373 1459 480 1505 ¹⁶¹4
500 1504 558 1546 M.
570 1503 619 1544 R.
630 1493 871 1546 faternitatis
888 1505 940 1545 Ve
966 1517 1036 1547 ra.

1799 1560 1930 1600 Parati
1953 1570 2038 1598 smus
2051 1557 2100 1595 ad
2111 1557 2270 1606 obsequia

1627 1608 1835 1660 Hortensius
1849 1609 1912 1647 Ru
1955 1620 1999 1646 us
2010 1609 2126 1648 Comm
2134 1606 2275 1659 iffarius
2288 1606 2436 1645 Camerae
2451 1630 2463 1642 .

401 1707 538 1747 Tertiae
546 1708 631 1746 dein
641 1707 847 1746 reflexionis
859 1708 1000 1749 materia
1014 1708 1123 1757 digna
1136 1711 1187 1750 est
1201 1736 1211 1753 .
1230 1713 1331 1761 quod
1346 1711 1593 1760 Apostolicum
1608 1709 1842 1755 privilegium
1867 1709 1914 1746 ad
1931 1719 2150 1759 quacumque
2166 1706 2239 1743 loca
2255 1732 2266 1750 ‚
2283 1707 2350 1792 ζειι
2374 1708 2466 1746 Con-

301 1766 432 1796 ventus
442 1757 731 1807 ubicumquesitos
741 1759 954 1796 extendatur
965 1787 976 1804 ,
999 1765 1033 1797 δε
1048 1771 1117 1797 tam
1130 1761 1342 1799 Cardinales
1352 1786 1365 1806 ,
1387 1763 1492 1810 quam
1519 1760 1694 1807 Principes
1708 1759 1743 1795 8<
1762 1759 1988 1804 Magistratus
2001 1759 2182 1795 saeculares
2194 1780 2208 1800 ‚
2234 1768 2283 1793 no
2310 1756 2341 1792 is
2353 1755 2467 1793 effica-

300 1805 572 1844 cisdefenfionis
587 1806 747 1855 praelidio
758 1807 850 1846 circa
862 1809 1034 1847 dictarum
1047 1810 1325 1859 elemosynarum
1342 1808 1676 1858 transportationem
1691 1807 1844 1845 assistere
1858 1818 2069 1846 moneantur
2093 1808 2130 1844 ἃ
2147 1816 2319 1850 rogentur
2331 1828 2344 1849 ‚
2373 1804 2466 1842 nihi·

299 1856 459 1893 lominus
482 1855 518 1893 id
541 1859 634 1894 inter
658 1856 848 1904 privilegia
869 1858 1066 1897 Provinciis
1093 1859 1228 1905 ltaliae,
1250 1861 1285 1898 &
1299 1861 1491 1898 insularum
1514 1858 1746 1907 adjacentium
1767 1857 1965 1894 communia
1980 1856 2066 1905 poni
2084 1855 2183 1892 suasit
2199 1854 2342 1891 reflexio
2356 1864 2462 1898 ,tam,

299 1905 401 1952 quod
415 1905 557 1942 molesta
571 1907 752 1944 neeeffitas
763 1905 887 1955 saepius
901 1908 992 1946 illud
1004 1907 1163 1947 exhiberi
1183 1921 1288 1955 cogat
1302 1935 1317 1956 ‚
1328 1920 1395 1946 tam
1410 1935 1418 1949 ,
1438 1910 1536 1957 quod
1554 1910 1589 1945 in
1606 1905 1806 1945 Provinciis
1821 1906 2105 1944 ultramontanis
2119 1908 2139 1943 fl
2154 1905 2376 1941 Dohanarum
2391 1902 2465 1939 Mi·

299 1953 417 1991 nistris
428 1953 629 2002 hujusmodi
643 1956 747 1993 vexis
757 1967 828 1993 non
843 1957 1034 1995 obrtnmur
1048 1982 1061 2002 ,
1071 1958 1118 1993 ita
1132 1958 1274 2006 quidem
1284 1981 1298 1999 ‚
1323 1969 1362 1995 ut
1374 1958 1480 1994 etiam
1492 1971 1555 1995 eos
1567 1984 1576 1999 ,
1602 1955 1664 2006 qui
1678 1956 1714 1992 in
1728 1956 1797 1995 fide
1810 1957 1830 1992 ὲ
1843 1956 1966 1994 NobIs
1981 1955 2175 2005 discrepant
2190 1979 2204 2001 ,
2217 1952 2434 2000 experiamur
2446 1977 2462 1997 ‚

297 2002 469 2042 charitate
482 2015 566 2050 erga
580 2006 750 2043 Ordinem
759 2029 774 2051 ‚
789 2005 896 2055 usque
909 2008 952 2045 ad
965 2007 1119 2049 aliorum
1130 2007 1366 2047 confulionem
1381 2031 1396 2052 ‚
1415 2006 1538 2057 saepius
1547 2006 1752 2052 infigniorea
1766 2031 1777 2043 .

545 2101 754 2153 Originale‘a
767 2103 828 2143 vel
833 2105 982 2157 exempla
994 2105 1154 2144 authent.
1167 2108 1208 2144 iu
1221 2106 1429 2145 Arch.Gen.
1445 2106 1538 2144 Ord.
1549 2116 1630 2144 tom.
1642 2104 1678 2141 K
1694 2132 1704 2142 .

297 2323 572 2366 MEDIATO
615 2328 772 2370 VIVAE
817 2328 989 2368 VOCIS
1031 2327 1342 2368 ORACULO.

299 2429 539 2482 Omnibus
583 2431 882 2485 Ecclefiastici
916 2431 1072 2483 Statfis
1104 2433 1336 2482 Domibus

368 2505 606 2554 annuatim
653 2505 917 2571 portionem
953 2504 1071 2555 Salis
1101 2502 1159 2552 ad
1189 2507 1332 2553 ratio-

362 2590 471 2623 nem
504 2593 582 2638 15.
611 2572 836 2625 librarum
853 2590 940 2643 pro
966 2572 1163 2625 Persona
1195 2572 1335 2626 confi-

361 2647 496 2715 gnari
526 2645 774 2696 mandatur
790 2681 804 2695 .

294 2764 851 2820 HYPPOLITUS
904 2769 954 2816 S.
1008 2768 1332 2816 ANGELI

417 2853 510 2901 IN
562 2852 794 2901 FORO
841 2851 1219 2905 PISCIUM

392 2965 597 3011 Diaconos
642 2968 869 3012 cardinalis
912 2966 1233 3013 Aldobrandinas

550 3030 591 3069 s.
624 3030 673 3070 R.
707 3031 755 3071 Ε.
789 3031 1041 3073 Camerarius
1058 3055 1073 3070 .

437 3143 536 3188 Obis
566 3144 795 3202 magnificis
827 3146 990 3189 Salariae
1014 3147 1331 3203 N-Appaltato4

454 3206 567 3247 ribus
591 3205 662 3248 seu
678 3204 1020 3248 Distributoribus
1035 3231 1050 3254 ‚
1075 3217 1180 3248 nunc
1198 3208 1236 3248 δι
1252 3220 1329 3261 pro

284 3270 479 3320 tempore
497 3263 764 3307 existentibus
777 3293 793 3315 ‚
806 3263 860 3307 de
876 3263 1074 3308 mandato
1088 3266 1327 3308 sanctissimi

284 3325 344 3366 1)-
361 3326 417 3366 Ν.
435 3325 548 3379 Papae
567 3323 679 3365 Vivae
696 3323 823 3365 Vocis
836 3323 1009 3366 oraculo
1032 3322 1162 3364 Nobis
1185 3319 1291 3366 fano
1305 3353 1322 3375 ,

285 3384 330 3425 δι
347 3385 589 3425 auctoritate
607 3380 728 3424 nostri
745 3378 1052 3425 Camerariau‘is
1068 3380 1203 3425 officii
1217 3411 1231 3433 ‚
1253 3392 1322 3425 te-

282 3456 394 3486 nore
419 3441 675 3499 praesentium
706 3441 1001 3483 committimus
1027 3468 1043 3493 ‚
1074 3439 1115 3481 δι
1150 3440 1319 3484 manda-

284 3514 379 3543 mus
395 3530 411 3553 ,
437 3512 636 3559 quatenus
664 3499 717 3542 de
734 3500 830 3543 Sale
845 3499 953 3541 istius
970 3498 1134 3543 Salariae
1161 3498 1325 3555 lingulis

289 3561 405 3605 annis
423 3562 638 3618 perpetuis
665 3559 813 3603 futuris
837 3557 1090 3614 temporibus
1120 3558 1326 3613 tradatis²

288 3619 331 3660 δι’.
353 3620 600 3676 confignetis
615 3652 631 3673 ,
663 3619 880 3676 tradique,
906 3620 944 3660 dc
966 3615 1193 3671 confignari
1210 3631 1322 3661 man—

287 3677 396 3720 detis
410 3708 425 3731 ,
454 3682 493 3722 δι
517 3679 674 3724 faciatis
690 3680 787 3721 RR.
807 3681 884 3722 FF.
900 3675 1148 3733 Capuccinis
1166 3674 1247 3718 loci
1265 3680 1320 3720 N.

286 3750 388 3792 quos
431 3738 704 3784 benedicente
728 3738 908 3783 Domino
947 3734 999 3795 ad
1028 3747 1243 3780 numerum
1261 3761 1320 3777 «-

410 3797 516 3839 Tom.
529 3801 584 3844 ΙΙ.

1403 2325 1630 2368 ascendere
1657 2326 1932 2381 comperimus
1954 2353 1969 2375 ,
2013 2322 2138 2367 libras
2163 2347 2223 2374 ·-.·
2243 2325 2390 2379 gratis,
2413 2326 2453 2367 &

1402 2385 1443 2426 in
1470 2383 1750 2439 elemosynam
1787 2385 1827 2425 in
1851 2396 1996 2424 eorum
2025 2384 2218 2435 vietum,
2241 2384 2282 2424 &
2307 2382 2419 2427 usum
2436 2411 2450 2434 ‚

1398 2442 1628 2485 dummodo
1656 2440 1769 2483 aliud
1784 2441 1911 2484 fimile
1930 2441 2173 2485 Mandatum
2201 2455 2282 2484 non
2299 2444 2451 2486 habue-

1396 2501 1479 2543 rint
1495 2502 1559 2552 ,&
1576 2499 1647 2542 fint
1670 2501 1952 2556 comprehensi
1970 2501 2009 2543 in
2026 2503 2222 2544 Mandato
2235 2503 2446 2556 generali.

1398 2563 1486 2604 Nos
1513 2560 1624 2602 enim
1650 2559 1748 2601 disti
1764 2559 1867 2603 Salis
1896 2561 2199 2615 quantitatem,
2229 2559 2447 2617 super-vos

1394 2617 1742 2674 consignandam,
1766 2620 1806 2660 in
1837 2617 1976 2661 vestris
2002 2619 2117 2661 dietae
2146 2619 2306 2663 Salariae
2331 2633 2444 2661 com-

1392 2678 1503 2734 putis
1517 2677 1817 2730 acceptabimus
1830 2705 1846 2726 ‚
1860 2678 1901 2717 &
1913 2676 2077 2719 admitti
2093 2675 2286 2719 faciemus
2302 2706 2316 2728 ‚
2344 2692 2443 2719 con-

1391 2736 1526 2779 trariis
1543 2734 1861 2790 quibuscumque
1877 2748 1957 2776 non
1972 2735 2222 2778 obstantibus
2236 2765 2247 2775 .
2276 2738 2321 2778 In
2337 2749 2440 2790 quo-

1392 2808 1486 2837 rum
1503 2793 1626 2835 fidem
1639 2794 1716 2833 διε.
1734 2795 1886 2834 Datum
1903 2795 2047 2836 Romae
2063 2794 2103 2839 in
2119 2796 2299 2838 Camera
2326 2797 2443 2851 Apo.

1394 2852 1533 2897 stolica
1549 2851 1617 2895 die
1635 2850 1783 2907 8.Julii
1804 2852 1928 2907 1632.

1514 2969 1767 3026 Hyppolitus
1783 2970 1913 3015 Card.
1932 2973 2221 3016 Camerarius.

1721 3089 1928 3135 Antonius
1946 3089 2160 3135 Cicalotus
2175 3088 2317 3134 Audis.

1451 3210 1563 3252 Loco
1577 3205 1637 3262 ›1‹
1648 3206 1811 3265 sigilli.

1549 3324 1664 3370 Felix
1678 3326 1951 3373 Contelorius
1970 3331 2023 3374 C.
2038 3328 2174 3386 Apost.
2189 3329 2426 3376 comnen-

1440 3448 1538 3502 Reg.
1552 3447 1595 3487 in
1609 3446 1691 3487 Set.
1711 3449 1820 3489 Cam.
1838 3446 1967 3505 Apaess.
1998 3447 2069 3490 lib.
2090 3446 2242 3504 17.fl›l.
2262 3449 2356 3502 184.
2381 3450 2427 3492 de

1503 3517 1579 3559 quo
1605 3501 1650 3546 in
1664 3503 1787 3550 Arcb.
1805 3507 1905 3549 Gen.
1919 3507 2082 3561 exempl.
2106 3505 2232 3550 Auth.
2255 3509 2358 3552 Tam.
2373 3510 2424 3551 G.

1502 3563 1684 3622 numm}-

1882 3624 1963 3665 Pro
1976 3625 2031 3665 D.
2048 3621 2215 3668 Ruffino
2225 3625 2398 3669 plebani
2409 3663 2423 3677 ,

1898 3742 2075 3797 Joannes
2100 3745 2393 3790 Cermontinus
2409 3774 2420 3785 .

1810 3800 1843 3841 B
2202 3804 2362 3847 NOTA
