2762 4030
372 195 555 326 riri5non
583 277 736 335 possint
760 279 799 321 in
830 278 973 336 quovis
997 273 1154 335 judicio
1170 305 1186 328 ,
1210 287 1292 320 tam
1319 278 1428 333 peti-

373 343 484 385 torio
499 369 512 391 ,
541 338 663 396 quam
679 336 915 395 possessorio
928 363 946 390 -,
963 337 1030 380 sed
1047 366 1062 388 ,
1076 334 1202 393 siquid
1219 338 1336 393 super
1351 351 1426 392 pe-

375 402 435 444 tio
450 412 598 450 terrae‚
633 400 701 442 vel
718 397 789 441 situ
806 428 820 452 ‚
847 397 1034 454 illiusque
1058 396 1242 453 juribus,
1271 398 1312 439 &
1332 410 1426 453 per-

373 459 559 503 tinentiis
578 458 778 514 praedictis
795 486 809 510 ,
835 469 904 501 aut
919 458 1084 500 illorum
1097 455 1311 500 occasione
1323 483 1337 504 a
1354 456 1426 501 vel

372 517 662 570 causa,contra
680 518 862 563 eundem
877 523 1078 576 Joannem
1093 516 1319 560 Antonium
1337 518 1426 559 Du-

372 593 494 630 cem,
525 586 596 620 aut
627 579 854 621 Antonium
883 576 1151 621 Cardinalem
1185 576 1424 633 praefatum,

373 639 442 683 seu
459 635 680 694 praesentes
700 638 838 681 literas
855 636 1184 694 praetenderent,
1199 651 1276 679 non
1291 635 1342 679 ad
1359 650 1430 692 pe-

375 699 478 741 tium
505 707 652 750 terrae,
674 696 744 741 seu
758 699 902 746 situm,
933 696 1066 739 &alia
1083 705 1153 748 ,ut
1168 695 1285 752 supra
1303 709 1429 747 ,ven-

376 757 464 800 dita
486 786 501 808 ,
531 757 572 798 &
596 757 806 810 alienata,
837 771 883 799 ac
912 756 1117 806 liberata,
1147 753 1217 798 sed
1249 755 1298 798 ad
1331 769 1426 812 par-

375 827 462 860 tem
491 816 639 872 pretii,
668 829 713 858 ac
745 815 1052 873 multiplicum,
1082 815 1120 856 &
1144 814 1427 857 investimenta

374 874 471 918 inde
487 875 702 925 sacien.,ut
718 874 933 932 praefertur
948 903 961 927 ,
982 875 1141 931 aliaque
1155 873 1428 931 dietiJoannis

377 935 548 977 Antonii
569 935 695 976 Ducis
712 937 815 978 bona
831 934 1055 982 allodialia,
1068 947 1150 976 non
1167 944 1302 975 autem
1318 931 1426 988 juris.

377 993 615 1037 dictionalia
634 994 798 1049 praefata
815 1024 828 1046 ,
850 996 889 1036 in
903 1009 1014 1051 quae,
1029 996 1069 1036 &
1085 993 1200 1048 super
1213 991 1357 1048 quibus
1373 991 1423 1034 ad

372 1054 480 1096 hunc
498 1051 684 1095 effectum
698 1054 956 1097 investituras
975 1084 987 1105 ,
1005 1053 1364 1110 primogenituras,
1379 1049 1424 1091 fi-

372 1110 1307 1170 deicommiffa,s'ubstitutiones‚prohibitiones,
1325 1122 1422 1151 con·

376 1172 556 1214 ditiones
570 1201 586 1223 ,
610 1171 902 1216 devolutiones
920 1202 932 1225 ,
963 1173 1195 1216 voluntates
1211 1197 1224 1220 ,
1237 1168 1425 1210 declara-

375 1230 510 1273 tiones
525 1258 539 1279 ,
564 1245 717 1285 onera,
736 1232 877 1274 census
895 1261 909 1283 ,
942 1230 1103 1275 vincula
1116 1258 1129 1280 ,
1146 1229 1398 1283 hypothecas
1414 1254 1429 1278 ,

377 1289 657 1343 obligationes
674 1321 689 1342 ‚
722 1292 844 1333 etiam
862 1290 1103 1333 Camerales
1124 1317 1136 1340 ‚
1168 1289 1208 1330 &
1229 1287 1353 1328 etiam
1379 1299 1428 1329 ex

377 1348 496 1391 causa
516 1347 626 1390 dotis
643 1378 657 1398 ,
688 1352 728 1391 ὃς
752 1349 849 1391 alias
882 1347 1159 1404 dispositiones
1189 1346 1428 1402 praedictas,

374 1407 495 1448 salvis
514 1407 828 1461 hypothecis,ad
845 1406 1029 1450 favorem
1043 1406 1311 1448 dieliAntonii
1324 1408 1427 1448 Car-

372 1465 520 1507 dinalis
538 1493 552 1515 ,
583 1475 627 1508 ut
644 1466 885 1521 praefertur,
922 1465 1141 1510 reservatis
1158 1494 1170 1517 ,
1187 1464 1387 1507 translata
1409 1492 1424 1515 ,

373 1525 411 1566 &
441 1525 652 1567 collocata
677 1521 902 1580 respective
927 1524 1006 1569 esse
1035 1526 1222 1568 volumus
1239 1552 1252 1575 ,
1284 1525 1322 1565 δε
1349 1522 1423 1565 de-

373 1582 575 1626 claramus
595 1613 610 1633 ,
654 1593 776 1637 prout
803 1583 1055 1639 praesentium
1086 1585 1223 1640 vigore
1248 1581 1418 1625 transse-

375 1643 504 1685 rinms
529 1671 542 1691 ,
574 1646 614 1684 &
639 1641 921 1694 collocamus,
953 1644 1201 1699 illorumque
1229 1640 1375 1684 fructus
1405 1670 1418 1691 ,

373 1703 415 1743 δε
435 1701 720 1745 emolumenta
739 1703 1016 1757 hypothecis,
1045 1703 1093 1744 ad
1111 1701 1294 1744 savorem
1324 1701 1418 1742 dieti

372 1761 548 1803 Antonii
563 1762 856 1812 Cardinalis,ut
874 1759 1418 1816 praefertur,reservatis,sal-

372 1821 434 1862 vis
449 1847 463 1870 ,
476 1821 518 1862 δε
530 1819 626 1864 alias
641 1819 752 1875 juxta
772 1819 956 1877 ejusdem
972 1820 1228 1863 instrumenti
1243 1818 1416 1862 formam

372 1875 458 1921 sese
473 1889 723 1923 convertere
738 1878 931 1923 debeant.
950 1881 1003 1923 Et
1017 1880 1415 1922 nihilominusAnto-

374 1937 660 1986 niusCard.,&
672 1936 726 1979 sui
743 1938 962 1993 p1·aefati,in
973 1951 1166 1981 eventum
1180 1936 1413 1994 cujuscunq3

373 1997 589 2040 evictionis
615 1997 857 2040 universalis
890 2027 903 2050 ,
935 2000 1001 2042 seu
1034 1997 1288 2053 particularis
1313 1997 1411 2052 petii

372 2065 527 2105 terrae,
559 2055 626 2097 seu
652 2054 776 2106 snus,
811 2055 998 2114 illiusque
1021 2056 1169 2113 jurium
1201 2085 1215 2106 ,
1245 2057 1285 2097 &
1314 2070 1409 2110 per-

373 2115 641 2156 tinentiarum
671 2113 930 2168 praefatarum
956 2146 972 2167 ,
1004 2128 1047 2158 ut
1066 2115 1407 2172 supra,vendita-

377 2184 468 2216 rum
509 2175 549 2215 in
578 2174 721 2228 quovis
757 2171 913 2231 judicio
940 2204 954 2228 ,
999 2186 1081 2217 tam
1122 2175 1160 2216 in
1188 2174 1411 2230 petitorio,

371 2234 496 2288 quam
519 2232 557 2273 in
574 2229 803 2286 possessorio
819 2261 832 2285 ,
856 2234 894 2276 in
912 2244 1044 2276 totum
1062 2263 1075 2285 ,
1091 2234 1158 2276 vel
1171 2233 1209 2275 in
1222 2243 1380 2290 partem
1397 2260 1411 2283 ,

374 2301 449 2333 aut
490 2304 828 2348 quarumcunque
874 2292 1147 2337 molestiarum
1188 2292 1303 2349 super
1332 2293 1412 2335 illis

371 2349 675 2392 movendarum
699 2379 712 2400 ,
756 2351 821 2393 vel
847 2351 1152 2398 inserendarum
1179 2379 1194 2402 ,
1237 2351 1306 2394 seu
1330 2365 1411 2394 non

372 2407 675 2451 observationis
707 2409 745 2449 in
764 2417 856 2451 toto
872 2437 885 2459 ,
918 2412 985 2453 vel
1016 2412 1054 2452 in
1071 2421 1186 2466 parte
1201 2411 1382 2452 omnium
1398 2439 1412 2459 ,

375 2468 415 2508 δι
432 2465 697 2524 singulorum,
716 2478 789 2519 per
810 2467 961 2510 dietum
977 2472 1176 2525 Joannem
1189 2469 1413 2511 Antonium

374 2527 538 2568 Ducem
554 2522 840 2580 promissorum
854 2554 868 2576 ,
901 2528 966 2568 seu
983 2528 1080 2568 alias
1096 2539 1412 2575 conventorum,

372 2585 561 2627 omnibus
577 2583 727 2626 Fidei-
742 2586 1029 2629 Commissariis
1043 2612 1056 2633 a
1071 2584 1287 2629 substitutis
1301 2613 1314 2634 ‚
1331 2585 1412 2638 pri-

370 2642 594 2698 mogenitis
611 2668 625 2691 ‚
655 2644 696 2685 &
726 2645 877 2687 vocatis
906 2643 1078 2700 praefatis
1106 2674 1121 2695 ‚
1146 2646 1185 2686 δε
1206 2645 1295 2687 aliis
1321 2644 1412 2699 qui-

373 2700 702 2758 buscunque,jus
718 2703 1034 2757 quomodolibet
1053 2703 1293 2746 habentibus
1310 2732 1324 2754 ,
1343 2705 1412 2744 seu

369 2762 525 2804 habere
541 2760 906 2815 praetendentibus,
920 2776 972 2805 ex
984 2763 1122 2819 quavis
1137 2761 1272 2814 causa,
1287 2762 1416 2804 etiam

367 2819 636 2876 privilegiata
655 2847 669 2871 ,
698 2819 868 2862 suffultis
901 2850 913 2872 ,
958 2822 998 2864 in
1028 2821 1270 2876 consequen.
1298 2823 1416 2876 super

366 2889 490 2935 parte
514 2879 666 2934 pretii,
698 2893 743 2920 ac
763 2879 1023 2932 multiplico,
1043 2880 1335 2923 investimentis
1353 2881 1413 2920 in-

366 2938 421 2983 de
451 2936 648 2980 faciendis
678 2964 692 2986 ,
726 2949 768 2981 ut
791 2938 1008 2995 praefertur
1030 2968 1045 2990 ,
1078 2953 1155 2996 pro
1181 2939 1241 2981 rei
1269 2939 1408 2981 evit‘tae

366 2997 504 3054 pretio
540 2995 724 3054 potiores
753 3026 768 3050 ,
811 3000 852 3041 δι
882 3000 1110 3042 anteriores
1141 2995 1218 3041 esse
1248 2998 1404 3040 intelli·

365 3066 516 3115 gantur
546 3082 561 3104 a
604 3057 645 3099 &
673 3055 777 3109 sint,
810 3071 855 3099 ac
892 3058 1097 3114 perpetuo
1123 3084 1137 3106 a
1177 3059 1215 3099 &
1246 3055 1405 3113 semper

360 3114 545 3173 praeferri
580 3115 788 3166 debeant,
820 3117 1028 3175 liceatque
1042 3118 1229 3161 Antonio
1253 3116 1401 3158 Cardi-

362 3174 480 3226 nali,
510 3175 551 3218 δε
576 3174 651 3216 suis
680 3173 855 3231 praefatis
884 3190 1122 3232 procorum
1150 3175 1402 3228 securitate,

362 3236 406 3279 &
430 3232 634 3276 eviaione
666 3233 706 3275 in
736 3235 873 3290 primis
902 3265 914 3287 ‚
946 3238 987 3279 δι
1016 3247 1110 3280 ante
1132 3235 1233 3280 alios
1263 3249 1404 3277 omnes

362 3303 527 3350 partem
557 3291 684 3348 pretii
712 3320 727 3343 ,
758 3309 803 3336 ac
832 3295 1108 3353 multiplicum
1130 3324 1144 3347 ,
1174 3296 1215 3336 &
1243 3294 1401 3336 invesli-

362 3360 552 3396 mentum
583 3351 679 3395 inde
708 3348 895 3397 facienda
919 3381 934 3404 ,
965 3356 1175 3412 obligata,
1206 3355 1246 3395 δι
1272 3353 1403 3409 hypo·-

362 3413 559 3462 thecata,
593 3425 640 3453 ac
670 3409 808 3454 affecta
840 3427 914 3467 pro
945 3414 1208 3458 concurrenti
1232 3413 1398 3465 quanti-

363 3479 453 3513 tate
478 3470 631 3513 valoris
648 3470 706 3513 rei
723 3471 865 3529 evictae
879 3501 894 3522 ,
925 3488 970 3517 ac
984 3471 1201 3520 interesse„
1230 3473 1270 3513 &
1286 3474 1395 3516 dam-

363 3542 511 3572 norum
534 3527 736 3586 passorum
765 3530 1013 3580 vendicare,
1045 3532 1147 3576 &ad
1163 3531 1232 3574 illa
1258 3532 1394 3574 tamin

363 3589 621 3642 proprietate
635 3619 650 3643 ,
681 3590 801 3646 quam
816 3590 854 3632 in
873 3590 1080 3634 usufructu
1104 3587 1307 3635 recursum
1325 3593 1396 3635 ha-

364 3644 466 3686 bere
499 3674 514 3697 ,
559 3662 635 3691 nec
665 3663 743 3691 non
772 3649 1028 3705 corporalem
1057 3679 1070 3702 ,
1113 3649 1265 3693 realem
1296 3679 1308 3701 ‚
1355 3652 1395 3692 ἃ.

362 3703 560 3746 actualem
576 3707 745 3751 illorum
759 3707 1034 3765 pofleffionem
1045 3736 1059 3758 ,
1070 3709 1232 3766 propria
1256 3710 1403 3752 autho-

363 3761 487 3806 ritate
513 3789 529 3816 ,
557 3765 598 3807 ἃ.
621 3766 768 3825 absque
797 3768 898 3813 vitio
922 3767 1038 3827 spolii
1065 3796 1080 3822 ,
1117 3770 1159 3813 δε
1179 3778 1403 3815 attentato-

1175 157 1742 248 Provincia

1489 291 1614 333 rum,
1641 275 1777 321 libere
1802 274 2140 335 apprehendere,
2169 275 2208 320 δι
2227 279 2409 324 retinere
2425 307 2440 332 ,
2471 293 2539 322 ea-

1488 354 1569 396 que
1595 339 1685 390 uti,
1717 339 1756 380 &
1788 332 1867 380 frui
1897 365 1911 389 ,
1943 351 1990 380 ac
2011 335 2158 379 fruetus
2181 336 2273 380 suos
2299 336 2464 390 facere,
2493 343 2534 383 &

1486 412 1578 440 cum
1592 398 1680 441 aliis
1697 396 1962 440 facultatibus
1990 397 2200 448 omnibus,
2234 397 2277 439 in
2301 398 2533 454 praeinserto

1487 458 1756 501 instrumento
1769 458 1973 500 contentis
1994 485 2008 508 ,
2040 455 2272 509 vendendi,
2303 456 2533 502 distrahen-

1486 518 1554 570 di,
1589 516 1847 574 pretiumque
1862 516 2083 572 recipiendi
2104 544 2118 568 ,
2147 515 2253 558 &de
2277 531 2326 560 eo
2340 517 2529 574 quietan-

1485 578 1556 630 di,
1588 591 1636 619 ac
1664 574 1767 619 illud
1800 576 1838 617 in
1855 586 2089 632 computum
2109 576 2256 619 valoris
2287 580 2344 621 rei
2376 577 2530 628 evie'tae,

1489 637 1735 680 damnorum
1770 632 1974 689 passorum
2002 662 2016 685 ,
2061 638 2098 677 δι
2135 637 2399 692 expensarum
2424 663 2437 687 ,
2485 650 2530 680 ac

1490 696 1666 739 aliorum
1703 694 2057 749 adimplendorum
2088 695 2264 739 retinen.
2292 725 2306 747 ‚
2345 695 2533 739 itidem..-

1489 755 1693 811 perpetuo
1729 751 1915 796 similiter
1948 753 2203 797 decernimus
2230 785 2244 807 ,
2284 769 2330 797 ac
2374 756 2531 809 petium

1490 826 1604 857 terrae
1620 843 1633 865 ,
1669 811 1733 854 seu
1755 813 1872 854 situm
1887 840 1901 863 ,
1933 814 1972 853 &
2000 811 2076 853 alia
2093 814 2257 858 vendita
2273 813 2435 870 praefata
2449 843 2463 866 ,
2481 815 2531 855 ab

1487 871 1836 928 obligationibus,
1870 871 2213 925 fideicommissis,
2245 876 2283 916 δι
2313 875 2401 917 aliis
2432 889 2533 930 prae-

1485 931 1578 975 satis
1611 931 1770 988 prorsus
1805 930 2011 980 absoluta,
2043 943 2260 987 exempta,
2289 935 2327 975 &
2353 929 2531 977 liberata

1487 989 1605 1041 sore,
1638 993 1678 1032 &
1702 988 1781 1031 esse
1800 1018 1814 1040 ,
1845 1004 1891 1031 ac
1919 1003 1992 1044 pro
2022 989 2175 1033 talibus
2208 992 2380 1045 haberi,
2410 995 2533 1035 &re-

1488 1049 1624 1105 putari
1641 1049 1794 1092 debere
1811 1048 1995 1091 volumus
2010 1077 2024 1100 ,
2057 1050 2210 1105 pariter
2238 1050 2501 1095 decernimus
2516 1081 2532 1102 ,

1486 1111 1527 1150 &
1541 1107 1796 1150 declaramus
1812 1107 1849 1150 in
1865 1109 2052 1151 omnibus
2068 1138 2083 1159 ,
2115 1111 2240 1165 &per
2255 1111 2412 1162 omnia,
2434 1125 2507 1167 per
2521 1136 2534 1146 ·

1488 1167 1585 1210 inde
1608 1181 1651 1209 ac
1683 1165 1708 1207 si
1731 1166 2004 1221 obligationes
2020 1195 2035 1218 ,
2066 1167 2368 1212 fideicommissa
2389 1198 2402 1221 ,
2434 1183 2530 1227 pro·
2548 1172 2563 1188 “

1490 1226 1707 1270 bibitiones
1723 1254 1737 1277 ,
1752 1228 1863 1279 passa
1877 1252 1892 1275 a
1909 1225 2204 1271 substitutiones
2220 1257 2233 1281 ,
2250 1229 2490 1273 vocationes
2514 1255 2530 1278 s

1487 1288 1528 1328 &
1555 1286 1633 1328 alia
1654 1283 1818 1341 praefata
1843 1283 1960 1341 super
1979 1286 2088 1341 petio
2118 1296 2239 1333 terrae
2271 1287 2338 1330 seu
2354 1290 2429 1332 sltu
2446 1317 2459 1340 ,
2489 1289 2530 1330 &

1488 1346 1594 1397 aliis,
1609 1355 1651 1387 ut
1668 1343 1801 1400 supra,
1818 1345 1995 1388 venditis
2014 1360 2217 1402 nunquam
2242 1344 2345 1391 fasta
2359 1377 2373 1400 ,
2403 1361 2532 1403 appo-

1489 1405 1588 1454 fita,
1618 1406 1658 1446 &
1685 1403 1844 1447 inducta
1875 1401 2035 1447 fuissent
2066 1434 2077 1445 .
2110 1407 2332 1450 Praesentes
2361 1420 2531 1464 quoque

1483 1466 1629 1508 literas
1646 1493 1658 1516 ,
1691 1477 1737 1505 ac
1755 1462 2030 1518 praeinfertum
2055 1464 2366 1508 instrumentum
2391 1464 2530 1523 hujusv

1483 1524 1623 1573 modi,
1653 1525 1693 1565 δε
1724 1522 1762 1564 in
1788 1521 1845 1566 eis
1873 1531 2068 1565 contenta
2105 1537 2381 1581 quaecunque,
2412 1522 2529 1567 nullo

1481 1596 1653 1640 unquam
1687 1592 1874 1636 tempore
1900 1610 1915 1631 ‚
1947 1582 2069 1624 etiam
2098 1596 2149 1624 ex
2171 1597 2223 1625 eo
2251 1613 2266 1634 ‚
2297 1583 2408 1639 quod
2438 1583 2528 1638 qui-

1479 1656 1642 1697 cunque
1666 1642 1706 1683 in
1737 1639 2049 1682 fideicommissis
2080 1669 2093 1693 ‚
2147 1640 2527 1692 substitutionibus,

1478 1705 1515 1744 δι
1543 1701 1630 1745 aliis
1647 1699 1971 1755 dispositionibus
1999 1696 2175 1755 praesatis
2202 1701 2368 1751 vocati,
2397 1702 2435 1742 δε
2456 1699 2527 1744 sub

1477 1762 1557 1804 illis
1584 1757 1858 1813 comprehensi
1874 1787 1889 1810 ,
1920 1767 1989 1800 aut
2005 1758 2103 1801 alias
2119 1758 2181 1816 jus
2202 1787 2213 1810 ‚
2245 1760 2492 1803 &interesse
2509 1787 2526 1810 ,

1476 1823 1517 1863 in
1536 1815 1732 1874 praemissis
1751 1845 1766 1869 ,
1795 1817 1861 1859 vel
1877 1831 2019 1860 eorum
2038 1817 2179 1874 aliquo
2194 1819 2392 1862 habentes
2410 1848 2424 1871 ,
2456 1819 2524 1860 vel

1474 1880 1625 1922 habere
1652 1874 1953 1933 praetendentes
1969 1902 1983 1925 ,
2006 1874 2085 1917 illis
2103 1892 2182 1920 non
2211 1877 2488 1921 consenserint
2503 1905 2520 1930 ,

1474 1951 1605 1993 neque
1632 1935 1684 1979 ad
1713 1935 1755 1978 id
1778 1935 1913 1979 vocati
1940 1963 1954 1987 ,
1987 1936 2052 1976 seu
2075 1937 2202 1979 auditi
2225 1964 2239 1986 ,
2276 1936 2522 1993 minusque-2

1471 1996 1749 2039 solemnitates
1765 2023 1779 2047 ,
1794 1995 1859 2037 vel
1878 1994 1952 2038 alia
1969 1992 2180 2037 necessaria
2194 2025 2207 2047 ‚
2240 2008 2287 2037 ac
2317 1994 2429 2050 juxta
2456 1997 2520 2038 in-

1470 2057 1681 2099 vestituras
1708 2084 1724 2107 ,
1757 2053 2123 2109 primogenituras,
2143 2053 2478 2097 fideicommissa„-
2511 2062 2526 2103 ‘,

1477 2112 1778 2159 substitutiones
1793 2144 1808 2164 ,
1843 2115 1881 2155 &
1896 2114 2172 2168 dispositiones
2185 2111 2440 2169 hujusmodi,
2456 2111 2525 2156 seu

1473 2175 1574 2220 alias
1595 2173 1908 2230 quomodolibet
1932 2172 2155 2226 servanda,
2189 2175 2229 2215 &
2244 2171 2522 2229 adimplenda,

1475 2235 1632 2278 servata
1651 2263 1666 2284 ,
1694 2234 1732 2275 &
1763 2232 1986 2287 adimpleta
2021 2229 2175 2274 fuerint
2201 2261 2216 2284 ,
2253 2230 2334 2275 sive
2359 2234 2524 2276 etiam..-

1474 2293 1649 2338 enormis
1664 2322 1679 2344 ,
1710 2294 1750 2334 δε
1766 2290 2043 2334 enormiflimae
2070 2291 2235 2334 laesionis
2249 2319 2263 2343 ,
2296 2293 2336 2333 δι
2351 2306 2402 2335 ex
2417 2306 2522 2349 quo-

1475 2354 1533 2395 vis
1559 2352 1640 2394 alio
1668 2353 1801 2407 capite
1830 2350 1851 2392 :i
1877 2350 1968 2407 jure
1999 2380 2013 2402 ,
2043 2351 2109 2392 vel
2135 2349 2271 2401 fabio,
2302 2361 2374 2394 aut
2401 2351 2526 2394 testa-

1475 2410 1672 2454 mentaria
1699 2438 1713 2461 ,
1746 2409 1814 2453 vel
1840 2409 1915 2452 alia
1943 2409 2202 2463 dispositione
2228 2437 2244 2461 ,
2281 2408 2350 2452 seu
2373 2411 2523 2454 statuto

1473 2473 1512 2512 &
1529 2467 1824 2510 consuetudine
1839 2497 1854 2518 ,
1885 2470 1949 2511 seu
1968 2467 2067 2511 alias
2081 2497 2096 2520 ,
2126 2469 2442 2525 quomodolibet
2457 2483 2524 2514 re-

1474 2527 1635 2570 sultant.
1651 2554 1664 2577 ,
1688 2526 1768 2569 sive
1794 2526 1877 2569 alio
1899 2540 2144 2581 quocunque
2164 2536 2393 2582 praetextu,
2423 2543 2520 2571 cau-

1474 2587 1513 2628 sa
1529 2615 1542 2636 .,
1558 2585 1624 2627 vel
1642 2583 1854 2627 occasione
1871 2612 1886 2636 ,
1903 2584 2026 2626 etiam
2043 2585 2298 2640 quantumvis
2311 2586 2409 2643 Justa
2425 2615 2440 2638 ,
2457 2600 2522 2628 ra-

1475 2644 1692 2695 tionabili,
1716 2646 1756 2685 &
1776 2643 2032 2699 privilegiata
2047 2671 2061 2694 ,
2089 2644 2212 2685 etiam
2230 2643 2331 2696 tali,
2363 2659 2449 2701 quae
2462 2644 2516 2687 ad

1473 2703 1661 2746 effeetum
1674 2702 1894 2745 validitatis
1908 2701 2175 2756 praesentium,
2189 2716 2235 2745 ac
2253 2703 2518 2755 venditionis,

1473 2762 1777 2806 &instrumenti
1796 2760 2048 2818 hujusmodi,
2084 2761 2425 2818 praesentiumque
2439 2777 2516 2805 no..

1473 2823 1641 2865 strarum
1667 2821 1884 2863 literarum
1911 2819 2135 2864 necessario
2163 2821 2428 2877 exprimenda
2455 2820 2518 2866 fo-

1474 2893 1538 2924 ret
1550 2910 1563 2932 ,
1590 2894 1760 2936 quorum
1774 2881 1955 2923 omnium
1968 2910 1984 2932 ‚
2014 2882 2051 2921 &
2069 2879 2313 2937 singulorum
2330 2891 2515 2933 tenores,

1471 2942 1593 2983 etiam
1605 2940 1855 2995 presentibus
1866 2953 1942 2996 pro
1956 2939 2145 2995 expressis
2157 2940 2300 2983 haberi
2313 2941 2516 2993 volumus,

1467 2999 1519 3042 de
1535 2998 1801 3054 subreptionis
1816 3027 1830 3051 ,
1867 2998 1936 3041 vel
1950 2999 2204 3056 obreptionis
2223 3029 2237 3052 ,
2259 2999 2327 3043 seu
2351 3000 2518 3044 nullita-

1467 3058 1516 3101 tis
1533 3058 1631 3100 vitio
1649 3087 1662 3109 ,
1697 3068 1763 3102 aut
1782 3057 2022 3101 intentionis
2036 3059 2176 3101 nostrae
2194 3087 2208 3110 ,
2240 3060 2305 3102 vel
2318 3059 2510 3102 interesse

1467 3118 1705 3160 habentium
1716 3115 1927 3161 consensus
1941 3147 1955 3168 ,
1970 3117 2050 3161 five
2062 3118 2144 3161 alio
2164 3130 2420 3176 quocumque
2433 3117 2511 3162 de—

1465 3175 1573 3220 seem
1599 3177 1761 3229 notari,
1792 3179 2016 3233 impugnari
2041 3206 2055 3229 ,
2087 3177 2300 3220 invalidari
2329 3206 2341 3229 ,
2372 3187 2507 3220 retar-

1464 3235 1585 3287 dari,
1618 3235 1819 3288 rescindi,
1852 3236 2054 3292 infringi,
2086 3236 2124 3278 in
2149 3235 2209 3291 jus
2240 3235 2303 3279 vel
2335 3246 2508 3280 contro-

1465 3293 1630 3338 versiam
1659 3296 1827 3348 vocari,
1857 3294 1906 3338 ad
1933 3295 2089 3338 viam&
2116 3295 2309 3338 terminos
2333 3295 2429 3354 juris
2443 3309 2510 3338 re·

1463 3353 1587 3404 duci,
1621 3365 1690 3397 aut
1715 3355 1841 3398 etiam
1865 3353 2128 3398 restitutionis
2145 3355 2433 3410 inintegrum‚
2455 3368 2506 3396 ex

1463 3412 1638 3456 clausula
1669 3414 1739 3457 illa
1766 3414 1949 3470 generali
1978 3429 1990 3458 t
2031 3415 2072 3459 Si
2098 3428 2174 3470 qua
2208 3414 2308 3456 mihi
2335 3414 2412 3455 δίε.
2437 3414 2505 3456 seu

1458 3472 1633 3529 quodvis
1662 3473 1769 3516 aliud
1799 3473 1919 3528 juris,
1951 3473 2088 3529 gratiae
2110 3501 2124 3524 ,
2156 3472 2221 3515 vel
2245 3470 2336 3516 faeti
2368 3487 2505 3515 reme-

1456 3531 1568 3574 dium
1599 3532 1839 3587 impetrari,
1870 3541 1939 3576 aut
1971 3532 2093 3574 etiam
2117 3541 2230 3574 motu
2256 3561 2271 3585 ,
2303 3531 2467 3576 scientia
2487 3561 2501 3583 ,

1455 3592 1496 3634 &
1533 3592 1740 3648 potestatis
1778 3590 2035 3648 plenitudine
2068 3588 2257 3634 fimilibus
2292 3592 2502 3641 concedi,

1458 3660 1530 3694 aut
1562 3653 1614 3693 sic
1645 3654 1864 3707 impetrato
1884 3678 1898 3701 ‚
1931 3649 1996 3692 vel
2023 3648 2211 3693 concesso
2235 3651 2504 3708 quempiam...»

1463 3710 1551 3761 uti,
1584 3712 1648 3761 seu
1666 3710 1860 3769 sejuvare
1875 3709 1914 3750 in
1931 3706 2110 3763 judicio,
2142 3709 2210 3753 vel
2238 3721 2351 3753 extra
2367 3708 2503 3767 posse,

1462 3768 1531 3813 sed
1555 3771 1740 3829 semper,
1769 3769 1810 3814 ὃς
1832 3766 1942 3811 omni
1964 3775 2151 3827 tempore
2176 3767 2368 3814 adversus
2387 3769 2502 3824 quas-

2345 3843 2445 3873 cun-
