2762 4108
403 186 626 307 3458Ι

337 333 493 391 Βίἰεὲῗο
508 344 612 389 Filio
630 344 739 388 Petro
755 337 1150 391 Placentino,0rdinis
1166 341 1361 381 Fratrum

422 405 629 450 MInorum
653 404 938 460 Capacinorum
963 407 1275 453 nuncupatorum

499 498 518 516 .
730 458 960 521 Profefforh

337 551 842 638 cneconrus
916 576 1130 629 PAPA
1203 575 1359 627 x111.

382 710 384 714 ’
452 707 610 753 Ducere
625 704 885 764 Filisblutem
896 728 911 749 2
925 702 977 753 ὠν
991 702 1246 759 Αμβοίιεαηι

681 763 979 813 Βσηεόιὲἳιοησηπ
994 790 1005 804 .

442 888 525 932 Um
539 882 750 940 Alget-ium
767 909 781 933 ,
811 880 984 935 aliasque
998 878 1047 923 ad
1063 886 1200 935 partes
1216 877 1361 922 Africa:

470 944 632 987 nomine
660 938 1135 987 Archiconfraternitatis
1163 938 1361 982 Consalo-

333 1006 392 1046 nis
405 1005 457 1047 de
477 1003 590 1048 Urbe
607 1014 682 1056 pro
696 999 868 1055 captivis
884 998 1133 1041 redimendis
1151 996 1194 1039 fis
1211 1010 1358 1051 prope-

333 1062 443 1106 diem
458 1060 512 1103 de
538 1061 702 1105 licentia
720 1057 849 1102 nostra
875 1055 1152 1113 profenuruss
1184 1058 1270 1096 Nos
1298 1053 1355 1097 sa-

333 1121 462 1163 lutem
489 1119 709 1162 animarum
738 1113 911 1172 ipsorum
941 1117 1196 1169 captivorum
1229 1127 1354 1166 expe-

334 1188 469 1223 tentes
485 1206 497 1229 ,
515 1177 606 1224 Tibi
622 1175 854 1220 facultatem
870 1173 1080 1216 tribuimus
1093 1170 1355 1216 consessiones

334 1248 680 1293 quorumcumque
695 1233 1015 1276 Christianorum
1031 1232 1185 1287 Algerii
1203 1259 1216 1280 ,
1247 1233 1284 1272 &
1314 1233 1352 1274 in

332 1296 421 1340 aliis
436 1294 585 1338 Africae
599 1294 777 1348 partibus
795 1291 968 1346 praefatis
980 1319 993 1342 ,
1012 1291 1061 1333 ad
1089 1304 1185 1346 quas
1202 1290 1263 1331 Te
1276 1289 1352 1332 de-

332 1355 490 1396 clinare
519 1351 736 1407 contigerit
748 1379 762 1402 ‚
792 1350 1047 1393 existentium
1071 1350 1262 1392 audiendi
1274 1377 1288 1401 ,
1305 1349 1354 1391 il-

331 1409 468 1466 losque
494 1408 733 1466 aquibusvis
761 1409 967 1465 peccatis,
991 1408 1250 1461 criminibus,
1282 1422 1355 1451 ex-

333 1471 497 1515 cessibus
514 1497 528 1522 ,
544 1471 584 1510 &
597 1468 754 1511 deliciis
769 1479 1138 1524 quantumcumque
1152 1469 1359 1522 gravibus,

332 1531 372 1575 &-
385 1528 640 1576 enormibus,
653 1529 693 1569 &
710 1528 748 1569 in
764 1527 911 1569 cafibus
928 1525 1023 1571 Sedi
1040 1527 1278 1578 Apostolicae
1293 1542 1358 1569 re-

331 1587 499 1630 servatis
515 1614 529 1637 ,
543 1585 716 1630 acetiam
733 1587 935 1629 contentis
951 1588 988 1627 in
1002 1586 1131 1630 literis
1144 1615 1158 1637 ,
1173 1587 1241 1628 die
1256 1591 1358 1631 Coe-

334 1660 394 1689 nae
408 1645 571 1687 Domini
587 1644 667 1699 legi
682 1643 804 1685 solitis
819 1642 929 1698 (non
948 1655 1082 1687 tamen
1095 1645 1248 1687 haerefis
1261 1674 1275 1697 ,
1290 1647 1357 1688 lae-

334 1704 382 1747 sae
396 1703 610 1759 Maiestatis
622 1728 637 1751 ,
669 1703 708 1743 δι
732 1700 947 1745 delationis
977 1704 1275 1758 prohibitorum
1305 1705 1355 1747 ad

336 1772 471 1819 partes
488 1760 742 1817 infidelium)
768 1773 924 1803 necnon
940 1762 960 1802 a
975 1761 1175 1817 quibusvis
1189 1777 1356 1805 excom-

337 1820 619 1866 municationis
633 1848 647 1869 ,
663 1818 917 1874 suspensionis
932 1848 946 1871 ,
978 1819 1141 1875 aliisque
1164 1822 1357 1864 Ecclesia-

337 1879 443 1923 ssicis
455 1877 663 1922 sententiis
680 1908 695 1928 ,
721 1876 898 1920 censuris
912 1908 926 1930 ,
950 1880 990 1919 δε
1005 1880 1136 1932 poenis
1151 1908 1166 1931 ,
1185 1879 1356 1936 injuncta

336 1938 417 1981 iltis
428 1935 588 1979 salutari
606 1936 846 1991 poenitentia
859 1965 872 1986 ,
905 1935 1166 1989 absolvendi,
1199 1949 1359 1993 atque)

335 1998 454 2052 super
466 2008 720 2052 quacumque
734 1995 1035 2050 irregularitate
1050 1997 1358 2051 quomodolibet

335 2054 357 2111 (
374 2064 641 2110 praeterquam
668 2066 718 2094 ex
730 2053 934 2095 homicido
950 2053 1204 2103 voluntario,
1230 2057 1270 2096 &
1292 2056 1354 2097 bi-

336 2111 496 2167 gamia)
524 2114 730 2152 contracta
771 2125 861 2152 cum
903 2110 1086 2166 personis
1100 2139 1114 2161 2
1149 2113 1274 2155 etiam
1312 2113 1352 2157 in

334 2171 648 2224 Presbyteratus
662 2169 820 2212 Ordine
841 2170 1065 2212 constitutis
1079 2172 1119 2213 in
1140 2170 1229 2214 foro
1255 2185 1355 2214 con-

336 2228 506 2273 scientia:
522 2228 750 2277 duntaxat,
766 2229 886 2279 ita,ut
901 2226 1034 2271 Missas
1050 2230 1261 2274 celebrare
1276 2261 1289 2282 ,
1315 2233 1354 2275 &

336 2288 434 2333 alias
451 2288 489 2329 in
504 2285 649 2328 divinis
665 2286 884 2330 ministrare
905 2287 1097 2338 valeant,
1127 2289 1359 2345 dispensan-

337 2345 404 2398 di3
437 2355 630 2401 praterea
645 2346 760 2400 super
775 2345 889 2386 bonis
903 2373 917 2395 ,
931 2361 1016 2400 quae
1027 2349 1187 2403 captivi
1205 2350 1358 2391 habue-

339 2406 417 2451 rint
435 2402 541 2445 male
557 2415 670 2459 parta
682 2432 695 2453 ,
725 2403 893 2458 erogata
907 2403 1046 2447 saltem
1059 2405 1192 2463 aliqua
1207 2408 1359 2464 portio-

339 2477 389 2512 ne
419 2466 456 2506 in
472 2461 711 2505 beneficium
728 2461 897 2505 aliorum
912 2464 1194 2522 captivorum,
1227 2465 1293 2512 seu
1319 2467 1357 2512 in

1125 173 1301 263 ‘Pro
1321 173 1475 264 vin
1494 179 1719 260 cia

1421 290 1540 335 aliam
1554 287 1850 344 eleemosynam
1864 290 2041 333 arbitrio
2062 293 2154 334 Tuo
2180 292 2454 349 disponenda
2524 326 2527 336 ,

1421 351 1573 407 illaque
1588 349 1644 391 eis
1661 344 1946 400 concedendi,
1970 351 2008 391 &
2022 351 2278 394 condonandi
2298 382 2310 393 .
2344 357 2452 396 Nec·

1424 424 1502 453 non
1518 423 1614 451 cum
1627 408 1672 449 iis
1686 430 1701 459 ,
1731 408 1800 462 qui
1817 407 1954 462 aliquo
1969 409 2327 465 consanguinitatis
2347 440 2360 462 ,
2383 410 2453 452 seu

1423 467 1630 513 affinitatis
1652 466 1779 524 gradu
1797 467 2005 521 prohibito
2017 468 2215 526 conjunt‘ti
2238 469 2257 523 (
2271 469 2457 524 exceptis

1422 541 1576 583 primo,
1602 524 1830 570 &fecundo
1843 525 2070 584 gradibus)
2094 538 2161 570 aut
2177 528 2458 583 impedimen·.·

1420 587 1473 629 tis
1489 586 1758 641 Cognationis
1773 582 2006 638 spiritualis,
2020 601 2098 628 non
2111 599 2248 629 tamen
2262 587 2370 629 inter
2384 587 2450 629 le-

1423 655 1589 694 vatum,
1616 645 1656 684 &
1679 644 1911 693 levantem,
1936 641 2005 685 seu
2034 645 2199 699 publicae
2228 646 2454 689 honestatis·

1422 705 1566 762 justitia
1592 700 1840 743 obstantibus
1857 725 1871 749 2
1898 704 2203 746 matrimonium
2233 705 2341 747 inter
2369 703 2456 748 se.»

1427 760 1706 806 contraxerint
1723 786 1738 809 ,
1764 760 1842 801 illis
1855 759 2110 804 absolutione
2142 764 2190 805 ab
2206 777 2447 806 excommu-

1424 821 1654 870 nicatione,
1674 820 1714 860 &
1726 817 1898 860 incestus
1914 829 2030 860 reatu
2044 847 2058 870 ,
2076 834 2122 862 ac
2139 822 2362 865 exceffibus
2375 824 2454 865 hu·

1420 878 1591 937 jusmodi
1617 878 1655 918 in
1689 889 1864 932 utroque
1892 874 1984 918 foro
2012 879 2122 933 prius
2142 881 2348 935 impertita
2366 909 2390 931 ,.
2410 883 2451 923 δι

1421 938 1664 993 poenitentia
1679 935 1840 977 salutari
1856 933 2056 992 injunt‘ta,
2080 937 2128 979 ad
2153 939 2227 980 hoc
2247 966 2260 989 ,
2293 950 2337 982 ut
2362 954 2445 982 non

1417 997 1662 1039 obstantibus
1677 993 1873 1049 graduum
1888 1022 1902 1044 ,
1916 995 1956 1036 δι
1969 994 2058 1036 aliis
2076 994 2299 1052 hujusmodi
2319 999 2448 1053 impe-

1416 1056 1609 1097 dimentis
1626 1081 1638 1104 ,
1666 1053 1969 1094 matrimonium
1987 1052 2212 1109 hujusmodi
2235 1055 2346 1097 inter-
2370 1055 2453 1101 se).

1416 1114 1469 1155 de
1494 1127 1607 1156 novo
1625 1140 1638 1163 ,
1669 1112 1793 1155 etiam
1821 1109 1969 1167 absque
2002 1112 2095 1154 ullis
2119 1113 2446 1158 solemnitatibus

1415 1172 1665 1214 contrahere
1679 1171 1743 1222 ,δι
1758 1171 1796 1213 in
1818 1184 1868 1212 eo
1881 1198 1895 1221 ,
1912 1169 1979 1212 vel
1995 1199 2010 1221 ,
2030 1169 2054 1212 fi
2070 1171 2111 1212 id
2131 1172 2302 1228 exjustis
2318 1173 2447 1215 causis

1414 1230 1501 1273 fieri
1519 1244 1599 1271 non
1615 1229 1791 1286 poterit,
1820 1229 1859 1272 in
1873 1230 2083 1272 contraao
2108 1229 2333 1286 hujusmodi
2352 1246 2436 1274 ma-

1414 1289 1609 1331 trimonio
1635 1302 1849 1330 remanere
1864 1285 1977 1330 licite
2007 1287 2175 1343 poffint,
2209 1288 2442 1332 misericor-

1413 1348 1525 1390 diter
1551 1345 1830 1404 dispensandi,
1855 1345 2072 1402 prolesque
2098 1347 2193 1390 inde
2217 1346 2443 1405 susceptas,

1413 1410 1451 1450 &
1467 1404 1728 1461 suscipiendas
1747 1405 1942 1462 legitimas
1954 1405 2204 1449 decernendi
2221 1421 2234 1449 :
2253 1421 2299 1449 ac
2320 1408 2450 1449 etiam

1419 1480 1494 1522 pro
1508 1463 1573 1506 usu
1589 1465 1772 1507 locorum
1787 1490 1801 1511 a
1832 1465 1872 1506 &
1895 1465 2167 1508 Ministrorum
2195 1466 2448 1508 Ecclesiasti-i·

1418 1523 1768 1567 corumdietarum
1792 1524 1965 1578 partium
1990 1533 2224 1578 paramenta
2246 1523 2450 1567 Ecclesia-

1418 1584 1510 1625 stica
1529 1581 1826 1625 benedicendi.
1862 1584 2080 1638 Denique,
2107 1591 2152 1623 ut
2181 1581 2376 1633 uberior,
2406 1585 2445 1625 δι

1417 1642 1569 1683 certior
1583 1641 1806 1683 animarum
1822 1641 1971 1697 ubique
1997 1638 2144 1684 fructus
2177 1642 2450 1695 provenit&

1419 1699 1533 1757 poffit
1548 1728 1561 1750 ,
1577 1699 1692 1749 Tibi,
1725 1708 1799 1749 ut,
1816 1698 1841 1740 fi
1859 1701 1938 1741 haec
1956 1699 2091 1742 omnia
2122 1701 2305 1755 praedic‘ta
2328 1715 2447 1742 com-

1417 1759 1539 1802 mode
1573 1757 1709 1800 facere
1742 1758 1974 1813 nequiveris
1993 1785 2007 1808 ,
2037 1772 2158 1801 unum
2174 1789 2189 1810 ,
2218 1760 2283 1802 vel
2309 1758 2451 1814 plures

1419 1815 1688 1866 Sacerdotes,
1714 1825 1795 1857 tam
1817 1816 2042 1867 seculares,
2071 1820 2190 1873 quim
2207 1820 2449 1874 regulares,

1418 1885 1615 1931 quatenus
1630 1888 1729 1930 opus
1748 1873 1899 1923 fuerit,
1934 1876 1971 1916 in
2001 1878 2200 1931 praemiffis
2228 1877 2416 1920 omnibus
2432 1901 2452 1930 ,-

1421 1937 1460 1976 &
1476 1934 1635 1990 singulis
1649 1962 1662 1985 ,
1676 1933 1768 1975 loco
1785 1935 1895 1985 Tui,
1918 1947 2008 1975 cum
2023 1935 2138 1978 fimili
2154 1966 2168 1988 ,
2196 1937 2263 1978 vel
2278 1937 2451 1980 limitata

1421 1994 1617 2049 potestate
1645 1992 1844 2047 deputare
1869 1993 2000 2035 libere
2023 2020 2037 2043 ,
2076 1996 2116 2036 δι
2146 1995 2260 2038 licite
2283 1994 2447 2046 valeas,

1416 2052 1685 2103 auctoritate,
1708 2052 1906 2104 &tenore
1930 2054 2125 2106 praediffls
2152 2053 2446 2102 concedimus,

1415 2113 1454 2152 δι
1472 2109 1730 2165 indulgemus
1743 2137 1766 2171 ‚²
1789 2113 1882 2153 Non
1896 2110 2144 2154 obstantibus
2161 2112 2355 2167 praemiffis
2368 2139 2383 2162 ,
2396 2127 2444 2156 ae

1417 2169 1782 2212 Constitutionibus
1801 2197 1815 2219 ,
1840 2170 2230 2214 &Ordinatinnibus
2244 2171 2450 2226 Apostoli-

1415 2231 1472 2272 cis
1490 2257 1502 2278 ,
1526 2228 1764 2283 ‘caeteriffiue
1776 2228 1996 2270 contrariis
2015 2229 2334 2286 quibuscumque
2351 2259 2364 2270 .

1478 2288 1631 2328 Datum
1664 2287 1802 2327 Romae
1827 2285 1934 2341 apud
1962 2289 2148 2331 sanetum
2174 2290 2343 2331 Petrum
2378 2286 2449 2331 sub

1419 2346 1584 2388 Annulo
1602 2343 1813 2388 piscatoris
1829 2345 1897 2387 die
1914 2347 2446 2390 v.DecembrisM01.xxx1vs

1418 2403 1691 2453 Pontificatus'
1700 2405 1835 2448 Nostri
1849 2418 1955 2448 anno
1970 2406 2262 2449 tertiodecimo
2273 2433 2285 2448 .
2398 2404 2401 2406 ’

1107 2596 1664 2664 NOTA.

130 2745 175 2781 (ι)
201 2746 321 2780 Τουὼ
440 2743 546 2789 -Agni
566 2741 712 2782 nominis
744 2743 868 2782 Virum
897 2744 990 2782 fuisse
1018 2746 1075 2781 Fr.
1102 2746 1243 2781 Petrum
1282 2745 1806 2794 stupramemoraturn·testantur
1841 2746 1936 2792 aeque
1970 2747 2078 2784 nostri
2117 2735 2288 2783 Boverius
2326 2748 2383 2795 (a)
2408 2747 2445 2783 31
2471 2775 2474 2777 >

130 2781 319 2859 χῖξὲζοι·
470 2791 717 2836 Arembergius
741 2793 799 2840 (b)
823 2805 971 2840 quorum
994 2806 1136 2841 uterque
1145 2798 1218 2840 ejus
1233 2794 1431 2833 vitam-celo
1443 2793 1763 2843 praedication1s‚&
1780 2792 1903 2839 spiritu
1923 2795 2090 2832 charitatis
2110 2794 2275 2832 celebrem
2289 2794 2362 2833 fuse
2376 2797 2450 2833 col-

131 2866 179 2900 (b)
202 2867 322 2896 Part-2·
339 2840 454 2886 laudat
467 2865 482 2885 ,
505 2839 680 2879 aesonius
695 2842 730 2877 id
745 2842 853 2878 innuit
867 2843 1175 2890 Apostolicaillius
1198 2842 1528 2892 Algerium'(quod
1543 2841 1601 2879 alii
1624 2842 1751 2891 IulIam
1777 2842 1964 2880 Caesaream
1978 2843 2132 2889 vocant)
2157 2844 2308 2887 legatio,
2329 2854 2365 2880 ut
2388 2838 2441 2879 ibi*

131 2905 321 2943 pemsmpb,
338 2889 572 2928 Christianos,
600 2887 659 2925 sub
683 2889 759 2926 diro
785 2890 959 2928 servitutis
979 2891 1067 2939 jugo
1090 2902 1266 2939 gementes
1279 2917 1290 2936 ,
1313 2894 1490 2931 redimeret
1509 2917 1519 2927 .
1542 2893 1645 2938 Opus
1667 2891 1732 2927 hoc
1752 2902 1791 2928 ut
1812 2889 2032 2929 facilitas-etur
2043 2918 2056 2936 ,
2081 2893 2131 2928 ἰΙιῐ
2146 2915 2159 2934 ,
2174 2903 2287 2939 praeter
2298 2894 2354 2929 Fr.
2373 2891 2451 2928 Phi·-

119 2946 320 2991 folmhmt.
339 2940 474 2985 lippum
497 2939 517 2976 ὲ
544 2938 836 2982 Roccaeomrm,
873 2940 946 2976 duo
970 2941 1035 2976 viri
1059 2941 1244 2979 seculares,
1269 2941 1435 2984 videlieet
1459 2941 1605 2989 joannes
1629 2940 1744 2976 sanna
1758 2964 1770 2983 ,
1795 2938 1829 2974 8(
1843 2940 2041 2984 Ludovieus
2066 2942 2266 2978 Grummius
2293 2939 2447 2989 adjuncti

338 2987 455 3024 fuere.
479 2987 619 3024 Faustus
648 2987 713 3024 fuit
732 2986 873 3024 illorum
898 2989 946 3024 ibi
971 2989 1159 3036 appulsus,
1184 3002 1261 3025 cum
1287 2992 1402 3037 plures
1426 2990 1545 3032 inico,
1574 2988 1693 3024 solutis
1713 2988 1924 3035 captivitatis
1950 2991 2098 3026 vinculis
2119 3014 2133 3033 ,
2167 2990 2370 3028 beneficium
2408 2990 2452 3026 li-

339 3035 479 3073 bertatis
503 3035 616 3082 adepti
638 3035 723 3080 lint,
746 3046 836 3082 quos
862 3038 948 3074 dieti
973 3037 1049 3074 Viri
1076 3037 1240 3077 seculares
1269 3040 1520 3076 Romamycum
1545 3038 1765 3074 exultatione
1790 3038 1990 3075 conduxere
2006 3062 2019 3082 ,
2045 3040 2147 3075 Petro
2168 3036 2204 3074 in
2228 3039 2444 3086 reliquorum,

339 3084 495 3121 solatium
520 3083 582 3128 ibi,
596 3095 810 3130 permanente
825 3109 836 3128 ,
858 3087 891 3125 8<
918 3087 1065 3124 Domino
1090 3085 1124 3124 in
1151 3086 1313 3133 proximo
1327 3086 1529 3135 servIente,
1552 3098 1627 3122 cum
1653 3087 1743 3121 omni
1767 3084 1962 3124 humilitate
1977 3111 1990 3130 ,
2013 3087 2254 3136 &lachrymis
2269 3112 2281 3131 ,
2307 3087 2350 3129 (θ’
2373 3096 2444 3124 ten.

338 3132 530 3179 rationibus
544 3156 556 3175 n
580 3133 623 3174 &⁴
647 3131 842 3181 testificante
871 3146 941 3171 tum
968 3134 1194 3177 Christianis,
1225 3146 1295 3171 tum
1325 3134 1524 3174 Gentilibus
1549 3136 1588 3170 in
1610 3134 1723 3171 Deum
1740 3134 1978 3183 paenitentiam
1994 3160 2006 3179 ‚
2024 3136 2067 3178 ὠ·
2082 3135 2187 3184 fidem
2207 3137 2246 3172 in
2262 3135 2446 3175 Dominum

339 3180 485 3231 nostrum
511 3178 634 3229 {Jesum
655 3180 847 3233 Christum.
874 3184 964 3224 Lues
996 3182 1190 3231 Epidemica
1216 3184 1298 3220 dum
1338 3187 1452 3222 locum
1483 3183 1628 3227 invafit,
1654 3187 1687 3219 8<
1715 3187 1854 3222 Petrum
1882 3184 2074 3230 corripuit,
2103 3184 2305 3222 ferventiore
2330 3184 2443 3219 studio

337 3228 473 3267 infeffls
493 3229 738 3269 ministrantem
756 3255 768 3274 ,
790 3241 936 3279 eumque
963 3231 1134 3277 charitatis
1157 3230 1358 3269 sacrificium
1391 3232 1471 3270 fecit
1497 3233 1532 3272 ,δε
1560 3231 1705 3279 spolium
1731 3232 1877 3270 mortis3
1912 3234 1996 3269 hanc
2033 3235 2067 3269 in
2091 3231 2272 3280 conspeetu
2305 3231 2448 3268 Domini

338 3277 523 3325 pretiosam
548 3276 641 3314 fuisse
667 3279 794 3321 docet,
818 3291 895 3326 quar
920 3292 998 3318 eam
1023 3280 1206 3328 praecellit,
1226 3291 1278 3317 res
1301 3282 1519 3321 admiranda,
1547 3283 1567 3318 a
1591 3279 1759 3329 praediflris
1786 3280 2002 3321 Austoribus
2024 3283 2057 3318 in
2080 3282 2163 3319 locis
2185 3280 2294 3318 citatis
2319 3280 2367 3315 ita
2392 3280 2447 3316 de.

335 3328 484 3373 scripta:
512 3326 599 3375 Cum
626 3328 664 3364 in
688 3326 845 3372 SaceHo,
862 3330 902 3367 ln
931 3341 995 3378 quo
1022 3330 1148 3366 Petrus
1172 3329 1285 3366 Sacra
1306 3328 1418 3381 Miffae
1439 3329 1603 3379 Mysteria
1626 3329 1798 3367 celebrare
1813 3328 1970 3376 solebat,
1987 3332 2131 3378 geminae
2165 3327 2285 3367 Sanffii
2316 3326 2450 3369 Rochi,

339 3375 382 3415 ὠ·
406 3375 524 3411 Sanni
549 3374 743 3425 Sebastiam'
769 3378 964 3425 imagines,
990 3377 1154 3428 diJit'nfiiis
1179 3377 1308 3414 tabulis
1329 3378 1465 3427 depiflae
1489 3377 1616 3429 efflent,
1641 3391 1713 3427 qua
1747 3378 1893 3419 medium
1928 3378 2048 3416 Sanni
2091 3377 2264 3424 Leonards'
2298 3377 2425 3413 iconem

340 3421 436 3459 velut
463 3424 536 3473 ostio
561 3423 832 3468 concludebant,
857 3425 916 3462 hoc
936 3435 1081 3479 tempore
1097 3424 1163 3463 illa
1168 3425 1337 3474 sudorum
1351 3452 1364 3471 ,
1388 3440 1427 3465 ac
1451 3425 1702 3477 lachrymarum
1721 3436 1844 3475 guttas
1869 3425 2043 3478 effundere
2067 3423 2177 3474 visae,
2201 3435 2275 3474 quae
2296 3425 2415 3473 saept‘us

338 3468 460 3508 Fratre
472 3471 629 3521 Philippo
645 3473 840 3521 Petm‘som‘o
850 3475 1008 3523 extersae.
1029 3474 1122 3511 haud
1131 3484 1244 3512 tamen
1257 3477 1417 3514 exiccari
1431 3485 1593 3525 poterant
1610 3500 1622 3520 ‚
1636 3476 1701 3525 sed
1714 3475 1847 3512 tamdiu
1858 3485 1932 3514 tuus
1946 3484 1988 3511 ex
2002 3473 2150 3522 fronte,
2175 3483 2250 3513 tum
2276 3484 2317 3511 ex
2343 3473 2449 3511 oculi?

337 3529 510 3567 erumpere
532 3523 788 3564 cernebantur,
813 3522 917 3559 donec
943 3524 1070 3562 Petrus
1086 3524 1118 3572 s
1131 3524 1254 3560 iritum
1320 3536 1354 3561 eo
1384 3526 1565 3564 redderet:
1592 3536 1657 3574 quo
1679 3532 1845 3573 tempore,
1868 3531 1948 3560 uter
1971 3533 2013 3559 ue
2032 3521 2132 3572 postis
2147 3548 2159 3567 ,
2187 3523 2346 3572 praefatis
2362 3523 2451 3561 ima·

331 3567 473 3621 ginibus
487 3570 664 3624 infigm‘tus
679 3595 691 3615 ‚
715 3570 830 3622 nullo,
841 3579 1072 3622 praeterquam
1135 3573 1167 3609 es·
1188 3573 1328 3621 imperio
1359 3573 1533 3623 occlusus,
1555 3575 1744 3622 imaginum
1767 3570 1930 3622 aspeflmn
1973 3571 2142 3610 ominibus
2147 3573 2352 3622 subripuit·

2295 3787 2403 3848 m:
2427 3790 2439 3806 ”
