2762 4108
382 242 553 329 290

316 382 1215 449 PAULUSPAPA
1287 383 1351 433 V.

407 504 562 555 DilebJe
578 502 661 550 Fili
675 531 690 555 ,
702 502 882 561 sblutem
895 527 909 549 ,
940 499 988 548 (ff
1005 496 1262 557 Apostolicam

673 558 974 609 Benedib‘lionem
989 586 1002 603 0

441 683 608 731 Ebitum
630 678 838 727 pastoralis
852 675 984 720 officii
995 690 1044 722 ex
1058 675 1146 721 alto
1158 673 1348 719 commisti

472 739 671 800 requirit,
696 749 738 780 ut
754 736 804 781 ad
820 750 903 788 eae,
933 749 1006 793 per
1020 749 1105 801 qpae
1127 734 1350 792 prudentes

319 804 539 859 Virgines,
570 799 640 843 sub
654 796 763 842 suavi
790 794 1018 850 Religionis
1043 809 1168 851 jugo,
1200 807 1348 851 perpe—

319 871 472 918 tuaque
485 858 689 911 clausura,
721 854 961 910 praepotenti
996 855 1112 905 Deo,
1144 854 1180 897 in
1204 853 1369 911 mentis-

320 921 502 978 puritate
517 947 532 971 ,
556 920 595 963 ,δι
612 911 848 961 humilitatis
867 911 1031 966 spiritu,
1063 911 1204 967 spretis
1220 911 1346 956 saeculi

324 977 531 1025 illecebris
548 1005 563 1028 ,
587 973 772 1019 famulari
788 971 949 1016 valeant
967 999 982 1021 ,
1012 968 1207 1016 &exinde
1222 971 1347 1012 hone-

322 1037 460 1087 statis,
489 1037 529 1080 &
545 1033 705 1091 pietatis
735 1031 883 1076 fruetus
899 1058 913 1081 ‚
944 1029 1113 1084 vitaeque
1134 1029 1352 1083 Regularis

329 1095 568 1153 propagatio
605 1089 869 1148 proveniant,
900 1087 1073 1132 sollicita
1104 1087 1224 1129 animi
1254 1100 1350 1129 cura

322 1152 604 1200 intendamus,
634 1152 673 1194 &
699 1150 738 1191 in
765 1148 822 1192 eia
852 1144 1030 1203 ejusdem
1064 1145 1196 1191 Officii
1224 1146 1348 1190 nostri

322 1222 462 1272 partes
506 1208 788 1256 favorabiliter
828 1205 1137 1259 interponamus
1166 1233 1180 1256 ,
1228 1213 1350 1261 prout

323 1270 596 1323 comperimus
624 1267 661 1309 in
689 1266 867 1310 Domino
893 1263 1106 1309 salubriter
1129 1264 1350 1322 expedire»

323 1328 517 1374 Exhibita
537 1324 726 1382 liquidem
742 1322 869 1369 Nobis
885 1335 1012 1379 nuper
1038 1337 1115 1379 pro
1133 1332 1248 1379 parte
1274 1322 1349 1370 Di-

327 1389 518 1434 lec‘tarum
549 1385 603 1426 in·
623 1381 788 1427 Christo
816 1381 1008 1427 Filiarum
1042 1381 1282 1439 Virginum,
1311 1383 1352 1426 δε

322 1444 558 1491 Puellarum
573 1471 589 1498 ,
621 1455 667 1489 ae
702 1439 922 1487 Doratricis
955 1440 1143 1488 Thiene2
1189 1439 1350 1486 Nobilis

325 1505 469 1551 Viduae
485 1502 736 1551 Vicentinae,
765 1501 804 1545 &
838 1498 1089 1541 Dileetorum
1121 1499 1356 1545 Filiorum.-

325 1566 475 1613 AEneae,
490 1561 614 1604 etiam
629 1558 787 1604 Thiene
799 1556 960 1611 ,Caroli
973 1557 1041 1600 dal
1054 1557 1184 1601 Corso
1198 1588 1211 1611 ,
1228 1562 1353 1605 Fran-

323 1618 599 1667 cisciBorini,
629 1617 787 1660 Ostavii
804 1617 940 1668 Mori,
972 1615 1181 1660 Valentini
1197 1619 1249 1659 de
1266 1620 1358 1659 Mu-

327 1680 434 1723 ranis
449 1706 462 1729 ,
478 1676 718 1735 Hieronymi
734 1676 973 1726 Mantuani,
985 1677 1024 1717 &
1040 1676 1231 1718 Francisci
1249 1679 1357 1718 Gar-

326 1738 451 1783 binati
467 1765 480 1789 ,
496 1736 660 1779 Civium
677 1734 987 1779 Vicentinorum
1000 1762 1014 1785 ,
1026 1736 1063 1778 &
1077 1735 1188 1780 dietae
1201 1738 1355 1781 Domus

325 1795 706 1842 Administratorum
748 1793 859 1848 petio
897 1792 1130 1837 continebat
1146 1822 1160 1844 ,
1191 1793 1300 1849 quod
1334 1792 1355 1838 ἃ

326 1855 487 1901 duobus
499 1853 636 1902 annis,
660 1851 725 1894 vel
741 1853 937 1903 circiter,
965 1853 1169 1896 nonnulla:
1197 1866 1248 1896 ex
1269 1850 1355 1908 ipsis

327 1913 592 1971 Virginibus,
619 1913 659 1953 &
675 1910 826 1957 Puellis
842 1939 856 1961 ,
881 1910 1048 1961 amoris,
1080 1913 1120 1952 δι
1146 1910 1355 1953 charitatis

329 1972 423 2014 zelo
438 1984 536 2027 erga
555 1973 688 2015 Deum
700 1968 871 2012 accensa:
886 1998 900 2020 ,
912 1971 951 2010 δι
965 1969 1016 2011 de
1031 1970 1251 2011 animarum
1268 1968 1355 2010 sua-

328 2043 420 2073 rum
434 2029 560 2074 salute
577 2027 760 2072 sollicita:
774 2057 790 2078 ,
805 2029 1059 2071 Sacrosaneta
1077 2026 1329 2070 Poenitentiae
1342 2049 1356 2071 2

326 2090 367 2132 ὃς
383 2085 635 2133 Eucharistiae
651 2088 909 2131 Sacramenta
924 2084 1185 2140 frequentare
1198 2086 1261 2136 ,δε
1272 2084 1359 2128 aliis

326 2146 487 2193 devotis
504 2143 768 2201 spiritualibus
782 2170 796 2194 ,
826 2145 865 2188 &
880 2143 949 2197 piis
960 2144 1165 2188 exercitiis
1181 2159 1362 2190 vacare.)

328 2213 546 2261 coeperunt
559 2230 573 2253 ‚
586 2202 782 2259 paulatim
798 2202 835 2246 in
851 2203 912 2245 via
924 2200 1082 2259 spiritus
1097 2204 1362 2260 progredien-

327 2274 419 2317 tes,
453 2262 600 2308 vestem
626 2264 875 2307 exteriorem
896 2274 946 2306 ex
965 2259 1054 2305 rudi
1084 2276 1214 2316 panno
1232 2290 1247 2313 ,
1277 2262 1362 2318 ejus

328 2322 508 2369 coloris,
538 2321 605 2377 qui
629 2320 751 2380 vulgi>
766 2320 888 2376 grisus
903 2348 916 2371 ,
947 2317 1013 2363 seu
1035 2319 1262 2363 berettin’us
1291 2335 1362 2364 vo-

329 2390 471 2428 catur,
502 2380 563 2422 uti
588 2393 704 2430 eam,
735 2393 819 2433 quae
840 2379 1124 2435 poenitentiam
1150 2380 1361 2435 agentibus

329 2438 503 2483 maxime
514 2437 758 2480 conveniens
773 2437 856 2487 est,
886 2437 954 2481 fibi
980 2437 1209 2494 gestandam
1223 2439 1363 2494 elege-

330 2508 426 2543 runt
440 2527 454 2549 ,
480 2493 704 2552 abinde-que
722 2510 798 2537 non
818 2493 946 2538 solum
959 2496 1156 2551 prioribus
1173 2497 1331 2552 pietatis
1348 2528 1363 2549 ,

329 2560 369 2601 &
384 2554 835 2607 devotioniswexercitiis
850 2554 1077 2600 constanter
1092 2556 1279 2607 insistere,
1295 2556 1361 2601 sed

329 2615 454 2661 etiam
470 2613 697 2659 austerioris
718 2611 887 2667 Regulae
901 2611 1104 2656 defiderio
1120 2613 1245 2659 duc'tae
1260 2643 1275 2669 ,
1305 2617 1360 2658 vi·

332 2684 414 2718 tatu
432 2686 482 2718 ex
495 2670 741 2728 poenitentiae
765 2671 957 2727 operibus
982 2672 1188 2715 instituere
1218 2687 1361 2728 propo-

332 2732 496 2775 suerunt
514 2759 526 2782 ,
558 2730 595 2774 in
612 2743 744 2786 eoque
764 2739 979 2785 tantopere
1007 2731 1146 2773 divino
1161 2731 1362 2775 beneficio

334 2785 597 2851 profecerunt
613 2818 627 2840 ,
658 2799 699 2830 ut
720 2790 759 2834 δι
774 2789 997 2835 universam
1014 2791 1239 2833 Civitatem
1263 2805 1360 2847 prae·

331 2851 478 2896 dietam
499 2847 547 2895 ad
568 2848 728 2902 pietatis
756 2848 923 2894 studium
953 2849 1197 2905 peramplius
1218 2865 1362 2893 erexe-

333 2909 447 2960 rint,
477 2909 516 2950 &
532 2906 733 2963 plerisque
756 2909 964 2952 materiam
982 2908 1029 2951 ad
1048 2909 1257 2952 meliorem
1275 2907 1360 2955 fru-

334 2982 425 3024 gem
468 2966 665 3010 redeundi
695 2995 708 3017 ‚
750 2968 818 3011 suo
851 2967 1040 3020 exemplo
1079 2968 1323 3024 praebuerint
1349 2999 1360 3010 .

334 3026 459 3083 Quod
475 3025 679 3080 promovit
694 3025 873 3069 diversas
889 3025 1081 3071 Personas
1097 3028 1202 3084 pias,
1232 3029 1272 3069 &
1288 3042 1363 3083 prae

335 3085 480 3128 ceteris
494 3085 637 3127 dietam
654 3086 914 3129 Doratricem
926 3114 939 3136 ,
972 3095 1015 3130 ut
1032 3086 1084 3129 de
1109 3081 1364 3130 confovenda

338 3147 475 3189 Domo
490 3157 563 3199 pro
578 3145 779 3187 communi
794 3144 1043 3189 habitatione
1056 3144 1250 3190 dietarum
1269 3146 1364 3189 Vir-

337 3202 741 3260 ginumcogitarent3
773 3204 870 3257 Quo
887 3202 997 3247 fimul
1017 3203 1161 3256 unitae,
1189 3205 1364 3252 &coha-

307 3277 319 3293 ο
338 3264 514 3306 bitantes
526 3259 678 3305 facilius
694 3260 732 3303 in
760 3259 939 3318 suscepto
968 3262 1128 3316 spiritus
1148 3259 1364 3309 fervore-'2

340 3320 592 3370 conservari,
608 3321 647 3365 δι
662 3320 897 3376 promoveri
912 3318 1065 3375 poffent
1079 3335 1091 3367 ε
1106 3319 1366 3378 successitque

348 3394 413 3422 res
428 3380 504 3435 ipsa
522 3378 739 3435 prospere,
753 3376 981 3423 &feliciter
995 3409 1008 3431 ,
1026 3394 1116 3423 nam
1134 3380 1238 3425 dieta
1253 3380 1366 3425 Civi-

344 3447 430 3480 tate
443 3438 690 3494 propitiante
705 3465 719 3489 ‚
753 3439 905 3480 Domus
926 3437 1151 3492 huiusmodi
1168 3440 1206 3481 in
1220 3453 1267 3484 ea
1283 3469 1299 3492 2
1327 3441 1367 3485 δε

341 3495 435 3538 loco
448 3496 495 3541 ad
514 3495 552 3539 id
566 3496 784 3541 commodo
798 3526 814 3551 ‚
846 3497 1095 3542 liberalitate
1111 3527 1126 3552 ,
1155 3499 1194 3540 δι
1209 3497 1365 3554 sumptu

347 3554 573 3599 Doratricis
589 3584 604 3607 ,
634 3558 672 3601 &
696 3555 866 3601 aliarum
882 3555 1145 3601 Personarum
1164 3558 1368 3614 praedicta-

347 3627 434 3655 rum
456 3624 588 3668 coepta
605 3642 620 3665 ,
648 3617 688 3659 δι
703 3613 968 3670 eleemosynis
983 3643 998 3666 ‚
1027 3614 1192 3672 aliisque
1220 3616 1369 3672 elargi-

347 3672 522 3715 tionibus
538 3672 608 3726 piis
623 3702 637 3724 ,
667 3688 752 3729 quae
771 3673 791 3714 a
805 3672 1367 3730 christifidelibusejusdenu

347 3731 543 3774 Civitatis
571 3731 733 3786 copiosa:
745 3730 863 3784 fiunt,
877 3733 925 3777 ad
941 3731 1127 3776 debitum
1141 3732 1260 3776 finem
1277 3747 1369 3789 per-

346 3790 463 3838 ducta
478 3789 551 3834 suit
568 3818 583 3843 ,
607 3791 673 3842 δι,
710 3804 758 3833 ue
774 3791 923 3853 aliquid
948 3791 998 3836 ad
1024 3792 1367 3850 complementum

1120 205 1294 292 Pro
1313 202 1646 290 vinci-a

1415 319 1532 376 ipsius
1547 318 1682 377 operis
1699 314 1751 372 pii
1764 315 2089 369 defideraretur,
2116 317 2298 361 Dilectus
2319 319 2441 366 Filius

1413 374 1813 433 PetrusJustinianus
1828 405 1842 427 ,
1864 375 2023 419 Nobilis
2037 378 2224 420 Venetus
2241 407 2254 428 ,
2274 380 2313 420 &
2331 380 2445 423 dietae

1411 435 1603 480 Civitatis
1619 435 1868 490 Capitaneus
1881 465 1897 487 ,
1929 449 2057 492 prope
2087 434 2207 493 ipsam
2225 439 2443 480 Domum-2

1410 508 1526 537 unam
1554 493 1802 544 Eccleiiam,
1836 494 1904 539 seu
1932 496 2149 550 Capellam
2181 511 2256 552 pro
2283 511 2446 540 earum-

1411 554 1507 597 dem
1521 550 1733 608 Virginum
1749 552 1819 597 usu
1833 581 1846 605 ,
1878 552 1942 597 sua
1959 554 2133 611 impensa
2148 583 2162 607 ,
2183 556 2364 610 eleganti
2378 571 2446 599 ar-

1413 610 1540 658 tificio
1566 610 1740 657 construi
1772 613 1929 656 curavit
1948 641 1959 653 .
1995 613 2114 658 Unde
2139 615 2332 671 praedietae
2347 617 2442 657 Vir·

1412 671 1525 728 gines
1541 699 1556 722 ,
1580 684 1631 714 ex
1649 679 1736 714 tota
1750 671 1935 714 Civitate
1956 669 2115 728 praefata
2131 703 2146 725 ,
2160 722 2161 725 Ἰ
2175 674 2213 715 in
2233 687 2308 730 qua
2337 674 2446 730 sepa-

1413 729 1529 775 ratim
1543 729 1776 773 habitabant
1792 758 1807 782 ,
1824 728 1873 772 ad
1889 729 2112 788 praedictam
2132 735 2306 777 Domum
2323 735 2358 775 {e
2372 747 2441 775 re-

1410 798 1607 844 ceperunt
1623 814 1637 838 ,
1670 789 1708 829 in
1726 800 1856 843 eaque
1871 789 2059 833 haetenus
2075 790 2140 845 pie
2154 819 2169 841 ,
2198 792 2238 835 &
2249 791 2444 848 religiose

1411 846 1480 893 sub
1493 845 1824 897 dietoinssituto,
1849 860 1895 888 ac
1911 846 2161 891 etiamdietae
2184 851 2441 902 Doratricis,

1409 919 1528 962 quam
1542 906 1664 951 etiam
1684 907 1813 947 AEneae
1826 934 1842 956 ,
1869 904 2039 956 Caroli,
2069 907 2266 951 Francisci
2283 909 2445 958 Borini‘,

1409 964 1596 1019 octavii,
1613 962 1854 1015 Valentini,
1887 964 2157 1019 Hieronymi,
2186 967 2227 1007 &
2243 966 2445 1010 Francisci

1414 1022 1631 1090 Garbinati
1648 1021 1925 1089 praedictorum
1939 1023 2134 1079 regimine
2147 1053 2164 1075 ,
2188 1025 2228 1069 δι
2243 1026 2444 1083 gubernio

1414 1095 1555 1125 vivere
1574 1090 1860 1127 continuarunt
1882 1112 1894 1126 .

1466 1143 1574 1183 Cum
1588 1148 1727 1183 autem
1742 1168 1756 1192 ,
1787 1141 1882 1185 ficut
1903 1140 2050 1185 eadem
2075 1141 2219 1198 petitio
2234 1141 2449 1200 subjunge-

1409 1202 1476 1246 bat
1493 1228 1507 1254 ,
1523 1199 1635 1242 dietae
1650 1198 1840 1254 Virgines
1857 1200 2038 1243 melioria
2051 1226 2065 1249 a
2095 1201 2135 1243 8(-
2156 1202 2338 1244 arctioris
2356 1204 2448 1244 vitae

1411 1258 1505 1303 zelo
1515 1258 1677 1316 cupiant
1693 1256 1759 1301 sub
1776 1259 1938 1317 Regula
1954 1260 2104 1302 Sanetae
2122 1260 2257 1303 Clarae
2272 1262 2364 1303 Deo
2390 1259 2450 1303 fa-

1409 1317 1604 1362 mulatum
1638 1317 1834 1363 exhibere
1858 1346 1872 1371 ,
1913 1332 1961 1360 ac
2005 1317 2156 1363 dietam
2199 1322 2373 1362 Domum
2409 1321 2450 1362 in

1414 1376 1701 1423 Monasterium
1787 1377 2027 1421 Monialium
2102 1378 2442 1434 Capucinarum.)

1414 1446 1735 1492 nuncupatarum
1779 1435 1945 1481 Ordinis
1998 1438 2148 1479 Sanetae
2215 1436 2346 1481 Clarae
2395 1434 2444 1478 ad

1416 1495 1536 1539 instar
1571 1523 1586 1546 ‚
1643 1494 1896 1550 aliorumque
1959 1495 2298 1539 Monasteriorutn
2350 1497 2442 1538 Mo-

1415 1554 1585 1601 nialium
1612 1552 1713 1596 dieti
1738 1552 1904 1596 Ordinis
1922 1581 1935 1605 ,
1962 1568 2032 1611 per
2059 1556 2171 1600 Nos,
2201 1555 2240 1598 &
2269 1553 2449 1597 Sedem„

1418 1612 1691 1668 Apostolicam
1708 1612 1812 1667 erigi
1830 1640 1844 1663 ,
1876 1611 2116 1662 acinssitui,
2146 1613 2184 1653 &
2213 1625 2294 1654 ram
2323 1614 2453 1653 Dora·

1419 1673 1577 1719 trices,
1608 1684 1727 1727 quam
1760 1675 1905 1714 AEneas
1927 1698 1942 1720 ,
1974 1669 2177 1722 Carolus,
2213 1670 2448 1713 Franciscus

1419 1731 1616 1780 Borinus,
1661 1729 1883 1780 Ostavius,
1928 1729 2198 1775 Valentinus,
2245 1730 2453 1781 Hierony-

1419 1803 1503 1832 mus
1521 1817 1533 1839 ,
1565 1790 1602 1830 &
1622 1788 1852 1831 Franciscus
1879 1789 2126 1831 Garbinatus
2146 1788 2317 1843 praedieti
2335 1817 2350 1840 ,
2380 1801 2453 1842 pe-

1416 1846 1802 1891 culiariChristianae
1827 1847 2034 1889 charitatis
2062 1847 2200 1890 affectu
2228 1847 2362 1897 moti,
2393 1846 2456 1887 in-

1417 1906 1587 1950 tendant
1604 1905 1671 1961 ipsi
1695 1907 1942 1949 Monasterio
1957 1907 2005 1948 fic
2024 1906 2245 1962 erigendo,
2276 1907 2314 1947 &
2345 1904 2454 1947 illius

1417 1963 1660 2010 Monialibus
1711 1979 1784 2016 pro
1821 1975 2006 2023 tempore
2047 1965 2335 2015 existentibus,
2366 1963 2458 2008 de..-

1421 2024 1610 2069 omnibus
1630 2051 1644 2074 ,
1674 2024 1886 2079 &fingatis
1903 2024 1953 2068 ad
1971 2023 2224 2067 commodam
2241 2036 2378 2066 earum
2394 2021 2456 2063 su-

1422 2084 1731 2134 stentationem,
1761 2084 1801 2125 δε
1828 2084 2176 2126 manutentionem
2203 2079 2456 2129 necessariis,

1424 2157 1475 2185 ex
1490 2143 1633 2190 bonis,
1664 2141 1976 2186 &facultatibus
1992 2142 2060 2183 fibi
2089 2143 2113 2185 a
2139 2144 2229 2183 Deo
2259 2140 2421 2183 collatis
2439 2167 2454 2190 ,

1422 2198 2454 2256 quantumopuserit,benigne·providere,seseque,
2525 2204 2528 2205 ’

1422 2263 1463 2303 &
1478 2259 1668 2304 Haeredes
1683 2288 1697 2311 ,
1727 2273 1772 2302 ac
1788 2257 2042 2303 Succeffores
2057 2258 2144 2302 suos
2160 2285 2174 2309 ,
2206 2259 2353 2315 suaque
2367 2286 2380 2308 ‚
2411 2257 2452 2298 δι

1422 2319 1646 2362 communia
1676 2319 1781 2362 bona
1808 2316 1856 2360 ad
1893 2316 1932 2359 id
1961 2331 2034 2372 per
2059 2317 2266 2374 publicum
2300 2316 2452 2358 lustru-

1422 2389 1604 2422 mentum
1622 2376 1779 2427 valide,
1809 2377 1848 2420 8(
1862 2375 2083 2422 efficaciter
2101 2375 2283 2431 obligare
2297 2404 2308 2417 .
2341 2378 2455 2431 Qua-

1424 2452 1567 2539 '55:22
1575 2451 1619 2491 ⁹²
1627 2435 2007 2537 35232'352‘33313025
2023 2434 2249 2537 ”33:535ss
2265 2437 2453 2538 ἰιῗῗὲξῗ

1582 2526 1597 2546 ⁵
2000 2522 2013 2545 ς
2217 2518 2232 2540 3
2433 2517 2454 2526 -

1421 2556 1459 2597 ni
1477 2581 1491 2603 a
1523 2552 1795 2608 Hieronymi,
1826 2553 1866 2594 δι
1893 2551 2086 2596 Francisci
2107 2551 2323 2597 Garbinati
2352 2565 2448 2606 pra:-

1420 2613 1646 2661 dictorum,
1674 2612 1802 2657 Nobis
1825 2612 2028 2653 humiliter
2055 2610 2130 2657 suit
2160 2609 2451 2665 supplicatum,

1421 2682 1620 2728 quatenus
1646 2670 1880 2716 earumdem
1895 2671 2109 2726 virginum
2127 2670 2221 2724 pi0,
2252 2671 2292 2710 δι
2314 2667 2453 2711 lauda-

1420 2731 1490 2777 bili
1509 2730 1711 2774 desiderio
1737 2728 1960 2785 hujusmodi
1990 2729 2273 2774 favorabiliter
2299 2739 2455 2769 annue-

1421 2802 1493 2839 re,
1524 2788 1753 2844 &desuper
1767 2789 1994 2846 opportune
2017 2787 2268 2845 providere,
2298 2786 2350 2829 de
2380 2785 2454 2826 be-

1421 2849 1621 2905 nignitate
1637 2848 1868 2903 Apostolica
1882 2847 2145 2904 dignaremur
2161 2874 2172 2886 .
2206 2847 2294 2887 Nos
2310 2844 2455 2900 igitur,

1422 2910 1492 2966 qui
1508 2907 1733 2964 Religionis
1763 2906 2123 2962 propagationem,
2141 2904 2277 2947 nostris
2307 2899 2456 2960 potiffi-

1426 2982 1532 3010 mum
1544 2968 1789 3020 temporibus
1803 2994 1815 3016 ,
1847 2965 2008 3007 finceris
2022 2964 2294 3007 desideramus
2307 2960 2458 3005 affecti-

1425 3027 1496 3071 bus
1512 3056 1525 3078 ,
1543 3026 1730 3080 Virgines
1743 3028 1805 3077 ,δι
1823 3024 2083 3067 Doratricem
2100 3053 2114 3076 ,
2147 3024 2313 3069 AEneam
2326 3049 2340 3071 ,
2371 3021 2455 3060 Ca-

1426 3086 1559 3131 rolum
1583 3111 1597 3133 a
1641 3081 1891 3129 Franciscum
1939 3084 2130 3126 Borinum
2153 3112 2167 3133 ,
2214 3077 2455 3127 octavium,

1427 3145 1690 3190 Valentinum
1711 3173 1725 3195 ,
1757 3143 2086 3197 Hieronymum,
2117 3143 2157 3184 δι
2199 3135 2455 3182 Franciscum

1428 3203 1698 3248 Garbinatum
1731 3201 1964 3260 praedit‘tos,
1997 3203 2035 3242 &
2067 3214 2210 3246 eorum
2239 3194 2407 3252 singulos
2428 3196 2453 3237 a.

1426 3261 1632 3318 quibusvis
1663 3260 2099 3305 excommunicationis
2121 3286 2135 3308 ,
2178 3253 2449 3320 suspensionis,

1427 3324 1467 3366 δι
1482 3321 1682 3364 interdicti
1699 3350 1714 3373 ,
1745 3320 1912 3376 aliistque
1930 3316 2212 3365 Ecclefiasticis
2233 3313 2455 3362 sententiis,

1426 3381 1635 3432 censuris,
1665 3382 1704 3423 δι
1730 3379 1888 3435 poenis,
1918 3377 2069 3435 ejure,
2101 3373 2165 3416 vel
2196 3372 2246 3416 ab
2267 3371 2457 3438 homine,

1426 3441 1563 3496 quavis
1595 3438 1805 3482 occasione
1823 3468 1838 3489 ,
1869 3436 1936 3481 vel
1965 3434 2080 3479 causa
2107 3433 2230 3484 latis,
2261 3431 2284 3474 fi
2308 3429 2457 3486 quibus

1429 3498 1741 3556 quomodolibet
1781 3494 1963 3542 innodati
2003 3491 2203 3543 existunt,
2232 3493 2282 3535 ad
2317 3492 2456 3532 harum

1426 3559 1614 3602 effestum
1629 3556 1824 3603 duntaxat
1846 3550 2203 3608 consequendum,
2233 3552 2374 3594 harum
2399 3547 2478 3590 se->

1426 3618 1487 3661 rie
1501 3617 1787 3665 absolvente8‚
1819 3615 1858 3655 δι
1882 3607 2086 3655 absolutos
2113 3609 2202 3653 fore
2216 3607 2455 3657 censentes,

1431 3675 1652 3734 hujusmodi
1675 3670 2029 3731 supplicationibus
2055 3669 2266 3720 inclinati,
2293 3666 2457 3711 Discre-

1430 3736 1530 3778 tioni
1547 3738 1641 3778 Tuae
1653 3749 1726 3792 per
1740 3729 1952 3790 praesentes
1969 3729 2202 3774 mandamus
2218 3755 2232 3778 ,
2249 3737 2454 3784 quatenus

1429 3808 1482 3839 ex
1507 3808 1646 3847 nunc,
1673 3802 1794 3850 prout
1827 3805 1878 3834 ex
1911 3801 2035 3843 tunc,
2065 3788 2273 3846 postquam
2302 3789 2454 3829 Domus

2302 3857 2400 3904 prae·
