<?xml version="1.0" encoding="UTF-8"?>
<!DOCTYPE html PUBLIC "-//W3C//DTD XHTML 1.0 Transitional//EN"
    "http://www.w3.org/TR/xhtml1/DTD/xhtml1-transitional.dtd">
<html xmlns="http://www.w3.org/1999/xhtml" xml:lang="en" lang="en">
 <head>
  <title>
</title>
<meta http-equiv="Content-Type" content="text/html;charset=utf-8" />
  <meta name='ocr-system' content='tesseract 3.04.00' />
  <meta name='ocr-capabilities' content='ocr_page ocr_carea ocr_par ocr_line ocrx_word'/>
</head>
<body>
  <div class='ocr_page' id='page_1' title='image "./bullariumordinis02cath/bullariumordinis02cath_0174.png"; bbox 0 0 2774 4068; ppageno 0'>
   <div class='ocr_carea' id='block_1_1' title="bbox 341 226 1378 522">
    <p class='ocr_par' dir='ltr' id='par_1_1' title="bbox 341 226 1377 452">
     <span class='ocr_line' id='line_1_1' title="bbox 412 226 513 279; baseline -0.01 0"><span class='ocrx_word' id='word_1_1' title='bbox 412 226 445 279; x_wconf 93' lang='lat' dir='ltr'>I</span> <span class='ocrx_word' id='word_1_2' title='bbox 463 226 513 278; x_wconf 89' lang='lat' dir='ltr'>O</span> 
     </span>
     <span class='ocr_line' id='line_1_2' title="bbox 341 226 1376 382; baseline 0 -19"><span class='ocrx_word' id='word_1_3' title='bbox 341 226 591 382; x_wconf 47' lang='lat' dir='ltr'><strong>Capellffn</strong></span> <span class='ocrx_word' id='word_1_4' title='bbox 641 313 695 361; x_wconf 89' lang='grc' dir='ltr'><strong>Β.</strong></span> <span class='ocrx_word' id='word_1_5' title='bbox 716 309 886 381; x_wconf 88' lang='lat' dir='ltr'><strong>Angeli</strong></span> <span class='ocrx_word' id='word_1_6' title='bbox 904 326 1012 360; x_wconf 87' lang='lat' dir='ltr'><strong>cum</strong></span> <span class='ocrx_word' id='word_1_7' title='bbox 1040 309 1303 368; x_wconf 77' lang='lat' dir='ltr'><strong>DomibuS,</strong></span> <span class='ocrx_word' id='word_1_8' title='bbox 1327 309 1376 363; x_wconf 73' lang='grc' dir='ltr'><strong>ὃ(</strong></span> 
     </span>
     <span class='ocr_line' id='line_1_3' title="bbox 350 380 1377 452; baseline -0.003 -19"><span class='ocrx_word' id='word_1_9' title='bbox 350 386 355 390; x_wconf 77' lang='grc'><strong><em>’</em></strong></span> <span class='ocrx_word' id='word_1_10' title='bbox 403 383 537 433; x_wconf 88' lang='lat' dir='ltr'><strong>terris</strong></span> <span class='ocrx_word' id='word_1_11' title='bbox 552 383 784 452; x_wconf 84' lang='lat' dir='ltr'>contiguis</span> <span class='ocrx_word' id='word_1_12' title='bbox 803 380 1039 432; x_wconf 82' lang='lat' dir='ltr'>Fratribus</span> <span class='ocrx_word' id='word_1_13' title='bbox 1057 383 1215 433; x_wconf 88' lang='lat' dir='ltr'><strong>Terrae</strong></span> <span class='ocrx_word' id='word_1_14' title='bbox 1231 383 1377 431; x_wconf 86' lang='lat' dir='ltr'><strong>Gual-</strong></span> 
     </span>
    </p>

    <p class='ocr_par' dir='ltr' id='par_1_2' title="bbox 399 452 1378 522">
     <span class='ocr_line' id='line_1_4' title="bbox 399 452 1378 522; baseline 0 -19"><span class='ocrx_word' id='word_1_15' title='bbox 399 453 448 504; x_wconf 90' lang='lat' dir='ltr'><strong>di</strong></span> <span class='ocrx_word' id='word_1_16' title='bbox 486 470 571 522; x_wconf 91' lang='lat' dir='ltr'><strong>pro</strong></span> <span class='ocrx_word' id='word_1_17' title='bbox 615 470 767 510; x_wconf 79' lang='lat' dir='ltr'><strong>annuo</strong></span> <span class='ocrx_word' id='word_1_18' title='bbox 811 458 1001 504; x_wconf 88' lang='lat' dir='ltr'><strong>Canone</strong></span> <span class='ocrx_word' id='word_1_19' title='bbox 1032 452 1248 503; x_wconf 87' lang='lat' dir='ltr'><strong>Candelae</strong></span> <span class='ocrx_word' id='word_1_20' title='bbox 1267 487 1283 510; x_wconf 93' lang='lat'><strong>,</strong></span> <span class='ocrx_word' id='word_1_21' title='bbox 1302 471 1378 503; x_wconf 88' lang='lat' dir='ltr'><strong>va-</strong></span> 
     </span>
    </p>
   </div>
   <div class='ocr_carea' id='block_1_2' title="bbox 401 521 1373 581">
    <p class='ocr_par' dir='ltr' id='par_1_3' title="bbox 401 521 1373 581">
     <span class='ocr_line' id='line_1_5' title="bbox 401 521 1373 581; baseline 0 -6"><span class='ocrx_word' id='word_1_22' title='bbox 401 525 513 575; x_wconf 87' lang='lat' dir='ltr'><strong>loris</strong></span> <span class='ocrx_word' id='word_1_23' title='bbox 530 524 664 576; x_wconf 88' lang='lat' dir='ltr'><strong>unius</strong></span> <span class='ocrx_word' id='word_1_24' title='bbox 685 524 1120 581; x_wconf 83' lang='lat' dir='ltr'><strong>bononeni,alienari</strong></span> <span class='ocrx_word' id='word_1_25' title='bbox 1134 521 1350 575; x_wconf 88' lang='lat' dir='ltr'><strong>concedit</strong></span> <span class='ocrx_word' id='word_1_26' title='bbox 1362 561 1373 575; x_wconf 89' lang='lat'><strong>.</strong></span> 
     </span>
    </p>
   </div>
   <div class='ocr_carea' id='block_1_3' title="bbox 472 655 1227 710">
    <p class='ocr_par' dir='ltr' id='par_1_4' title="bbox 472 655 1227 710">
     <span class='ocr_line' id='line_1_6' title="bbox 472 655 1227 710; baseline -0.004 -3"><span class='ocrx_word' id='word_1_27' title='bbox 472 656 735 710; x_wconf 90' lang='lat' dir='ltr'>PIUS</span> <span class='ocrx_word' id='word_1_28' title='bbox 809 655 1087 708; x_wconf 91' lang='lat' dir='ltr'><strong>PAPA</strong></span> <span class='ocrx_word' id='word_1_29' title='bbox 1161 658 1227 706; x_wconf 86' lang='lat' dir='ltr'><strong>V.</strong></span> 
     </span>
    </p>
   </div>
   <div class='ocr_carea' id='block_1_4' title="bbox 511 770 1275 842">
    <p class='ocr_par' dir='ltr' id='par_1_5' title="bbox 511 770 1275 842">
     <span class='ocr_line' id='line_1_7' title="bbox 511 770 1275 842; baseline -0.008 -14"><span class='ocrx_word' id='word_1_30' title='bbox 511 786 581 828; x_wconf 79' lang='lat' dir='ltr'><strong>Ad</strong></span> <span class='ocrx_word' id='word_1_31' title='bbox 598 793 834 842; x_wconf 81' lang='lat' dir='ltr'><strong>perpetuam</strong></span> <span class='ocrx_word' id='word_1_32' title='bbox 855 787 915 828; x_wconf 81' lang='lat' dir='ltr'><strong>rei</strong></span> <span class='ocrx_word' id='word_1_33' title='bbox 938 781 1192 827; x_wconf 78' lang='lat' dir='ltr'><em>memoriam.</em></span> <span class='ocrx_word' id='word_1_34' title='bbox 1264 770 1275 782; x_wconf 81' lang='lat'><strong>‘</strong></span> 
     </span>
    </p>
   </div>
   <div class='ocr_carea' id='block_1_5' title="bbox 321 900 1376 3856">
    <p class='ocr_par' dir='ltr' id='par_1_6' title="bbox 321 900 1376 3856">
     <span class='ocr_line' id='line_1_8' title="bbox 453 900 1372 948; baseline -0.002 -4"><span class='ocrx_word' id='word_1_35' title='bbox 453 903 560 945; x_wconf 87' lang='lat' dir='ltr'><strong>Ecet</strong></span> <span class='ocrx_word' id='word_1_36' title='bbox 595 905 828 948; x_wconf 88' lang='lat' dir='ltr'><strong>Romanum</strong></span> <span class='ocrx_word' id='word_1_37' title='bbox 867 900 1106 947; x_wconf 82' lang='lat' dir='ltr'><strong>Pontificem</strong></span> <span class='ocrx_word' id='word_1_38' title='bbox 1145 901 1249 943; x_wconf 87' lang='lat' dir='ltr'><strong>votis</strong></span> <span class='ocrx_word' id='word_1_39' title='bbox 1289 900 1372 944; x_wconf 91' lang='lat' dir='ltr'><strong>illis</strong></span> 
     </span>
     <span class='ocr_line' id='line_1_9' title="bbox 477 959 1373 1019; baseline -0.002 -14"><span class='ocrx_word' id='word_1_40' title='bbox 477 970 639 1017; x_wconf 83' lang='lat' dir='ltr'><strong>gratum</strong></span> <span class='ocrx_word' id='word_1_41' title='bbox 667 963 850 1019; x_wconf 84' lang='lat' dir='ltr'><strong>praestare</strong></span> <span class='ocrx_word' id='word_1_42' title='bbox 865 959 1056 1007; x_wconf 77' lang='lat' dir='ltr'>assensum</span> <span class='ocrx_word' id='word_1_43' title='bbox 1069 987 1083 1009; x_wconf 83' lang='lat'><strong>,</strong></span> <span class='ocrx_word' id='word_1_44' title='bbox 1099 973 1173 1016; x_wconf 88' lang='lat' dir='ltr'><strong>per</strong></span> <span class='ocrx_word' id='word_1_45' title='bbox 1190 973 1275 1016; x_wconf 86' lang='lat' dir='ltr'><strong>quae</strong></span> <span class='ocrx_word' id='word_1_46' title='bbox 1290 962 1373 1004; x_wconf 89' lang='lat' dir='ltr'><strong>Ec-</strong></span> 
     </span>
     <span class='ocr_line' id='line_1_10' title="bbox 335 1020 1372 1080; baseline 0 -19"><span class='ocrx_word' id='word_1_47' title='bbox 335 1021 458 1062; x_wconf 81' lang='lat' dir='ltr'><strong>clesia</strong></span> <span class='ocrx_word' id='word_1_48' title='bbox 484 1020 632 1065; x_wconf 89' lang='lat' dir='ltr'><strong>debitis</strong></span> <span class='ocrx_word' id='word_1_49' title='bbox 660 1023 949 1080; x_wconf 79' lang='lat' dir='ltr'><strong>frequentetur</strong></span> <span class='ocrx_word' id='word_1_50' title='bbox 979 1020 1372 1071; x_wconf 84' lang='lat' dir='ltr'><strong>honoribus‚&amp;,ut</strong></span> 
     </span>
     <span class='ocr_line' id='line_1_11' title="bbox 331 1076 1372 1138; baseline 0 -18"><span class='ocrx_word' id='word_1_51' title='bbox 331 1076 495 1122; x_wconf 80' lang='lat' dir='ltr'><strong>facilius</strong></span> <span class='ocrx_word' id='word_1_52' title='bbox 521 1079 702 1138; x_wconf 81' lang='lat' dir='ltr'>subsequi</span> <span class='ocrx_word' id='word_1_53' title='bbox 730 1081 847 1138; x_wconf 80' lang='lat' dir='ltr'><strong>poss‘it</strong></span> <span class='ocrx_word' id='word_1_54' title='bbox 870 1111 885 1133; x_wconf 90' lang='lat'><strong>,</strong></span> <span class='ocrx_word' id='word_1_55' title='bbox 923 1095 1000 1131; x_wconf 92' lang='lat' dir='ltr'><strong>ea,</strong></span> <span class='ocrx_word' id='word_1_56' title='bbox 1030 1092 1114 1133; x_wconf 83' lang='lat' dir='ltr'><strong>quae</strong></span> <span class='ocrx_word' id='word_1_57' title='bbox 1150 1088 1372 1135; x_wconf 85' lang='lat' dir='ltr'><strong>propterea</strong></span> 
     </span>
     <span class='ocr_line' id='line_1_12' title="bbox 330 1135 1376 1197; baseline 0 -19"><span class='ocrx_word' id='word_1_58' title='bbox 330 1135 434 1179; x_wconf 63' lang='lat' dir='ltr'><strong>faeta</strong></span> <span class='ocrx_word' id='word_1_59' title='bbox 462 1135 576 1182; x_wconf 83' lang='lat' dir='ltr'><strong>fuiffe</strong></span> <span class='ocrx_word' id='word_1_60' title='bbox 601 1139 819 1192; x_wconf 90' lang='lat' dir='ltr'><strong>dicuntur,</strong></span> <span class='ocrx_word' id='word_1_61' title='bbox 848 1154 940 1182; x_wconf 90' lang='lat' dir='ltr'><strong>cum</strong></span> <span class='ocrx_word' id='word_1_62' title='bbox 967 1140 990 1182; x_wconf 77' lang='lat' dir='ltr'><strong>a</strong></span> <span class='ocrx_word' id='word_1_63' title='bbox 1019 1137 1148 1181; x_wconf 90' lang='lat' dir='ltr'><strong>Nobis</strong></span> <span class='ocrx_word' id='word_1_64' title='bbox 1185 1138 1376 1197; x_wconf 84' lang='lat' dir='ltr'><strong>petitur,</strong></span> 
     </span>
     <span class='ocr_line' id='line_1_13' title="bbox 332 1196 1373 1252; baseline -0.001 -13"><span class='ocrx_word' id='word_1_65' title='bbox 332 1196 574 1252; x_wconf 87' lang='lat' dir='ltr'><strong>Apostolico</strong></span> <span class='ocrx_word' id='word_1_66' title='bbox 611 1199 832 1241; x_wconf 80' lang='lat' dir='ltr'><strong>munimine</strong></span> <span class='ocrx_word' id='word_1_67' title='bbox 861 1200 1134 1247; x_wconf 85' lang='lat' dir='ltr'><strong>roboramus,</strong></span> <span class='ocrx_word' id='word_1_68' title='bbox 1175 1207 1296 1252; x_wconf 89' lang='lat' dir='ltr'><strong>prout</strong></span> <span class='ocrx_word' id='word_1_69' title='bbox 1332 1196 1373 1238; x_wconf 90' lang='lat' dir='ltr'><strong>in</strong></span> 
     </span>
     <span class='ocr_line' id='line_1_14' title="bbox 327 1255 1313 1312; baseline 0.001 -16"><span class='ocrx_word' id='word_1_70' title='bbox 327 1255 512 1297; x_wconf 89' lang='lat' dir='ltr'><strong>Domino</strong></span> <span class='ocrx_word' id='word_1_71' title='bbox 537 1256 831 1312; x_wconf 86' lang='lat' dir='ltr'><strong>conspicimus,</strong></span> <span class='ocrx_word' id='word_1_72' title='bbox 861 1255 1079 1299; x_wconf 81' lang='lat' dir='ltr'><strong>salubriter</strong></span> <span class='ocrx_word' id='word_1_73' title='bbox 1091 1255 1313 1311; x_wconf 88' lang='lat' dir='ltr'><strong>expedire.</strong></span> 
     </span>
     <span class='ocr_line' id='line_1_15' title="bbox 387 1312 1371 1371; baseline -0.002 -15"><span class='ocrx_word' id='word_1_74' title='bbox 387 1315 549 1368; x_wconf 85' lang='lat' dir='ltr'><strong>Exponi</strong></span> <span class='ocrx_word' id='word_1_75' title='bbox 575 1316 668 1357; x_wconf 76' lang='lat' dir='ltr'><strong>sane</strong></span> <span class='ocrx_word' id='word_1_76' title='bbox 687 1316 818 1358; x_wconf 88' lang='lat' dir='ltr'><strong>Nobis</strong></span> <span class='ocrx_word' id='word_1_77' title='bbox 844 1328 970 1371; x_wconf 88' lang='lat' dir='ltr'><strong>nuper</strong></span> <span class='ocrx_word' id='word_1_78' title='bbox 998 1313 1190 1357; x_wconf 87' lang='lat' dir='ltr'><strong>fecerunt</strong></span> <span class='ocrx_word' id='word_1_79' title='bbox 1216 1312 1371 1359; x_wconf 63' lang='lat' dir='ltr'><strong>Dilecri</strong></span> 
     </span>
     <span class='ocr_line' id='line_1_16' title="bbox 327 1372 1373 1428; baseline -0.001 -13"><span class='ocrx_word' id='word_1_80' title='bbox 327 1372 424 1415; x_wconf 82' lang='lat' dir='ltr'><strong>Filii</strong></span> <span class='ocrx_word' id='word_1_81' title='bbox 449 1373 637 1428; x_wconf 80' lang='lat' dir='ltr'><strong>Angelus</strong></span> <span class='ocrx_word' id='word_1_82' title='bbox 665 1372 719 1416; x_wconf 90' lang='lat' dir='ltr'><strong>de</strong></span> <span class='ocrx_word' id='word_1_83' title='bbox 743 1373 973 1428; x_wconf 87' lang='lat' dir='ltr'><strong>Fulgineo,</strong></span> <span class='ocrx_word' id='word_1_84' title='bbox 995 1372 1289 1422; x_wconf 85' lang='lat' dir='ltr'><strong>Guardianus,</strong></span> <span class='ocrx_word' id='word_1_85' title='bbox 1334 1374 1373 1414; x_wconf 75' lang='grc' dir='ltr'><strong>δι</strong></span> 
     </span>
     <span class='ocr_line' id='line_1_17' title="bbox 326 1430 1373 1487; baseline 0.003 -16"><span class='ocrx_word' id='word_1_86' title='bbox 326 1430 506 1487; x_wconf 80' lang='lat' dir='ltr'><strong>Justinus</strong></span> <span class='ocrx_word' id='word_1_87' title='bbox 529 1430 586 1474; x_wconf 90' lang='lat' dir='ltr'><strong>de</strong></span> <span class='ocrx_word' id='word_1_88' title='bbox 614 1431 783 1476; x_wconf 87' lang='lat' dir='ltr'><strong>Perufio</strong></span> <span class='ocrx_word' id='word_1_89' title='bbox 795 1460 810 1486; x_wconf 89' lang='lat'><strong>,</strong></span> <span class='ocrx_word' id='word_1_90' title='bbox 827 1435 992 1476; x_wconf 84' lang='lat' dir='ltr'><strong>Fratres</strong></span> <span class='ocrx_word' id='word_1_91' title='bbox 1008 1431 1175 1482; x_wconf 85' lang='lat' dir='ltr'><strong>Ordinis</strong></span> <span class='ocrx_word' id='word_1_92' title='bbox 1187 1437 1228 1477; x_wconf 89' lang='lat' dir='ltr'><strong>S.</strong></span> <span class='ocrx_word' id='word_1_93' title='bbox 1245 1436 1373 1476; x_wconf 84' lang='lat' dir='ltr'><strong>Fran·-</strong></span> 
     </span>
     <span class='ocr_line' id='line_1_18' title="bbox 329 1488 1374 1549; baseline 0.002 -19"><span class='ocrx_word' id='word_1_94' title='bbox 329 1488 426 1531; x_wconf 86' lang='lat' dir='ltr'><strong>cisci</strong></span> <span class='ocrx_word' id='word_1_95' title='bbox 458 1490 768 1545; x_wconf 88' lang='lat' dir='ltr'><strong>Capucinorum</strong></span> <span class='ocrx_word' id='word_1_96' title='bbox 805 1501 1027 1549; x_wconf 81' lang='lat' dir='ltr'><strong>nuncupat.</strong></span> <span class='ocrx_word' id='word_1_97' title='bbox 1086 1492 1266 1547; x_wconf 83' lang='lat' dir='ltr'><strong>qualiter</strong></span> <span class='ocrx_word' id='word_1_98' title='bbox 1296 1491 1374 1533; x_wconf 87' lang='lat' dir='ltr'><strong>Di-</strong></span> 
     </span>
     <span class='ocr_line' id='line_1_19' title="bbox 330 1546 1370 1608; baseline 0.002 -20"><span class='ocrx_word' id='word_1_99' title='bbox 330 1546 461 1589; x_wconf 65' lang='lat' dir='ltr'><strong>lenus</strong></span> <span class='ocrx_word' id='word_1_100' title='bbox 503 1550 626 1591; x_wconf 85' lang='lat' dir='ltr'><strong>Filius</strong></span> <span class='ocrx_word' id='word_1_101' title='bbox 671 1550 807 1594; x_wconf 87' lang='lat' dir='ltr'><strong>noster</strong></span> <span class='ocrx_word' id='word_1_102' title='bbox 841 1554 1019 1608; x_wconf 89' lang='lat' dir='ltr'><strong>Joannes</strong></span> <span class='ocrx_word' id='word_1_103' title='bbox 1049 1552 1255 1595; x_wconf 85' lang='lat' dir='ltr'><strong>Antonius</strong></span> <span class='ocrx_word' id='word_1_104' title='bbox 1285 1551 1370 1593; x_wconf 86' lang='lat' dir='ltr'><strong>Tit.</strong></span> 
     </span>
     <span class='ocr_line' id='line_1_20' title="bbox 326 1607 1372 1667; baseline 0.002 -18"><span class='ocrx_word' id='word_1_105' title='bbox 326 1607 462 1650; x_wconf 80' lang='lat' dir='ltr'><strong>Beata:</strong></span> <span class='ocrx_word' id='word_1_106' title='bbox 481 1609 644 1660; x_wconf 73' lang='lat' dir='ltr'><strong>Mariae,</strong></span> <span class='ocrx_word' id='word_1_107' title='bbox 657 1611 698 1651; x_wconf 72' lang='grc' dir='ltr'><strong>δε</strong></span> <span class='ocrx_word' id='word_1_108' title='bbox 711 1611 892 1653; x_wconf 89' lang='lat' dir='ltr'><strong>omnium</strong></span> <span class='ocrx_word' id='word_1_109' title='bbox 909 1609 1167 1667; x_wconf 88' lang='lat' dir='ltr'><strong>Angelorum</strong></span> <span class='ocrx_word' id='word_1_110' title='bbox 1181 1611 1220 1653; x_wconf 89' lang='lat' dir='ltr'><strong>in</strong></span> <span class='ocrx_word' id='word_1_111' title='bbox 1242 1612 1372 1654; x_wconf 86' lang='lat' dir='ltr'><strong>Ther-</strong></span> 
     </span>
     <span class='ocr_line' id='line_1_21' title="bbox 328 1665 1373 1725; baseline 0.005 -19"><span class='ocrx_word' id='word_1_112' title='bbox 328 1665 405 1706; x_wconf 89' lang='lat' dir='ltr'><strong>mis</strong></span> <span class='ocrx_word' id='word_1_113' title='bbox 425 1665 699 1711; x_wconf 86' lang='lat' dir='ltr'><strong>Diocletianis</strong></span> <span class='ocrx_word' id='word_1_114' title='bbox 717 1670 943 1725; x_wconf 84' lang='lat' dir='ltr'><strong>Presbyter</strong></span> <span class='ocrx_word' id='word_1_115' title='bbox 968 1669 1144 1712; x_wconf 88' lang='lat' dir='ltr'><strong>Cardin.</strong></span> <span class='ocrx_word' id='word_1_116' title='bbox 1173 1673 1213 1712; x_wconf 91' lang='lat' dir='ltr'><strong>S.</strong></span> <span class='ocrx_word' id='word_1_117' title='bbox 1232 1673 1373 1714; x_wconf 87' lang='lat' dir='ltr'><strong>Geor-</strong></span> 
     </span>
     <span class='ocr_line' id='line_1_22' title="bbox 327 1724 1371 1782; baseline 0.006 -18"><span class='ocrx_word' id='word_1_118' title='bbox 327 1724 384 1778; x_wconf 86' lang='lat' dir='ltr'><strong>gii</strong></span> <span class='ocrx_word' id='word_1_119' title='bbox 407 1737 663 1782; x_wconf 89' lang='lat' dir='ltr'><strong>nuncupatus</strong></span> <span class='ocrx_word' id='word_1_120' title='bbox 678 1757 692 1780; x_wconf 90' lang='lat'><strong>,</strong></span> <span class='ocrx_word' id='word_1_121' title='bbox 715 1728 937 1771; x_wconf 86' lang='lat' dir='ltr'><strong>attendens</strong></span> <span class='ocrx_word' id='word_1_122' title='bbox 952 1756 967 1779; x_wconf 86' lang='lat'><strong>,</strong></span> <span class='ocrx_word' id='word_1_123' title='bbox 998 1728 1183 1770; x_wconf 66' lang='lat' dir='ltr'><strong>Dilestos</strong></span> <span class='ocrx_word' id='word_1_124' title='bbox 1213 1730 1339 1772; x_wconf 87' lang='lat' dir='ltr'><strong>Filios</strong></span> <span class='ocrx_word' id='word_1_125' title='bbox 1356 1753 1371 1777; x_wconf 65' lang='grc' dir='ltr'><strong>ι,</strong></span> 
     </span>
     <span class='ocr_line' id='line_1_23' title="bbox 326 1786 1371 1831; baseline 0.003 -7"><span class='ocrx_word' id='word_1_126' title='bbox 326 1786 686 1829; x_wconf 68' lang='lat' dir='ltr'><strong>communitatem</strong></span> <span class='ocrx_word' id='word_1_127' title='bbox 701 1788 838 1830; x_wconf 85' lang='lat' dir='ltr'><strong>Terrae</strong></span> <span class='ocrx_word' id='word_1_128' title='bbox 850 1787 1007 1830; x_wconf 92' lang='lat' dir='ltr'><strong>Gualdi</strong></span> <span class='ocrx_word' id='word_1_129' title='bbox 1024 1788 1371 1831; x_wconf 88' lang='lat' dir='ltr'><strong>Nucerin.Dioec.</strong></span> 
     </span>
     <span class='ocr_line' id='line_1_24' title="bbox 327 1842 1371 1903; baseline 0.006 -20"><span class='ocrx_word' id='word_1_130' title='bbox 327 1842 380 1884; x_wconf 87' lang='lat' dir='ltr'><strong>ad</strong></span> <span class='ocrx_word' id='word_1_131' title='bbox 414 1842 578 1890; x_wconf 87' lang='lat' dir='ltr'><strong>laudem</strong></span> <span class='ocrx_word' id='word_1_132' title='bbox 592 1845 902 1901; x_wconf 82' lang='lat' dir='ltr'><strong>Omnipotentis</strong></span> <span class='ocrx_word' id='word_1_133' title='bbox 925 1848 1035 1898; x_wconf 91' lang='lat' dir='ltr'><strong>Dei,</strong></span> <span class='ocrx_word' id='word_1_134' title='bbox 1061 1844 1198 1888; x_wconf 83' lang='lat' dir='ltr'><strong>emiffe</strong></span> <span class='ocrx_word' id='word_1_135' title='bbox 1226 1860 1371 1903; x_wconf 86' lang='lat' dir='ltr'><strong>agrurn</strong></span> 
     </span>
     <span class='ocr_line' id='line_1_25' title="bbox 328 1900 1372 1952; baseline 0.006 -10"><span class='ocrx_word' id='word_1_136' title='bbox 328 1900 351 1942; x_wconf 71' lang='lat' dir='ltr'><strong>a</strong></span> <span class='ocrx_word' id='word_1_137' title='bbox 382 1901 550 1946; x_wconf 73' lang='lat' dir='ltr'><strong>Dileaefto</strong></span> <span class='ocrx_word' id='word_1_138' title='bbox 568 1904 674 1946; x_wconf 82' lang='lat' dir='ltr'><strong>Filio</strong></span> <span class='ocrx_word' id='word_1_139' title='bbox 701 1905 860 1947; x_wconf 88' lang='lat' dir='ltr'><strong>Thoma</strong></span> <span class='ocrx_word' id='word_1_140' title='bbox 888 1905 940 1947; x_wconf 88' lang='lat' dir='ltr'><strong>de</strong></span> <span class='ocrx_word' id='word_1_141' title='bbox 968 1905 1189 1952; x_wconf 89' lang='lat' dir='ltr'><strong>Nobilibus</strong></span> <span class='ocrx_word' id='word_1_142' title='bbox 1216 1906 1269 1948; x_wconf 91' lang='lat' dir='ltr'><strong>de</strong></span> <span class='ocrx_word' id='word_1_143' title='bbox 1299 1909 1372 1948; x_wconf 84' lang='lat' dir='ltr'><strong>Sa-</strong></span> 
     </span>
     <span class='ocr_line' id='line_1_26' title="bbox 327 1958 1371 2018; baseline 0.004 -16"><span class='ocrx_word' id='word_1_144' title='bbox 327 1958 414 2015; x_wconf 84' lang='lat' dir='ltr'><strong>lina</strong></span> <span class='ocrx_word' id='word_1_145' title='bbox 441 1962 576 2018; x_wconf 88' lang='lat' dir='ltr'><strong>Regia</strong></span> <span class='ocrx_word' id='word_1_146' title='bbox 589 1991 604 2014; x_wconf 90' lang='lat'><strong>,</strong></span> <span class='ocrx_word' id='word_1_147' title='bbox 624 1962 742 2006; x_wconf 81' lang='lat' dir='ltr'><strong>litum</strong></span> <span class='ocrx_word' id='word_1_148' title='bbox 762 1964 803 2006; x_wconf 90' lang='lat' dir='ltr'><strong>in</strong></span> <span class='ocrx_word' id='word_1_149' title='bbox 822 1964 1056 2007; x_wconf 89' lang='lat' dir='ltr'><strong>Territorio</strong></span> <span class='ocrx_word' id='word_1_150' title='bbox 1069 1964 1184 2007; x_wconf 69' lang='lat' dir='ltr'><strong>distae</strong></span> <span class='ocrx_word' id='word_1_151' title='bbox 1202 1965 1371 2016; x_wconf 88' lang='lat' dir='ltr'><strong>Terrae,</strong></span> 
     </span>
     <span class='ocr_line' id='line_1_27' title="bbox 321 2017 1369 2080; baseline 0.003 -19"><span class='ocrx_word' id='word_1_152' title='bbox 321 2017 440 2076; x_wconf 72' lang='lat' dir='ltr'><strong>juxta</strong></span> <span class='ocrx_word' id='word_1_153' title='bbox 467 2019 555 2062; x_wconf 90' lang='lat' dir='ltr'><strong>suos</strong></span> <span class='ocrx_word' id='word_1_154' title='bbox 578 2020 784 2075; x_wconf 85' lang='lat' dir='ltr'><strong>confines,</strong></span> <span class='ocrx_word' id='word_1_155' title='bbox 807 2024 859 2065; x_wconf 91' lang='lat' dir='ltr'><strong>ad</strong></span> <span class='ocrx_word' id='word_1_156' title='bbox 878 2021 989 2066; x_wconf 89' lang='lat' dir='ltr'><strong>usum</strong></span> <span class='ocrx_word' id='word_1_157' title='bbox 1016 2023 1246 2080; x_wconf 88' lang='lat' dir='ltr'><strong>Religionis</strong></span> <span class='ocrx_word' id='word_1_158' title='bbox 1271 2022 1369 2066; x_wconf 66' lang='lat' dir='ltr'><strong>dini</strong></span> 
     </span>
     <span class='ocr_line' id='line_1_28' title="bbox 324 2077 1369 2132; baseline 0.005 -11"><span class='ocrx_word' id='word_1_159' title='bbox 324 2077 494 2121; x_wconf 84' lang='lat' dir='ltr'><strong>Ordinis</strong></span> <span class='ocrx_word' id='word_1_160' title='bbox 510 2108 524 2131; x_wconf 89' lang='lat'><strong>,</strong></span> <span class='ocrx_word' id='word_1_161' title='bbox 553 2081 593 2122; x_wconf 91' lang='lat'>&amp;</span> <span class='ocrx_word' id='word_1_162' title='bbox 618 2080 659 2121; x_wconf 90' lang='lat' dir='ltr'><strong>in</strong></span> <span class='ocrx_word' id='word_1_163' title='bbox 689 2095 741 2124; x_wconf 92' lang='lat' dir='ltr'><strong>eo</strong></span> <span class='ocrx_word' id='word_1_164' title='bbox 765 2082 1088 2132; x_wconf 86' lang='lat' dir='ltr'><strong>Eremitorium,</strong></span> <span class='ocrx_word' id='word_1_165' title='bbox 1107 2085 1147 2124; x_wconf 88' lang='lat'>&amp;</span> <span class='ocrx_word' id='word_1_166' title='bbox 1172 2084 1369 2127; x_wconf 87' lang='lat' dir='ltr'><strong>Conven-</strong></span> 
     </span>
     <span class='ocr_line' id='line_1_29' title="bbox 325 2137 1370 2195; baseline 0.002 -13"><span class='ocrx_word' id='word_1_167' title='bbox 325 2148 418 2182; x_wconf 86' lang='lat' dir='ltr'><strong>tum</strong></span> <span class='ocrx_word' id='word_1_168' title='bbox 438 2137 553 2180; x_wconf 69' lang='lat' dir='ltr'><strong>dic‘tae</strong></span> <span class='ocrx_word' id='word_1_169' title='bbox 581 2139 810 2195; x_wconf 86' lang='lat' dir='ltr'><strong>Religionis</strong></span> <span class='ocrx_word' id='word_1_170' title='bbox 846 2138 1135 2191; x_wconf 79' lang='lat' dir='ltr'><strong>construxisse,</strong></span> <span class='ocrx_word' id='word_1_171' title='bbox 1163 2142 1204 2182; x_wconf 89' lang='lat'>&amp;</span> <span class='ocrx_word' id='word_1_172' title='bbox 1229 2141 1279 2184; x_wconf 88' lang='lat' dir='ltr'><strong>ad</strong></span> <span class='ocrx_word' id='word_1_173' title='bbox 1305 2140 1370 2184; x_wconf 90' lang='lat' dir='ltr'><strong>lo·</strong></span> 
     </span>
     <span class='ocr_line' id='line_1_30' title="bbox 327 2196 1369 2256; baseline 0.001 -16"><span class='ocrx_word' id='word_1_174' title='bbox 327 2212 422 2240; x_wconf 87' lang='lat' dir='ltr'><strong>cum</strong></span> <span class='ocrx_word' id='word_1_175' title='bbox 450 2196 682 2256; x_wconf 82' lang='lat' dir='ltr'><strong>hujusmodi</strong></span> <span class='ocrx_word' id='word_1_176' title='bbox 713 2199 898 2248; x_wconf 78' lang='lat' dir='ltr'><strong>aditum,</strong></span> <span class='ocrx_word' id='word_1_177' title='bbox 926 2200 1039 2252; x_wconf 90' lang='lat' dir='ltr'><strong>iter,</strong></span> <span class='ocrx_word' id='word_1_178' title='bbox 1067 2202 1108 2242; x_wconf 75' lang='grc' dir='ltr'><strong>δε</strong></span> <span class='ocrx_word' id='word_1_179' title='bbox 1150 2199 1255 2243; x_wconf 88' lang='lat' dir='ltr'><strong>viam</strong></span> <span class='ocrx_word' id='word_1_180' title='bbox 1289 2214 1369 2243; x_wconf 92' lang='lat' dir='ltr'><strong>non</strong></span> 
     </span>
     <span class='ocr_line' id='line_1_31' title="bbox 325 2259 1370 2317; baseline 0 -17"><span class='ocrx_word' id='word_1_181' title='bbox 325 2267 506 2314; x_wconf 78' lang='lat' dir='ltr'><strong>patere,</strong></span> <span class='ocrx_word' id='word_1_182' title='bbox 534 2271 609 2300; x_wconf 84' lang='lat' dir='ltr'><strong>nec</strong></span> <span class='ocrx_word' id='word_1_183' title='bbox 635 2259 1002 2315; x_wconf 81' lang='lat' dir='ltr'><strong>terras-contiguas</strong></span> <span class='ocrx_word' id='word_1_184' title='bbox 1027 2274 1105 2317; x_wconf 91' lang='lat' dir='ltr'><strong>pro</strong></span> <span class='ocrx_word' id='word_1_185' title='bbox 1130 2259 1250 2304; x_wconf 89' lang='lat' dir='ltr'><strong>horto</strong></span> <span class='ocrx_word' id='word_1_186' title='bbox 1274 2288 1289 2312; x_wconf 84' lang='lat'><strong>,</strong></span> <span class='ocrx_word' id='word_1_187' title='bbox 1332 2260 1370 2300; x_wconf 87' lang='lat'>&amp;</span> 
     </span>
     <span class='ocr_line' id='line_1_32' title="bbox 325 2315 1370 2373; baseline 0.001 -14"><span class='ocrx_word' id='word_1_188' title='bbox 325 2316 451 2373; x_wconf 85' lang='lat' dir='ltr'><strong>sylvis</strong></span> <span class='ocrx_word' id='word_1_189' title='bbox 468 2316 715 2370; x_wconf 76' lang='lat' dir='ltr'><strong>plantandis,</strong></span> <span class='ocrx_word' id='word_1_190' title='bbox 736 2315 1036 2370; x_wconf 73' lang='lat' dir='ltr'><strong>necessariis-ad</strong></span> <span class='ocrx_word' id='word_1_191' title='bbox 1053 2318 1166 2363; x_wconf 88' lang='lat' dir='ltr'><strong>usum</strong></span> <span class='ocrx_word' id='word_1_192' title='bbox 1181 2321 1370 2362; x_wconf 83' lang='lat' dir='ltr'><strong>Fratrum</strong></span> 
     </span>
     <span class='ocr_line' id='line_1_33' title="bbox 330 2373 1371 2434; baseline 0.002 -16"><span class='ocrx_word' id='word_1_193' title='bbox 330 2373 562 2432; x_wconf 89' lang='lat' dir='ltr'><strong>hujusmodi</strong></span> <span class='ocrx_word' id='word_1_194' title='bbox 588 2375 766 2428; x_wconf 84' lang='lat' dir='ltr'><strong>habere,</strong></span> <span class='ocrx_word' id='word_1_195' title='bbox 783 2377 854 2418; x_wconf 86' lang='lat' dir='ltr'><strong>nifi</strong></span> <span class='ocrx_word' id='word_1_196' title='bbox 879 2377 1055 2433; x_wconf 81' lang='lat' dir='ltr'><strong>Capella</strong></span> <span class='ocrx_word' id='word_1_197' title='bbox 1071 2379 1185 2421; x_wconf 87' lang='lat' dir='ltr'><strong>Beati</strong></span> <span class='ocrx_word' id='word_1_198' title='bbox 1202 2378 1371 2434; x_wconf 87' lang='lat' dir='ltr'><strong>Angeli,</strong></span> 
     </span>
     <span class='ocr_line' id='line_1_34' title="bbox 331 2431 1370 2543; baseline 0.004 -68"><span class='ocrx_word' id='word_1_199' title='bbox 331 2447 419 2490; x_wconf 89' lang='lat' dir='ltr'><strong>quae</strong></span> <span class='ocrx_word' id='word_1_200' title='bbox 443 2431 513 2475; x_wconf 93' lang='lat' dir='ltr'><strong>sub</strong></span> <span class='ocrx_word' id='word_1_201' title='bbox 536 2431 812 2490; x_wconf 70' lang='lat' dir='ltr'><strong>jurisdiffione</strong></span> <span class='ocrx_word' id='word_1_202' title='bbox 841 2436 1076 2479; x_wconf 88' lang='lat' dir='ltr'><strong>Monasterii</strong></span> <span class='ocrx_word' id='word_1_203' title='bbox 1099 2438 1142 2479; x_wconf 91' lang='lat' dir='ltr'><strong>S.</strong></span> <span class='ocrx_word' id='word_1_204' title='bbox 1157 2436 1370 2543; x_wconf 53' lang='lat' dir='ltr'><strong>Beneffl</strong></span> 
     </span>
     <span class='ocr_line' id='line_1_35' title="bbox 330 2491 1277 2552; baseline 0.001 -16"><span class='ocrx_word' id='word_1_205' title='bbox 330 2491 518 2550; x_wconf 81' lang='lat' dir='ltr'><strong>ejusdem</strong></span> <span class='ocrx_word' id='word_1_206' title='bbox 547 2493 687 2535; x_wconf 85' lang='lat' dir='ltr'><strong>Terrae</strong></span> <span class='ocrx_word' id='word_1_207' title='bbox 697 2523 713 2544; x_wconf 88' lang='lat'><strong>,</strong></span> <span class='ocrx_word' id='word_1_208' title='bbox 726 2492 836 2549; x_wconf 88' lang='lat' dir='ltr'><strong>quod</strong></span> <span class='ocrx_word' id='word_1_209' title='bbox 852 2493 958 2537; x_wconf 84' lang='lat' dir='ltr'><strong>idem</strong></span> <span class='ocrx_word' id='word_1_210' title='bbox 969 2497 1147 2552; x_wconf 89' lang='lat' dir='ltr'><strong>Joannes</strong></span> <span class='ocrx_word' id='word_1_211' title='bbox 1162 2497 1277 2538; x_wconf 89' lang='lat' dir='ltr'><strong>Anto</strong></span> 
     </span>
     <span class='ocr_line' id='line_1_36' title="bbox 333 2550 1373 2610; baseline 0.001 -15"><span class='ocrx_word' id='word_1_212' title='bbox 333 2550 568 2595; x_wconf 84' lang='lat' dir='ltr'><strong>Cardinalis</strong></span> <span class='ocrx_word' id='word_1_213' title='bbox 595 2566 646 2594; x_wconf 87' lang='lat' dir='ltr'><strong>ex</strong></span> <span class='ocrx_word' id='word_1_214' title='bbox 675 2551 929 2596; x_wconf 85' lang='lat' dir='ltr'><strong>conceffione</strong></span> <span class='ocrx_word' id='word_1_215' title='bbox 946 2581 959 2605; x_wconf 87' lang='lat'><strong>,</strong></span> <span class='ocrx_word' id='word_1_216' title='bbox 980 2552 1048 2596; x_wconf 86' lang='lat' dir='ltr'><strong>seu</strong></span> <span class='ocrx_word' id='word_1_217' title='bbox 1077 2554 1373 2610; x_wconf 84' lang='lat' dir='ltr'><strong>dispensatione</strong></span> 
     </span>
     <span class='ocr_line' id='line_1_37' title="bbox 331 2610 1371 2669; baseline 0.005 -17"><span class='ocrx_word' id='word_1_218' title='bbox 331 2610 570 2666; x_wconf 86' lang='lat' dir='ltr'><strong>Apostolica</strong></span> <span class='ocrx_word' id='word_1_219' title='bbox 605 2611 767 2653; x_wconf 86' lang='lat' dir='ltr'><strong>obtinet</strong></span> <span class='ocrx_word' id='word_1_220' title='bbox 784 2639 799 2662; x_wconf 93' lang='lat'><strong>,</strong></span> <span class='ocrx_word' id='word_1_221' title='bbox 823 2611 959 2654; x_wconf 87' lang='lat' dir='ltr'><strong>existit</strong></span> <span class='ocrx_word' id='word_1_222' title='bbox 975 2638 990 2661; x_wconf 80' lang='lat'><strong>,</strong></span> <span class='ocrx_word' id='word_1_223' title='bbox 1017 2612 1067 2656; x_wconf 90' lang='lat' dir='ltr'><strong>ad</strong></span> <span class='ocrx_word' id='word_1_224' title='bbox 1095 2623 1371 2669; x_wconf 68' lang='lat' dir='ltr'><strong>perpetuum.»</strong></span> 
     </span>
     <span class='ocr_line' id='line_1_38' title="bbox 330 2668 1374 2718; baseline 0.004 -6"><span class='ocrx_word' id='word_1_225' title='bbox 330 2668 500 2713; x_wconf 89' lang='lat' dir='ltr'><strong>illorum</strong></span> <span class='ocrx_word' id='word_1_226' title='bbox 523 2670 634 2713; x_wconf 89' lang='lat' dir='ltr'><strong>usum</strong></span> <span class='ocrx_word' id='word_1_227' title='bbox 665 2668 945 2718; x_wconf 76' lang='lat' dir='ltr'><strong>concedatur,</strong></span> <span class='ocrx_word' id='word_1_228' title='bbox 973 2669 1090 2713; x_wconf 67' lang='lat' dir='ltr'><strong>certa</strong></span> <span class='ocrx_word' id='word_1_229' title='bbox 1114 2671 1374 2716; x_wconf 58' lang='lat' dir='ltr'><strong>dilectione.-</strong></span> 
     </span>
     <span class='ocr_line' id='line_1_39' title="bbox 329 2728 1375 2787; baseline 0.001 -17"><span class='ocrx_word' id='word_1_230' title='bbox 329 2730 371 2770; x_wconf 85' lang='lat'>&amp;</span> <span class='ocrx_word' id='word_1_231' title='bbox 413 2728 615 2771; x_wconf 86' lang='lat' dir='ltr'><strong>charitate</strong></span> <span class='ocrx_word' id='word_1_232' title='bbox 643 2738 806 2781; x_wconf 86' lang='lat' dir='ltr'><strong>motus,</strong></span> <span class='ocrx_word' id='word_1_233' title='bbox 846 2728 1042 2782; x_wconf 88' lang='lat' dir='ltr'><strong>plenum,</strong></span> <span class='ocrx_word' id='word_1_234' title='bbox 1085 2731 1126 2771; x_wconf 92' lang='lat'>&amp;</span> <span class='ocrx_word' id='word_1_235' title='bbox 1164 2730 1375 2787; x_wconf 86' lang='lat' dir='ltr'><strong>integrum</strong></span> 
     </span>
     <span class='ocr_line' id='line_1_40' title="bbox 331 2785 1375 2846; baseline 0.003 -17"><span class='ocrx_word' id='word_1_236' title='bbox 331 2785 447 2829; x_wconf 87' lang='lat' dir='ltr'><strong>usum</strong></span> <span class='ocrx_word' id='word_1_237' title='bbox 472 2788 586 2830; x_wconf 69' lang='lat' dir='ltr'><strong>dictae</strong></span> <span class='ocrx_word' id='word_1_238' title='bbox 615 2787 801 2844; x_wconf 89' lang='lat' dir='ltr'><strong>Capellae</strong></span> <span class='ocrx_word' id='word_1_239' title='bbox 823 2787 1012 2843; x_wconf 75' lang='lat' dir='ltr'><strong>Angelo,</strong></span> <span class='ocrx_word' id='word_1_240' title='bbox 1038 2790 1077 2830; x_wconf 75' lang='grc' dir='ltr'><strong>δε</strong></span> <span class='ocrx_word' id='word_1_241' title='bbox 1100 2789 1257 2846; x_wconf 85' lang='lat' dir='ltr'><strong>Justino</strong></span> <span class='ocrx_word' id='word_1_242' title='bbox 1277 2804 1375 2846; x_wconf 74' lang='lat' dir='ltr'><strong>prae-</strong></span> 
     </span>
     <span class='ocr_line' id='line_1_41' title="bbox 330 2846 1373 2901; baseline 0.005 -15"><span class='ocrx_word' id='word_1_243' title='bbox 330 2846 450 2890; x_wconf 61' lang='lat' dir='ltr'><strong>dictis</strong></span> <span class='ocrx_word' id='word_1_244' title='bbox 466 2872 481 2895; x_wconf 75' lang='lat'><strong>,</strong></span> <span class='ocrx_word' id='word_1_245' title='bbox 502 2859 595 2887; x_wconf 85' lang='lat' dir='ltr'><strong>cum</strong></span> <span class='ocrx_word' id='word_1_246' title='bbox 624 2847 813 2890; x_wconf 86' lang='lat' dir='ltr'><strong>domibus</strong></span> <span class='ocrx_word' id='word_1_247' title='bbox 839 2847 1007 2890; x_wconf 81' lang='lat' dir='ltr'><strong>ruinosis</strong></span> <span class='ocrx_word' id='word_1_248' title='bbox 1022 2874 1035 2895; x_wconf 80' lang='lat'><strong>,</strong></span> <span class='ocrx_word' id='word_1_249' title='bbox 1065 2847 1373 2901; x_wconf 70' lang='lat' dir='ltr'><strong>vineainculta‚</strong></span> 
     </span>
     <span class='ocr_line' id='line_1_42' title="bbox 331 2903 1373 2960; baseline 0.003 -12"><span class='ocrx_word' id='word_1_250' title='bbox 331 2906 454 2948; x_wconf 88' lang='lat' dir='ltr'><strong>terris</strong></span> <span class='ocrx_word' id='word_1_251' title='bbox 478 2903 652 2948; x_wconf 76' lang='lat' dir='ltr'><strong>arenosis</strong></span> <span class='ocrx_word' id='word_1_252' title='bbox 667 2934 681 2958; x_wconf 89' lang='lat'><strong>,</strong></span> <span class='ocrx_word' id='word_1_253' title='bbox 712 2906 915 2949; x_wconf 84' lang='lat' dir='ltr'><strong>sterilibus</strong></span> <span class='ocrx_word' id='word_1_254' title='bbox 931 2935 945 2958; x_wconf 90' lang='lat'><strong>,</strong></span> <span class='ocrx_word' id='word_1_255' title='bbox 971 2905 1119 2950; x_wconf 84' lang='lat' dir='ltr'><strong>sodivis</strong></span> <span class='ocrx_word' id='word_1_256' title='bbox 1132 2938 1149 2960; x_wconf 87' lang='lat'><strong>,</strong></span> <span class='ocrx_word' id='word_1_257' title='bbox 1176 2909 1217 2950; x_wconf 87' lang='lat'>&amp;</span> <span class='ocrx_word' id='word_1_258' title='bbox 1233 2907 1373 2951; x_wconf 86' lang='lat' dir='ltr'><strong>busca-</strong></span> 
     </span>
     <span class='ocr_line' id='line_1_43' title="bbox 332 2964 1370 3018; baseline 0.002 -12"><span class='ocrx_word' id='word_1_259' title='bbox 332 2965 386 3006; x_wconf 77' lang='lat' dir='ltr'><strong>tis</strong></span> <span class='ocrx_word' id='word_1_260' title='bbox 401 2993 415 3016; x_wconf 90' lang='lat'><strong>,</strong></span> <span class='ocrx_word' id='word_1_261' title='bbox 431 2964 628 3007; x_wconf 87' lang='lat' dir='ltr'><strong>mensurae</strong></span> <span class='ocrx_word' id='word_1_262' title='bbox 649 2965 934 3008; x_wconf 89' lang='lat' dir='ltr'><strong>Mediolorum</strong></span> <span class='ocrx_word' id='word_1_263' title='bbox 957 2971 1108 3009; x_wconf 81' lang='lat' dir='ltr'><strong>noveni</strong></span> <span class='ocrx_word' id='word_1_264' title='bbox 1123 2995 1137 3018; x_wconf 90' lang='lat'><strong>,</strong></span> <span class='ocrx_word' id='word_1_265' title='bbox 1154 2966 1370 3010; x_wconf 88' lang='lat' dir='ltr'><strong>stadiorum</strong></span> 
     </span>
     <span class='ocr_line' id='line_1_44' title="bbox 329 3021 1373 3084; baseline 0.002 -18"><span class='ocrx_word' id='word_1_266' title='bbox 329 3021 429 3076; x_wconf 85' lang='lat' dir='ltr'><strong>sex,</strong></span> <span class='ocrx_word' id='word_1_267' title='bbox 458 3022 721 3067; x_wconf 84' lang='lat' dir='ltr'><strong>stabulorum</strong></span> <span class='ocrx_word' id='word_1_268' title='bbox 735 3027 891 3081; x_wconf 84' lang='lat' dir='ltr'><strong>septem</strong></span> <span class='ocrx_word' id='word_1_269' title='bbox 909 3054 924 3077; x_wconf 84' lang='lat'><strong>,</strong></span> <span class='ocrx_word' id='word_1_270' title='bbox 941 3026 983 3066; x_wconf 68' lang='grc' dir='ltr'><strong>ὃ(</strong></span> <span class='ocrx_word' id='word_1_271' title='bbox 1002 3025 1154 3082; x_wconf 89' lang='lat' dir='ltr'><strong>pedum</strong></span> <span class='ocrx_word' id='word_1_272' title='bbox 1179 3027 1373 3084; x_wconf 51' lang='lat' dir='ltr'><strong>quinqua*</strong></span> 
     </span>
     <span class='ocr_line' id='line_1_45' title="bbox 328 3082 1371 3142; baseline 0.003 -18"><span class='ocrx_word' id='word_1_273' title='bbox 328 3084 445 3140; x_wconf 81' lang='lat' dir='ltr'><strong>ginta</strong></span> <span class='ocrx_word' id='word_1_274' title='bbox 471 3083 539 3124; x_wconf 85' lang='lat' dir='ltr'><strong>sex</strong></span> <span class='ocrx_word' id='word_1_275' title='bbox 567 3083 606 3125; x_wconf 87' lang='lat' dir='ltr'><strong>in</strong></span> <span class='ocrx_word' id='word_1_276' title='bbox 631 3082 742 3128; x_wconf 69' lang='lat' dir='ltr'><strong>disto</strong></span> <span class='ocrx_word' id='word_1_277' title='bbox 771 3085 1010 3127; x_wconf 85' lang='lat' dir='ltr'><strong>Territorio</strong></span> <span class='ocrx_word' id='word_1_278' title='bbox 1039 3084 1152 3142; x_wconf 88' lang='lat' dir='ltr'><strong>juxta</strong></span> <span class='ocrx_word' id='word_1_279' title='bbox 1170 3089 1258 3132; x_wconf 91' lang='lat' dir='ltr'><strong>suos</strong></span> <span class='ocrx_word' id='word_1_280' title='bbox 1274 3100 1371 3128; x_wconf 88' lang='lat' dir='ltr'><strong>con-</strong></span> 
     </span>
     <span class='ocr_line' id='line_1_46' title="bbox 331 3141 1371 3201; baseline 0.002 -16"><span class='ocrx_word' id='word_1_281' title='bbox 331 3141 433 3185; x_wconf 84' lang='lat' dir='ltr'><strong>fines</strong></span> <span class='ocrx_word' id='word_1_282' title='bbox 460 3142 658 3184; x_wconf 64' lang='lat' dir='ltr'><strong>hastenus</strong></span> <span class='ocrx_word' id='word_1_283' title='bbox 687 3144 861 3187; x_wconf 88' lang='lat' dir='ltr'><strong>concedi</strong></span> <span class='ocrx_word' id='word_1_284' title='bbox 890 3142 1018 3187; x_wconf 87' lang='lat' dir='ltr'><strong>solitis</strong></span> <span class='ocrx_word' id='word_1_285' title='bbox 1044 3147 1122 3187; x_wconf 65' lang='grc' dir='ltr'><strong>δίε.</strong></span> <span class='ocrx_word' id='word_1_286' title='bbox 1149 3159 1224 3201; x_wconf 92' lang='lat' dir='ltr'><strong>pro</strong></span> <span class='ocrx_word' id='word_1_287' title='bbox 1238 3159 1371 3187; x_wconf 88' lang='lat' dir='ltr'><strong>annuo</strong></span> 
     </span>
     <span class='ocr_line' id='line_1_47' title="bbox 333 3200 1371 3254; baseline 0.001 -10"><span class='ocrx_word' id='word_1_288' title='bbox 333 3205 510 3244; x_wconf 88' lang='lat' dir='ltr'><strong>Canone</strong></span> <span class='ocrx_word' id='word_1_289' title='bbox 536 3200 655 3244; x_wconf 89' lang='lat' dir='ltr'><strong>unius</strong></span> <span class='ocrx_word' id='word_1_290' title='bbox 686 3203 902 3254; x_wconf 84' lang='lat' dir='ltr'><strong>candelae,</strong></span> <span class='ocrx_word' id='word_1_291' title='bbox 918 3203 1067 3247; x_wconf 86' lang='lat' dir='ltr'><strong>valoris</strong></span> <span class='ocrx_word' id='word_1_292' title='bbox 1091 3206 1207 3247; x_wconf 89' lang='lat' dir='ltr'><strong>unius</strong></span> <span class='ocrx_word' id='word_1_293' title='bbox 1242 3204 1371 3246; x_wconf 92' lang='lat' dir='ltr'><strong>bono-</strong></span> 
     </span>
     <span class='ocr_line' id='line_1_48' title="bbox 332 3261 1370 3317; baseline 0.002 -13"><span class='ocrx_word' id='word_1_294' title='bbox 332 3262 429 3304; x_wconf 88' lang='lat' dir='ltr'><strong>neni</strong></span> <span class='ocrx_word' id='word_1_295' title='bbox 449 3263 499 3305; x_wconf 91' lang='lat' dir='ltr'><strong>ad</strong></span> <span class='ocrx_word' id='word_1_296' title='bbox 533 3261 1072 3317; x_wconf 79' lang='lat' dir='ltr'><strong>habendum,-tenendum,</strong></span> <span class='ocrx_word' id='word_1_297' title='bbox 1105 3266 1146 3308; x_wconf 79' lang='grc' dir='ltr'><strong>δι</strong></span> <span class='ocrx_word' id='word_1_298' title='bbox 1171 3262 1370 3311; x_wconf 86' lang='lat' dir='ltr'><strong>utendum</strong></span> 
     </span>
     <span class='ocr_line' id='line_1_49' title="bbox 333 3319 1369 3380; baseline 0.002 -18"><span class='ocrx_word' id='word_1_299' title='bbox 333 3319 548 3377; x_wconf 88' lang='lat' dir='ltr'><strong>perpetuis</strong></span> <span class='ocrx_word' id='word_1_300' title='bbox 589 3319 735 3365; x_wconf 84' lang='lat' dir='ltr'><strong>futuris</strong></span> <span class='ocrx_word' id='word_1_301' title='bbox 770 3324 1055 3378; x_wconf 84' lang='lat' dir='ltr'><strong>temporibus,</strong></span> <span class='ocrx_word' id='word_1_302' title='bbox 1089 3325 1130 3366; x_wconf 75' lang='grc' dir='ltr'><strong>δι</strong></span> <span class='ocrx_word' id='word_1_303' title='bbox 1170 3321 1369 3380; x_wconf 91' lang='lat' dir='ltr'><strong>quidquid</strong></span> 
     </span>
     <span class='ocr_line' id='line_1_50' title="bbox 335 3380 1369 3438; baseline 0.006 -18"><span class='ocrx_word' id='word_1_304' title='bbox 335 3380 444 3423; x_wconf 69' lang='lat' dir='ltr'><strong>dieto</strong></span> <span class='ocrx_word' id='word_1_305' title='bbox 460 3380 700 3424; x_wconf 84' lang='lat' dir='ltr'><strong>Guardiano</strong></span> <span class='ocrx_word' id='word_1_306' title='bbox 715 3409 729 3432; x_wconf 89' lang='lat'><strong>,</strong></span> <span class='ocrx_word' id='word_1_307' title='bbox 753 3383 794 3422; x_wconf 73' lang='grc' dir='ltr'><strong>δε</strong></span> <span class='ocrx_word' id='word_1_308' title='bbox 820 3383 1034 3437; x_wconf 72' lang='lat' dir='ltr'><strong>Fratribus</strong></span> <span class='ocrx_word' id='word_1_309' title='bbox 1049 3409 1064 3433; x_wconf 84' lang='lat'><strong>,</strong></span> <span class='ocrx_word' id='word_1_310' title='bbox 1087 3387 1369 3438; x_wconf 57' lang='lat' dir='ltr'><strong>eorumque-³</strong></span> 
     </span>
     <span class='ocr_line' id='line_1_51' title="bbox 335 3437 1371 3497; baseline 0.001 -16"><span class='ocrx_word' id='word_1_311' title='bbox 335 3437 618 3483; x_wconf 84' lang='lat' dir='ltr'><strong>successoribus</strong></span> <span class='ocrx_word' id='word_1_312' title='bbox 644 3441 682 3483; x_wconf 92' lang='lat' dir='ltr'><strong>in</strong></span> <span class='ocrx_word' id='word_1_313' title='bbox 710 3455 763 3483; x_wconf 89' lang='lat' dir='ltr'><strong>eo</strong></span> <span class='ocrx_word' id='word_1_314' title='bbox 778 3470 792 3492; x_wconf 87' lang='lat'><strong>,</strong></span> <span class='ocrx_word' id='word_1_315' title='bbox 817 3441 952 3497; x_wconf 86' lang='lat' dir='ltr'><strong>quoad</strong></span> <span class='ocrx_word' id='word_1_316' title='bbox 974 3443 1087 3485; x_wconf 87' lang='lat' dir='ltr'><strong>usum</strong></span> <span class='ocrx_word' id='word_1_317' title='bbox 1109 3442 1270 3485; x_wconf 78' lang='lat' dir='ltr'><strong>tantum</strong></span> <span class='ocrx_word' id='word_1_318' title='bbox 1287 3439 1371 3496; x_wconf 85' lang='lat' dir='ltr'><strong>pla·-</strong></span> 
     </span>
     <span class='ocr_line' id='line_1_52' title="bbox 338 3493 1369 3557; baseline 0.001 -17"><span class='ocrx_word' id='word_1_319' title='bbox 338 3501 694 3557; x_wconf 75' lang='lat' dir='ltr'><strong>cuerit,perpetuo</strong></span> <span class='ocrx_word' id='word_1_320' title='bbox 711 3495 944 3543; x_wconf 82' lang='lat' dir='ltr'><strong>faciendum</strong></span> <span class='ocrx_word' id='word_1_321' title='bbox 958 3529 972 3553; x_wconf 92' lang='lat'><strong>,</strong></span> <span class='ocrx_word' id='word_1_322' title='bbox 988 3516 1034 3544; x_wconf 88' lang='lat' dir='ltr'><strong>ac</strong></span> <span class='ocrx_word' id='word_1_323' title='bbox 1051 3500 1152 3545; x_wconf 73' lang='lat' dir='ltr'><strong>alias</strong></span> <span class='ocrx_word' id='word_1_324' title='bbox 1165 3493 1233 3543; x_wconf 87' lang='lat' dir='ltr'><strong>sub</strong></span> <span class='ocrx_word' id='word_1_325' title='bbox 1244 3502 1369 3542; x_wconf 85' lang='lat' dir='ltr'><strong>certis</strong></span> 
     </span>
     <span class='ocr_line' id='line_1_53' title="bbox 338 3557 1368 3617; baseline 0 -16"><span class='ocrx_word' id='word_1_326' title='bbox 338 3558 487 3610; x_wconf 60' lang='lat' dir='ltr'><strong>mado,</strong></span> <span class='ocrx_word' id='word_1_327' title='bbox 516 3562 555 3601; x_wconf 78' lang='grc' dir='ltr'><strong>δι</strong></span> <span class='ocrx_word' id='word_1_328' title='bbox 583 3559 711 3603; x_wconf 87' lang='lat' dir='ltr'><strong>forma</strong></span> <span class='ocrx_word' id='word_1_329' title='bbox 738 3558 961 3611; x_wconf 83' lang='lat' dir='ltr'><strong>conceffit,</strong></span> <span class='ocrx_word' id='word_1_330' title='bbox 987 3562 1103 3617; x_wconf 57' lang='lat' dir='ltr'><strong>pasto</strong></span> <span class='ocrx_word' id='word_1_331' title='bbox 1130 3571 1268 3603; x_wconf 88' lang='lat' dir='ltr'><strong>tamen</strong></span> <span class='ocrx_word' id='word_1_332' title='bbox 1296 3557 1368 3601; x_wconf 88' lang='lat' dir='ltr'><strong>ad-&#39;</strong></span> 
     </span>
     <span class='ocr_line' id='line_1_54' title="bbox 336 3617 1366 3676; baseline -0.008 -8"><span class='ocrx_word' id='word_1_333' title='bbox 336 3617 471 3676; x_wconf 68' lang='lat' dir='ltr'><strong>jecto,</strong></span> <span class='ocrx_word' id='word_1_334' title='bbox 491 3619 530 3658; x_wconf 75' lang='grc' dir='ltr'><strong>δι</strong></span> <span class='ocrx_word' id='word_1_335' title='bbox 553 3620 668 3662; x_wconf 90' lang='lat' dir='ltr'><strong>causa</strong></span> <span class='ocrx_word' id='word_1_336' title='bbox 698 3619 981 3676; x_wconf 80' lang='lat' dir='ltr'><strong>praecedente,</strong></span> <span class='ocrx_word' id='word_1_337' title='bbox 1001 3618 1110 3676; x_wconf 88' lang='lat' dir='ltr'><strong>quod</strong></span> <span class='ocrx_word' id='word_1_338' title='bbox 1136 3618 1263 3661; x_wconf 66' lang='lat' dir='ltr'><strong>dinus</strong></span> <span class='ocrx_word' id='word_1_339' title='bbox 1281 3623 1366 3663; x_wconf 80' lang='lat' dir='ltr'><strong>An-</strong></span> 
     </span>
     <span class='ocr_line' id='line_1_55' title="bbox 339 3677 1366 3736; baseline 0 -17"><span class='ocrx_word' id='word_1_340' title='bbox 339 3677 456 3733; x_wconf 89' lang='lat' dir='ltr'><strong>gelus</strong></span> <span class='ocrx_word' id='word_1_341' title='bbox 471 3706 486 3726; x_wconf 89' lang='lat'><strong>,</strong></span> <span class='ocrx_word' id='word_1_342' title='bbox 507 3677 544 3716; x_wconf 86' lang='lat'>&amp;</span> <span class='ocrx_word' id='word_1_343' title='bbox 568 3679 740 3734; x_wconf 89' lang='lat' dir='ltr'><strong>Justinus</strong></span> <span class='ocrx_word' id='word_1_344' title='bbox 755 3680 1048 3736; x_wconf 83' lang='lat' dir='ltr'><strong>eidemJoanni</strong></span> <span class='ocrx_word' id='word_1_345' title='bbox 1067 3680 1246 3722; x_wconf 87' lang='lat' dir='ltr'><strong>Antonio</strong></span> <span class='ocrx_word' id='word_1_346' title='bbox 1261 3683 1366 3722; x_wconf 85' lang='lat' dir='ltr'><strong>Car-</strong></span> 
     </span>
     <span class='ocr_line' id='line_1_56' title="bbox 337 3735 1365 3795; baseline -0.001 -15"><span class='ocrx_word' id='word_1_347' title='bbox 337 3735 465 3780; x_wconf 85' lang='lat' dir='ltr'><strong>dinali</strong></span> <span class='ocrx_word' id='word_1_348' title='bbox 490 3735 758 3788; x_wconf 87' lang='lat' dir='ltr'><strong>promiserunt</strong></span> <span class='ocrx_word' id='word_1_349' title='bbox 785 3753 860 3795; x_wconf 88' lang='lat' dir='ltr'><strong>pro</strong></span> <span class='ocrx_word' id='word_1_350' title='bbox 892 3754 972 3790; x_wconf 86' lang='lat' dir='ltr'><strong>eo,</strong></span> <span class='ocrx_word' id='word_1_351' title='bbox 997 3740 1038 3780; x_wconf 89' lang='lat'>&amp;</span> <span class='ocrx_word' id='word_1_352' title='bbox 1065 3736 1365 3781; x_wconf 81' lang='lat' dir='ltr'><strong>Succefl&#39;oribus</strong></span> 
     </span>
     <span class='ocr_line' id='line_1_57' title="bbox 337 3794 1366 3856; baseline -0.001 -17"><span class='ocrx_word' id='word_1_353' title='bbox 337 3794 532 3856; x_wconf 63' lang='lat' dir='ltr'><strong>praedietis</strong></span> <span class='ocrx_word' id='word_1_354' title='bbox 549 3802 716 3850; x_wconf 85' lang='lat' dir='ltr'><strong>tenere,</strong></span> <span class='ocrx_word' id='word_1_355' title='bbox 732 3800 770 3839; x_wconf 65' lang='grc' dir='ltr'><strong>ὃς</strong></span> <span class='ocrx_word' id='word_1_356' title='bbox 786 3798 1027 3842; x_wconf 87' lang='lat' dir='ltr'><strong>conservare</strong></span> <span class='ocrx_word' id='word_1_357' title='bbox 1042 3798 1366 3855; x_wconf 85' lang='lat' dir='ltr'><strong>proprietatem,</strong></span> 
     </span>
    </p>
   </div>
   <div class='ocr_carea' id='block_1_6' title="bbox 1095 171 1659 280">
    <p class='ocr_par' dir='ltr' id='par_1_7' title="bbox 1095 171 1659 280">
     <span class='ocr_line' id='line_1_58' title="bbox 1095 171 1659 280; baseline 0.004 -2"><span class='ocrx_word' id='word_1_358' title='bbox 1095 171 1659 280; x_wconf 71' lang='lat' dir='ltr'><strong>Provincia</strong></span> 
     </span>
    </p>
   </div>
   <div class='ocr_carea' id='block_1_7' title="bbox 1429 306 2478 2492">
    <p class='ocr_par' dir='ltr' id='par_1_8' title="bbox 1432 306 2478 897">
     <span class='ocr_line' id='line_1_59' title="bbox 1435 306 2477 368; baseline 0.002 -16"><span class='ocrx_word' id='word_1_359' title='bbox 1435 311 1476 351; x_wconf 85' lang='lat'>&amp;</span> <span class='ocrx_word' id='word_1_360' title='bbox 1496 309 1722 368; x_wconf 82' lang='lat' dir='ltr'><strong>dominium</strong></span> <span class='ocrx_word' id='word_1_361' title='bbox 1744 306 1859 352; x_wconf 73' lang='lat' dir='ltr'><strong>dietae</strong></span> <span class='ocrx_word' id='word_1_362' title='bbox 1889 308 2098 367; x_wconf 83' lang='lat' dir='ltr'><strong>Capellae,</strong></span> <span class='ocrx_word' id='word_1_363' title='bbox 2131 307 2357 367; x_wconf 80' lang='lat' dir='ltr'><strong>domosque</strong></span> <span class='ocrx_word' id='word_1_364' title='bbox 2391 310 2477 354; x_wconf 62' lang='lat' dir='ltr'><strong>rui-¹</strong></span> 
     </span>
     <span class='ocr_line' id='line_1_60' title="bbox 1434 367 2471 426; baseline 0.003 -15"><span class='ocrx_word' id='word_1_365' title='bbox 1434 368 1547 412; x_wconf 89' lang='lat' dir='ltr'><strong>nosas</strong></span> <span class='ocrx_word' id='word_1_366' title='bbox 1575 368 1796 419; x_wconf 80' lang='lat' dir='ltr'><strong>demoliri,</strong></span> <span class='ocrx_word' id='word_1_367' title='bbox 1828 369 1867 410; x_wconf 69' lang='grc' dir='ltr'><strong>ὃς</strong></span> <span class='ocrx_word' id='word_1_368' title='bbox 1895 383 1945 411; x_wconf 86' lang='lat' dir='ltr'><strong>ex</strong></span> <span class='ocrx_word' id='word_1_369' title='bbox 1974 385 2022 413; x_wconf 89' lang='lat' dir='ltr'><strong>ea</strong></span> <span class='ocrx_word' id='word_1_370' title='bbox 2050 369 2220 411; x_wconf 88' lang='lat' dir='ltr'><strong>materia</strong></span> <span class='ocrx_word' id='word_1_371' title='bbox 2250 367 2471 426; x_wconf 86' lang='lat' dir='ltr'><strong>Capellam</strong></span> 
     </span>
     <span class='ocr_line' id='line_1_61' title="bbox 1438 426 2471 486; baseline 0.002 -18"><span class='ocrx_word' id='word_1_372' title='bbox 1438 429 1484 469; x_wconf 90' lang='lat' dir='ltr'><strong>B.</strong></span> <span class='ocrx_word' id='word_1_373' title='bbox 1505 429 1653 484; x_wconf 89' lang='lat' dir='ltr'><strong>Angeli</strong></span> <span class='ocrx_word' id='word_1_374' title='bbox 1667 426 1894 485; x_wconf 66' lang='lat' dir='ltr'><strong>praedieram</strong></span> <span class='ocrx_word' id='word_1_375' title='bbox 1911 428 2132 485; x_wconf 84' lang='lat' dir='ltr'><strong>ampliare,</strong></span> <span class='ocrx_word' id='word_1_376' title='bbox 2153 431 2192 470; x_wconf 74' lang='grc' dir='ltr'><strong>δε</strong></span> <span class='ocrx_word' id='word_1_377' title='bbox 2213 430 2252 471; x_wconf 95' lang='lat' dir='ltr'><strong>in</strong></span> <span class='ocrx_word' id='word_1_378' title='bbox 2268 427 2471 486; x_wconf 83' lang='lat' dir='ltr'><strong>majorem</strong></span> 
     </span>
     <span class='ocr_line' id='line_1_62' title="bbox 1437 486 2474 542; baseline 0.002 -14"><span class='ocrx_word' id='word_1_379' title='bbox 1437 486 1607 530; x_wconf 89' lang='lat' dir='ltr'><strong>formam</strong></span> <span class='ocrx_word' id='word_1_380' title='bbox 1634 487 1837 531; x_wconf 78' lang='lat' dir='ltr'><strong>reducere</strong></span> <span class='ocrx_word' id='word_1_381' title='bbox 1861 486 1918 528; x_wconf 90' lang='lat' dir='ltr'><strong>de</strong></span> <span class='ocrx_word' id='word_1_382' title='bbox 1936 487 2203 542; x_wconf 85' lang='lat' dir='ltr'><strong>eleemosynis</strong></span> <span class='ocrx_word' id='word_1_383' title='bbox 2219 516 2233 539; x_wconf 87' lang='lat'><strong>,</strong></span> <span class='ocrx_word' id='word_1_384' title='bbox 2250 502 2295 529; x_wconf 87' lang='lat' dir='ltr'><strong>ac</strong></span> <span class='ocrx_word' id='word_1_385' title='bbox 2322 488 2474 530; x_wconf 85' lang='lat' dir='ltr'><strong>Eccle-</strong></span> 
     </span>
     <span class='ocr_line' id='line_1_63' title="bbox 1434 545 2478 601; baseline 0.001 -14"><span class='ocrx_word' id='word_1_386' title='bbox 1434 547 1494 588; x_wconf 86' lang='lat' dir='ltr'><strong>fiae</strong></span> <span class='ocrx_word' id='word_1_387' title='bbox 1519 548 1681 590; x_wconf 83' lang='lat' dir='ltr'><strong>noviter</strong></span> <span class='ocrx_word' id='word_1_388' title='bbox 1704 545 1937 588; x_wconf 67' lang='lat' dir='ltr'><strong>construaae</strong></span> <span class='ocrx_word' id='word_1_389' title='bbox 1969 558 2118 589; x_wconf 88' lang='lat' dir='ltr'><strong>nomen</strong></span> <span class='ocrx_word' id='word_1_390' title='bbox 2148 551 2190 596; x_wconf 79' lang='lat' dir='ltr'><strong>S.</strong></span> <span class='ocrx_word' id='word_1_391' title='bbox 2213 546 2364 601; x_wconf 88' lang='lat' dir='ltr'><strong>Angeli</strong></span> <span class='ocrx_word' id='word_1_392' title='bbox 2399 546 2478 588; x_wconf 87' lang='lat' dir='ltr'><strong>im-</strong></span> 
     </span>
     <span class='ocr_line' id='line_1_64' title="bbox 1434 603 2469 661; baseline -0.001 -13"><span class='ocrx_word' id='word_1_393' title='bbox 1434 619 1617 661; x_wconf 80' lang='lat' dir='ltr'><strong>ponere,</strong></span> <span class='ocrx_word' id='word_1_394' title='bbox 1647 607 1685 648; x_wconf 93' lang='lat' dir='ltr'><strong>in</strong></span> <span class='ocrx_word' id='word_1_395' title='bbox 1709 603 1965 661; x_wconf 86' lang='lat' dir='ltr'><strong>Capellaque</strong></span> <span class='ocrx_word' id='word_1_396' title='bbox 1992 606 2154 661; x_wconf 77' lang='lat' dir='ltr'><strong>antiqua</strong></span> <span class='ocrx_word' id='word_1_397' title='bbox 2190 605 2323 648; x_wconf 88' lang='lat' dir='ltr'><strong>officia</strong></span> <span class='ocrx_word' id='word_1_398' title='bbox 2349 604 2469 647; x_wconf 88' lang='lat' dir='ltr'><strong>cele-</strong></span> 
     </span>
     <span class='ocr_line' id='line_1_65' title="bbox 1433 662 2468 720; baseline 0 -14"><span class='ocrx_word' id='word_1_399' title='bbox 1433 666 1552 707; x_wconf 90' lang='lat' dir='ltr'><strong>brare</strong></span> <span class='ocrx_word' id='word_1_400' title='bbox 1573 665 1710 708; x_wconf 91' lang='lat' dir='ltr'><strong>divina</strong></span> <span class='ocrx_word' id='word_1_401' title='bbox 1725 693 1739 714; x_wconf 86' lang='lat'><strong>,</strong></span> <span class='ocrx_word' id='word_1_402' title='bbox 1759 666 1800 706; x_wconf 76' lang='grc' dir='ltr'><strong>δι</strong></span> <span class='ocrx_word' id='word_1_403' title='bbox 1823 663 1864 706; x_wconf 92' lang='lat' dir='ltr'><strong>in</strong></span> <span class='ocrx_word' id='word_1_404' title='bbox 1887 678 1935 706; x_wconf 88' lang='lat' dir='ltr'><strong>ea</strong></span> <span class='ocrx_word' id='word_1_405' title='bbox 1963 662 2124 720; x_wconf 68' lang='lat' dir='ltr'><strong>sapitis,</strong></span> <span class='ocrx_word' id='word_1_406' title='bbox 2149 679 2268 719; x_wconf 86' lang='lat' dir='ltr'><strong>quam</strong></span> <span class='ocrx_word' id='word_1_407' title='bbox 2293 663 2468 706; x_wconf 85' lang='lat' dir='ltr'><strong>consue-</strong></span> 
     </span>
     <span class='ocr_line' id='line_1_66' title="bbox 1433 720 2468 776; baseline -0.003 -9"><span class='ocrx_word' id='word_1_408' title='bbox 1433 735 1612 776; x_wconf 86' lang='lat' dir='ltr'><strong>verunt,</strong></span> <span class='ocrx_word' id='word_1_409' title='bbox 1640 721 1799 776; x_wconf 76' lang='lat' dir='ltr'><strong>Missas,</strong></span> <span class='ocrx_word' id='word_1_410' title='bbox 1819 720 2012 765; x_wconf 81' lang='lat' dir='ltr'><strong>&amp;divina</strong></span> <span class='ocrx_word' id='word_1_411' title='bbox 2050 722 2180 765; x_wconf 84' lang='lat' dir='ltr'><strong>officia</strong></span> <span class='ocrx_word' id='word_1_412' title='bbox 2219 722 2468 775; x_wconf 87' lang='lat' dir='ltr'><strong>celebrare,</strong></span> 
     </span>
     <span class='ocr_line' id='line_1_67' title="bbox 1432 779 2465 839; baseline -0.003 -13"><span class='ocrx_word' id='word_1_413' title='bbox 1432 781 1592 839; x_wconf 88' lang='lat' dir='ltr'><strong>aliaque</strong></span> <span class='ocrx_word' id='word_1_414' title='bbox 1620 780 1760 825; x_wconf 83' lang='lat' dir='ltr'><strong>facere</strong></span> <span class='ocrx_word' id='word_1_415' title='bbox 1776 810 1791 834; x_wconf 89' lang='lat'><strong>,</strong></span> <span class='ocrx_word' id='word_1_416' title='bbox 1813 790 1938 835; x_wconf 88' lang='lat' dir='ltr'><strong>prout</strong></span> <span class='ocrx_word' id='word_1_417' title='bbox 1963 782 2005 823; x_wconf 90' lang='lat' dir='ltr'><strong>in</strong></span> <span class='ocrx_word' id='word_1_418' title='bbox 2034 782 2311 825; x_wconf 87' lang='lat' dir='ltr'><strong>Instrumento</strong></span> <span class='ocrx_word' id='word_1_419' title='bbox 2353 779 2465 824; x_wconf 87' lang='lat' dir='ltr'><strong>desu-</strong></span> 
     </span>
     <span class='ocr_line' id='line_1_68' title="bbox 1433 839 2340 897; baseline -0.003 -12"><span class='ocrx_word' id='word_1_420' title='bbox 1433 854 1508 897; x_wconf 82' lang='lat' dir='ltr'><strong>per</strong></span> <span class='ocrx_word' id='word_1_421' title='bbox 1531 841 1720 884; x_wconf 62' lang='lat' dir='ltr'><strong>confecto</strong></span> <span class='ocrx_word' id='word_1_422' title='bbox 1742 840 1905 896; x_wconf 77' lang='lat' dir='ltr'><strong>plenius</strong></span> <span class='ocrx_word' id='word_1_423' title='bbox 1929 839 2084 882; x_wconf 91' lang='lat' dir='ltr'><strong>dicitur</strong></span> <span class='ocrx_word' id='word_1_424' title='bbox 2109 842 2340 885; x_wconf 88' lang='lat' dir='ltr'><strong>contineri.</strong></span> 
     </span>
    </p>

    <p class='ocr_par' dir='ltr' id='par_1_9' title="bbox 1434 898 2472 1369">
     <span class='ocr_line' id='line_1_69' title="bbox 1495 898 2472 957; baseline -0.001 -14"><span class='ocrx_word' id='word_1_425' title='bbox 1495 905 1602 944; x_wconf 89' lang='lat' dir='ltr'><strong>Cum</strong></span> <span class='ocrx_word' id='word_1_426' title='bbox 1628 909 1797 951; x_wconf 87' lang='lat' dir='ltr'><strong>autem,</strong></span> <span class='ocrx_word' id='word_1_427' title='bbox 1826 898 1923 941; x_wconf 83' lang='lat' dir='ltr'><strong>ficut</strong></span> <span class='ocrx_word' id='word_1_428' title='bbox 1955 899 2098 942; x_wconf 85' lang='lat' dir='ltr'><strong>eadem</strong></span> <span class='ocrx_word' id='word_1_429' title='bbox 2126 901 2273 955; x_wconf 90' lang='lat' dir='ltr'><strong>petitio</strong></span> <span class='ocrx_word' id='word_1_430' title='bbox 2302 898 2472 957; x_wconf 85' lang='lat' dir='ltr'><strong>subjun-</strong></span> 
     </span>
     <span class='ocr_line' id='line_1_70' title="bbox 1435 957 2471 1015; baseline 0.001 -13"><span class='ocrx_word' id='word_1_431' title='bbox 1435 960 1585 1015; x_wconf 80' lang='lat' dir='ltr'><strong>gebat,</strong></span> <span class='ocrx_word' id='word_1_432' title='bbox 1610 959 1789 1003; x_wconf 82' lang='lat' dir='ltr'><strong>firmiora</strong></span> <span class='ocrx_word' id='word_1_433' title='bbox 1815 957 1890 1001; x_wconf 75' lang='lat' dir='ltr'><strong>sint</strong></span> <span class='ocrx_word' id='word_1_434' title='bbox 1911 971 1959 1000; x_wconf 82' lang='lat' dir='ltr'><strong>ea</strong></span> <span class='ocrx_word' id='word_1_435' title='bbox 1982 986 1996 1010; x_wconf 88' lang='lat'><strong>,</strong></span> <span class='ocrx_word' id='word_1_436' title='bbox 2034 959 2176 1015; x_wconf 88' lang='lat' dir='ltr'><strong>quibus</strong></span> <span class='ocrx_word' id='word_1_437' title='bbox 2207 959 2325 1004; x_wconf 87' lang='lat' dir='ltr'><strong>Sedis</strong></span> <span class='ocrx_word' id='word_1_438' title='bbox 2353 961 2471 1015; x_wconf 89' lang='lat' dir='ltr'><strong>Apo-</strong></span> 
     </span>
     <span class='ocr_line' id='line_1_71' title="bbox 1435 1017 2469 1073; baseline 0 -12"><span class='ocrx_word' id='word_1_439' title='bbox 1435 1018 1580 1061; x_wconf 85' lang='lat' dir='ltr'><strong>stolicae</strong></span> <span class='ocrx_word' id='word_1_440' title='bbox 1617 1017 1844 1061; x_wconf 86' lang='lat' dir='ltr'><strong>intercedit</strong></span> <span class='ocrx_word' id='word_1_441' title='bbox 1876 1019 2127 1068; x_wconf 61' lang='lat' dir='ltr'><strong>auctoritas,</strong></span> <span class='ocrx_word' id='word_1_442' title='bbox 2164 1020 2202 1060; x_wconf 91' lang='lat'>&amp;</span> <span class='ocrx_word' id='word_1_443' title='bbox 2241 1029 2469 1073; x_wconf 83' lang='lat' dir='ltr'><strong>propterea</strong></span> 
     </span>
     <span class='ocr_line' id='line_1_72' title="bbox 1434 1076 2470 1135; baseline -0.002 -15"><span class='ocrx_word' id='word_1_444' title='bbox 1434 1076 1620 1132; x_wconf 84' lang='lat' dir='ltr'><strong>Angelus</strong></span> <span class='ocrx_word' id='word_1_445' title='bbox 1638 1104 1652 1128; x_wconf 87' lang='lat'><strong>,</strong></span> <span class='ocrx_word' id='word_1_446' title='bbox 1677 1077 1908 1135; x_wconf 82' lang='lat' dir='ltr'><strong>&amp;Justinus</strong></span> <span class='ocrx_word' id='word_1_447' title='bbox 1931 1076 2110 1134; x_wconf 70' lang='lat' dir='ltr'><strong>praediffl</strong></span> <span class='ocrx_word' id='word_1_448' title='bbox 2129 1077 2344 1133; x_wconf 89' lang='lat' dir='ltr'><strong>cupientes</strong></span> <span class='ocrx_word' id='word_1_449' title='bbox 2369 1090 2470 1134; x_wconf 86' lang='lat' dir='ltr'><strong>prae-</strong></span> 
     </span>
     <span class='ocr_line' id='line_1_73' title="bbox 1436 1135 2468 1192; baseline -0.002 -13"><span class='ocrx_word' id='word_1_450' title='bbox 1436 1135 1544 1179; x_wconf 78' lang='lat' dir='ltr'><strong>missa</strong></span> <span class='ocrx_word' id='word_1_451' title='bbox 1568 1136 1702 1178; x_wconf 88' lang='lat' dir='ltr'><strong>omnia</strong></span> <span class='ocrx_word' id='word_1_452' title='bbox 1729 1137 1855 1178; x_wconf 87' lang='lat' dir='ltr'><strong>etiam</strong></span> <span class='ocrx_word' id='word_1_453' title='bbox 1878 1136 2116 1192; x_wconf 88' lang='lat' dir='ltr'><strong>Apostolico</strong></span> <span class='ocrx_word' id='word_1_454' title='bbox 2148 1136 2372 1179; x_wconf 85' lang='lat' dir='ltr'><strong>munimine</strong></span> <span class='ocrx_word' id='word_1_455' title='bbox 2398 1149 2468 1178; x_wconf 88' lang='lat' dir='ltr'><strong>ro-</strong></span> 
     </span>
     <span class='ocr_line' id='line_1_74' title="bbox 1436 1194 2464 1251; baseline -0.005 -12"><span class='ocrx_word' id='word_1_456' title='bbox 1436 1195 1571 1239; x_wconf 84' lang='lat' dir='ltr'><strong>borari</strong></span> <span class='ocrx_word' id='word_1_457' title='bbox 1589 1223 1602 1246; x_wconf 90' lang='lat'><strong>,</strong></span> <span class='ocrx_word' id='word_1_458' title='bbox 1620 1194 1750 1238; x_wconf 91' lang='lat' dir='ltr'><strong>Nobis</strong></span> <span class='ocrx_word' id='word_1_459' title='bbox 1769 1195 1979 1238; x_wconf 89' lang='lat' dir='ltr'><strong>humiliter</strong></span> <span class='ocrx_word' id='word_1_460' title='bbox 2004 1194 2220 1251; x_wconf 87' lang='lat' dir='ltr'><strong>supplicari</strong></span> <span class='ocrx_word' id='word_1_461' title='bbox 2248 1194 2435 1238; x_wconf 89' lang='lat' dir='ltr'><strong>fecerunt</strong></span> <span class='ocrx_word' id='word_1_462' title='bbox 2450 1224 2464 1247; x_wconf 87' lang='lat'>‚</span> 
     </span>
     <span class='ocr_line' id='line_1_75' title="bbox 1434 1253 2466 1310; baseline -0.001 -12"><span class='ocrx_word' id='word_1_463' title='bbox 1434 1254 1562 1298; x_wconf 77' lang='lat' dir='ltr'><strong>utsibi</strong></span> <span class='ocrx_word' id='word_1_464' title='bbox 1581 1254 1620 1295; x_wconf 92' lang='lat' dir='ltr'><strong>in</strong></span> <span class='ocrx_word' id='word_1_465' title='bbox 1645 1253 1843 1309; x_wconf 85' lang='lat' dir='ltr'><strong>praemiffis</strong></span> <span class='ocrx_word' id='word_1_466' title='bbox 1870 1255 2100 1310; x_wconf 75' lang='lat' dir='ltr'><strong>opportune</strong></span> <span class='ocrx_word' id='word_1_467' title='bbox 2128 1254 2350 1310; x_wconf 88' lang='lat' dir='ltr'><strong>providere</strong></span> <span class='ocrx_word' id='word_1_468' title='bbox 2366 1282 2380 1306; x_wconf 92' lang='lat'><strong>,</strong></span> <span class='ocrx_word' id='word_1_469' title='bbox 2412 1253 2466 1297; x_wconf 88' lang='lat' dir='ltr'><strong>de</strong></span> 
     </span>
     <span class='ocr_line' id='line_1_76' title="bbox 1435 1312 2256 1369; baseline -0.002 -12"><span class='ocrx_word' id='word_1_470' title='bbox 1435 1314 1687 1368; x_wconf 83' lang='lat' dir='ltr'><strong>benignitate</strong></span> <span class='ocrx_word' id='word_1_471' title='bbox 1713 1312 1944 1369; x_wconf 88' lang='lat' dir='ltr'><strong>Apostolica</strong></span> <span class='ocrx_word' id='word_1_472' title='bbox 1967 1313 2256 1368; x_wconf 86' lang='lat' dir='ltr'><strong>dignaremur.</strong></span> 
     </span>
    </p>

    <p class='ocr_par' dir='ltr' id='par_1_10' title="bbox 1429 1372 2472 2492">
     <span class='ocr_line' id='line_1_77' title="bbox 1492 1372 2467 1431; baseline -0.001 -16"><span class='ocrx_word' id='word_1_473' title='bbox 1492 1376 1608 1421; x_wconf 80' lang='lat' dir='ltr'><strong>Nos,</strong></span> <span class='ocrx_word' id='word_1_474' title='bbox 1635 1372 1705 1429; x_wconf 91' lang='lat' dir='ltr'><strong>qui</strong></span> <span class='ocrx_word' id='word_1_475' title='bbox 1731 1372 1908 1415; x_wconf 87' lang='lat' dir='ltr'><strong>honestis</strong></span> <span class='ocrx_word' id='word_1_476' title='bbox 1934 1372 2138 1415; x_wconf 82' lang='lat' dir='ltr'><strong>Fidelium</strong></span> <span class='ocrx_word' id='word_1_477' title='bbox 2173 1386 2467 1431; x_wconf 88' lang='lat' dir='ltr'><strong>quorumcum-</strong></span> 
     </span>
     <span class='ocr_line' id='line_1_78' title="bbox 1433 1429 2467 1489; baseline -0.001 -15"><span class='ocrx_word' id='word_1_478' title='bbox 1433 1445 1513 1488; x_wconf 94' lang='lat' dir='ltr'><strong>que</strong></span> <span class='ocrx_word' id='word_1_479' title='bbox 1540 1431 1649 1475; x_wconf 89' lang='lat' dir='ltr'><strong>votis</strong></span> <span class='ocrx_word' id='word_1_480' title='bbox 1674 1431 1856 1475; x_wconf 86' lang='lat' dir='ltr'><strong>libenter</strong></span> <span class='ocrx_word' id='word_1_481' title='bbox 1884 1434 2126 1483; x_wconf 86' lang='lat' dir='ltr'><strong>annuimus,</strong></span> <span class='ocrx_word' id='word_1_482' title='bbox 2154 1445 2285 1489; x_wconf 89' lang='lat' dir='ltr'><strong>eaque</strong></span> <span class='ocrx_word' id='word_1_483' title='bbox 2314 1429 2467 1474; x_wconf 84' lang='lat' dir='ltr'><strong>favori-</strong></span> 
     </span>
     <span class='ocr_line' id='line_1_79' title="bbox 1433 1490 2469 1547; baseline 0.001 -14"><span class='ocrx_word' id='word_1_484' title='bbox 1433 1491 1504 1533; x_wconf 93' lang='lat' dir='ltr'><strong>bus</strong></span> <span class='ocrx_word' id='word_1_485' title='bbox 1531 1491 1814 1547; x_wconf 86' lang='lat' dir='ltr'><strong>prosequimur</strong></span> <span class='ocrx_word' id='word_1_486' title='bbox 1843 1490 2084 1547; x_wconf 89' lang='lat' dir='ltr'><strong>opportunis</strong></span> <span class='ocrx_word' id='word_1_487' title='bbox 2096 1492 2306 1537; x_wconf 57' lang='lat' dir='ltr'><strong>,eosdem</strong></span> <span class='ocrx_word' id='word_1_488' title='bbox 2332 1493 2469 1546; x_wconf 85' lang='lat' dir='ltr'><strong>Ange-</strong></span> 
     </span>
     <span class='ocr_line' id='line_1_80' title="bbox 1432 1549 2470 1607; baseline 0.002 -15"><span class='ocrx_word' id='word_1_489' title='bbox 1432 1550 1518 1592; x_wconf 89' lang='lat' dir='ltr'><strong>lum</strong></span> <span class='ocrx_word' id='word_1_490' title='bbox 1533 1577 1548 1601; x_wconf 88' lang='lat'><strong>,</strong></span> <span class='ocrx_word' id='word_1_491' title='bbox 1574 1551 1615 1591; x_wconf 90' lang='lat'>&amp;</span> <span class='ocrx_word' id='word_1_492' title='bbox 1636 1549 1831 1606; x_wconf 80' lang='lat' dir='ltr'><strong>justinum</strong></span> <span class='ocrx_word' id='word_1_493' title='bbox 1847 1577 1862 1600; x_wconf 94' lang='lat'><strong>,</strong></span> <span class='ocrx_word' id='word_1_494' title='bbox 1898 1562 2123 1605; x_wconf 82' lang='lat' dir='ltr'><strong>eorumque</strong></span> <span class='ocrx_word' id='word_1_495' title='bbox 2154 1549 2386 1607; x_wconf 91' lang='lat' dir='ltr'><strong>quemlibet</strong></span> <span class='ocrx_word' id='word_1_496' title='bbox 2402 1578 2416 1602; x_wconf 94' lang='lat'><strong>,</strong></span> <span class='ocrx_word' id='word_1_497' title='bbox 2444 1552 2470 1594; x_wconf 73' lang='lat' dir='ltr'><strong>a</strong></span> 
     </span>
     <span class='ocr_line' id='line_1_81' title="bbox 1433 1606 2468 1666; baseline -0.001 -15"><span class='ocrx_word' id='word_1_498' title='bbox 1433 1606 1635 1666; x_wconf 90' lang='lat' dir='ltr'><strong>quibusvis</strong></span> <span class='ocrx_word' id='word_1_499' title='bbox 1659 1607 2112 1659; x_wconf 85' lang='lat' dir='ltr'><strong>excommunicationis,</strong></span> <span class='ocrx_word' id='word_1_500' title='bbox 2124 1608 2384 1666; x_wconf 74' lang='lat' dir='ltr'><strong>suspensionis</strong></span> <span class='ocrx_word' id='word_1_501' title='bbox 2399 1636 2414 1660; x_wconf 91' lang='lat'><strong>,</strong></span> <span class='ocrx_word' id='word_1_502' title='bbox 2427 1610 2468 1650; x_wconf 79' lang='grc' dir='ltr'><strong>δε</strong></span> 
     </span>
     <span class='ocr_line' id='line_1_82' title="bbox 1433 1666 2470 1723; baseline 0.001 -14"><span class='ocrx_word' id='word_1_503' title='bbox 1433 1667 1665 1718; x_wconf 71' lang='lat' dir='ltr'><strong>interdiffi,</strong></span> <span class='ocrx_word' id='word_1_504' title='bbox 1695 1666 1861 1723; x_wconf 88' lang='lat' dir='ltr'><strong>aliisque</strong></span> <span class='ocrx_word' id='word_1_505' title='bbox 1897 1667 2186 1710; x_wconf 85' lang='lat' dir='ltr'><strong>Ecclefiasticis</strong></span> <span class='ocrx_word' id='word_1_506' title='bbox 2224 1667 2470 1720; x_wconf 87' lang='lat' dir='ltr'><strong>sententiis,</strong></span> 
     </span>
     <span class='ocr_line' id='line_1_83' title="bbox 1432 1725 2468 1784; baseline 0 -14"><span class='ocrx_word' id='word_1_507' title='bbox 1432 1726 1638 1777; x_wconf 88' lang='lat' dir='ltr'><strong>censuris,</strong></span> <span class='ocrx_word' id='word_1_508' title='bbox 1662 1726 1703 1767; x_wconf 76' lang='grc' dir='ltr'><strong>δε</strong></span> <span class='ocrx_word' id='word_1_509' title='bbox 1725 1726 1857 1780; x_wconf 90' lang='lat' dir='ltr'><strong>poenis</strong></span> <span class='ocrx_word' id='word_1_510' title='bbox 1873 1752 1887 1774; x_wconf 82' lang='lat'><strong>,</strong></span> <span class='ocrx_word' id='word_1_511' title='bbox 1915 1727 1940 1770; x_wconf 75' lang='lat' dir='ltr'><strong>a</strong></span> <span class='ocrx_word' id='word_1_512' title='bbox 1961 1725 2082 1784; x_wconf 88' lang='lat' dir='ltr'><strong>jure,</strong></span> <span class='ocrx_word' id='word_1_513' title='bbox 2107 1726 2173 1769; x_wconf 91' lang='lat' dir='ltr'><strong>vel</strong></span> <span class='ocrx_word' id='word_1_514' title='bbox 2195 1727 2244 1770; x_wconf 90' lang='lat' dir='ltr'><strong>ab</strong></span> <span class='ocrx_word' id='word_1_515' title='bbox 2272 1727 2468 1777; x_wconf 78' lang='lat' dir='ltr'><strong>homine,</strong></span> 
     </span>
     <span class='ocr_line' id='line_1_84' title="bbox 1431 1783 2464 1842; baseline 0 -14"><span class='ocrx_word' id='word_1_516' title='bbox 1431 1785 1575 1842; x_wconf 83' lang='lat' dir='ltr'><strong>quavis</strong></span> <span class='ocrx_word' id='word_1_517' title='bbox 1598 1786 1834 1835; x_wconf 87' lang='lat' dir='ltr'><strong>occafione,</strong></span> <span class='ocrx_word' id='word_1_518' title='bbox 1860 1783 1928 1826; x_wconf 89' lang='lat' dir='ltr'><strong>vel</strong></span> <span class='ocrx_word' id='word_1_519' title='bbox 1959 1787 2075 1829; x_wconf 73' lang='lat' dir='ltr'><strong>causa</strong></span> <span class='ocrx_word' id='word_1_520' title='bbox 2102 1783 2224 1837; x_wconf 87' lang='lat' dir='ltr'><strong>latis,</strong></span> <span class='ocrx_word' id='word_1_521' title='bbox 2261 1784 2286 1827; x_wconf 82' lang='lat' dir='ltr'>fi</span> <span class='ocrx_word' id='word_1_522' title='bbox 2317 1788 2464 1841; x_wconf 89' lang='lat' dir='ltr'><strong>quibus</strong></span> 
     </span>
     <span class='ocr_line' id='line_1_85' title="bbox 1432 1842 2466 1901; baseline 0 -15"><span class='ocrx_word' id='word_1_523' title='bbox 1432 1843 1741 1901; x_wconf 89' lang='lat' dir='ltr'><strong>quomodolibet</strong></span> <span class='ocrx_word' id='word_1_524' title='bbox 1767 1842 2141 1888; x_wconf 81' lang='lat' dir='ltr'><strong>innodatiexistunt</strong></span> <span class='ocrx_word' id='word_1_525' title='bbox 2158 1873 2172 1896; x_wconf 87' lang='lat'><strong>,</strong></span> <span class='ocrx_word' id='word_1_526' title='bbox 2202 1845 2251 1888; x_wconf 90' lang='lat' dir='ltr'><strong>ad</strong></span> <span class='ocrx_word' id='word_1_527' title='bbox 2277 1845 2466 1888; x_wconf 65' lang='lat' dir='ltr'><strong>effeetum</strong></span> 
     </span>
     <span class='ocr_line' id='line_1_86' title="bbox 1433 1901 2463 1961; baseline 0 -15"><span class='ocrx_word' id='word_1_528' title='bbox 1433 1902 1687 1960; x_wconf 70' lang='lat' dir='ltr'><strong>praesentium</strong></span> <span class='ocrx_word' id='word_1_529' title='bbox 1708 1901 1918 1946; x_wconf 84' lang='lat' dir='ltr'><strong>dumtaxat</strong></span> <span class='ocrx_word' id='word_1_530' title='bbox 1932 1903 2291 1961; x_wconf 82' lang='lat' dir='ltr'><strong>consequendum,</strong></span> <span class='ocrx_word' id='word_1_531' title='bbox 2319 1906 2463 1947; x_wconf 88' lang='lat' dir='ltr'><strong>harum</strong></span> 
     </span>
     <span class='ocr_line' id='line_1_87' title="bbox 1432 1962 2472 2010; baseline -0.001 -3"><span class='ocrx_word' id='word_1_532' title='bbox 1432 1963 1533 2007; x_wconf 74' lang='lat' dir='ltr'><strong>serie</strong></span> <span class='ocrx_word' id='word_1_533' title='bbox 1561 1962 1914 2010; x_wconf 77' lang='lat' dir='ltr'><strong>absolventes‚·&amp;</strong></span> <span class='ocrx_word' id='word_1_534' title='bbox 1939 1963 2145 2008; x_wconf 90' lang='lat' dir='ltr'><strong>absolutos</strong></span> <span class='ocrx_word' id='word_1_535' title='bbox 2174 1962 2262 2006; x_wconf 88' lang='lat' dir='ltr'><strong>fore</strong></span> <span class='ocrx_word' id='word_1_536' title='bbox 2301 1963 2472 2006; x_wconf 88' lang='lat' dir='ltr'><strong>censen-</strong></span> 
     </span>
     <span class='ocr_line' id='line_1_88' title="bbox 1431 2021 2467 2074; baseline 0 -10"><span class='ocrx_word' id='word_1_537' title='bbox 1431 2032 1520 2069; x_wconf 78' lang='lat' dir='ltr'><strong>tes;</strong></span> <span class='ocrx_word' id='word_1_538' title='bbox 1559 2035 1716 2064; x_wconf 84' lang='lat' dir='ltr'><strong>necnon</strong></span> <span class='ocrx_word' id='word_1_539' title='bbox 1757 2021 1854 2063; x_wconf 75' lang='lat' dir='ltr'><strong>dieti</strong></span> <span class='ocrx_word' id='word_1_540' title='bbox 1895 2021 2178 2074; x_wconf 87' lang='lat' dir='ltr'><strong>instrumenti,</strong></span> <span class='ocrx_word' id='word_1_541' title='bbox 2213 2037 2258 2065; x_wconf 89' lang='lat' dir='ltr'><strong>ac</strong></span> <span class='ocrx_word' id='word_1_542' title='bbox 2295 2023 2467 2066; x_wconf 86' lang='lat' dir='ltr'><strong>aliarum</strong></span> 
     </span>
     <span class='ocr_line' id='line_1_89' title="bbox 1429 2078 2463 2139; baseline 0 -15"><span class='ocrx_word' id='word_1_543' title='bbox 1429 2082 1719 2139; x_wconf 88' lang='lat' dir='ltr'><strong>scripturarum</strong></span> <span class='ocrx_word' id='word_1_544' title='bbox 1749 2080 1921 2137; x_wconf 88' lang='lat' dir='ltr'><strong>desuper</strong></span> <span class='ocrx_word' id='word_1_545' title='bbox 1936 2078 2071 2125; x_wconf 86' lang='lat' dir='ltr'><strong>forsan</strong></span> <span class='ocrx_word' id='word_1_546' title='bbox 2089 2080 2368 2127; x_wconf 65' lang='lat' dir='ltr'><strong>confectarum</strong></span> <span class='ocrx_word' id='word_1_547' title='bbox 2397 2093 2463 2125; x_wconf 90' lang='lat' dir='ltr'><strong>te-</strong></span> 
     </span>
     <span class='ocr_line' id='line_1_90' title="bbox 1431 2138 2466 2197; baseline -0.003 -11"><span class='ocrx_word' id='word_1_548' title='bbox 1431 2155 1568 2191; x_wconf 80' lang='lat' dir='ltr'><strong>nores,</strong></span> <span class='ocrx_word' id='word_1_549' title='bbox 1583 2138 1840 2196; x_wconf 86' lang='lat' dir='ltr'><strong>praesentibus</strong></span> <span class='ocrx_word' id='word_1_550' title='bbox 1855 2153 1929 2195; x_wconf 90' lang='lat' dir='ltr'><strong>pro</strong></span> <span class='ocrx_word' id='word_1_551' title='bbox 1944 2141 2132 2197; x_wconf 83' lang='lat' dir='ltr'><strong>expreffis</strong></span> <span class='ocrx_word' id='word_1_552' title='bbox 2150 2143 2343 2185; x_wconf 86' lang='lat' dir='ltr'><strong>habentes</strong></span> <span class='ocrx_word' id='word_1_553' title='bbox 2357 2170 2371 2194; x_wconf 89' lang='lat'><strong>,</strong></span> <span class='ocrx_word' id='word_1_554' title='bbox 2388 2142 2466 2184; x_wconf 87' lang='lat' dir='ltr'><strong>hu-</strong></span> 
     </span>
     <span class='ocr_line' id='line_1_91' title="bbox 1430 2198 2466 2261; baseline 0 -18"><span class='ocrx_word' id='word_1_555' title='bbox 1430 2199 1604 2261; x_wconf 89' lang='lat' dir='ltr'><strong>jusmodi</strong></span> <span class='ocrx_word' id='word_1_556' title='bbox 1643 2198 2001 2254; x_wconf 89' lang='lat' dir='ltr'><strong>supplicationibus</strong></span> <span class='ocrx_word' id='word_1_557' title='bbox 2051 2200 2275 2252; x_wconf 87' lang='lat' dir='ltr'><strong>inclinati,</strong></span> <span class='ocrx_word' id='word_1_558' title='bbox 2307 2200 2466 2243; x_wconf 83' lang='lat' dir='ltr'><strong>Instru-</strong></span> 
     </span>
     <span class='ocr_line' id='line_1_92' title="bbox 1434 2257 2466 2316; baseline -0.002 -12"><span class='ocrx_word' id='word_1_559' title='bbox 1434 2269 1617 2303; x_wconf 87' lang='lat' dir='ltr'><strong>mentum</strong></span> <span class='ocrx_word' id='word_1_560' title='bbox 1641 2257 1869 2314; x_wconf 63' lang='lat' dir='ltr'><strong>praedietum</strong></span> <span class='ocrx_word' id='word_1_561' title='bbox 1886 2286 1900 2310; x_wconf 87' lang='lat'><strong>,</strong></span> <span class='ocrx_word' id='word_1_562' title='bbox 1925 2273 1972 2301; x_wconf 88' lang='lat' dir='ltr'><strong>ac</strong></span> <span class='ocrx_word' id='word_1_563' title='bbox 1997 2260 2159 2311; x_wconf 84' lang='lat' dir='ltr'><strong>omnia,</strong></span> <span class='ocrx_word' id='word_1_564' title='bbox 2190 2261 2228 2303; x_wconf 89' lang='lat'>&amp;</span> <span class='ocrx_word' id='word_1_565' title='bbox 2244 2259 2397 2316; x_wconf 80' lang='lat' dir='ltr'><strong>lingula</strong></span> <span class='ocrx_word' id='word_1_566' title='bbox 2423 2260 2466 2302; x_wconf 90' lang='lat' dir='ltr'><strong>in</strong></span> 
     </span>
     <span class='ocr_line' id='line_1_93' title="bbox 1435 2316 2467 2375; baseline 0 -12"><span class='ocrx_word' id='word_1_567' title='bbox 1435 2318 1510 2363; x_wconf 91' lang='lat' dir='ltr'><strong>illo</strong></span> <span class='ocrx_word' id='word_1_568' title='bbox 1537 2325 1760 2369; x_wconf 85' lang='lat' dir='ltr'><strong>contenta,</strong></span> <span class='ocrx_word' id='word_1_569' title='bbox 1789 2319 1830 2359; x_wconf 90' lang='lat'>&amp;</span> <span class='ocrx_word' id='word_1_570' title='bbox 1854 2316 1950 2360; x_wconf 91' lang='lat' dir='ltr'><strong>inde</strong></span> <span class='ocrx_word' id='word_1_571' title='bbox 1984 2317 2151 2375; x_wconf 89' lang='lat' dir='ltr'><strong>sequuta</strong></span> <span class='ocrx_word' id='word_1_572' title='bbox 2177 2333 2467 2375; x_wconf 82' lang='lat' dir='ltr'><strong>quaecumque,</strong></span> 
     </span>
     <span class='ocr_line' id='line_1_94' title="bbox 1432 2377 2466 2435; baseline 0.001 -15"><span class='ocrx_word' id='word_1_573' title='bbox 1432 2378 1548 2423; x_wconf 90' lang='lat' dir='ltr'><strong>licita</strong></span> <span class='ocrx_word' id='word_1_574' title='bbox 1573 2387 1738 2424; x_wconf 80' lang='lat' dir='ltr'><strong>tamen,</strong></span> <span class='ocrx_word' id='word_1_575' title='bbox 1769 2379 1807 2419; x_wconf 76' lang='grc' dir='ltr'><strong>δι</strong></span> <span class='ocrx_word' id='word_1_576' title='bbox 1830 2377 2026 2429; x_wconf 87' lang='lat' dir='ltr'><strong>honesta,</strong></span> <span class='ocrx_word' id='word_1_577' title='bbox 2055 2377 2293 2435; x_wconf 88' lang='lat' dir='ltr'><strong>Apostolica</strong></span> <span class='ocrx_word' id='word_1_578' title='bbox 2325 2382 2466 2422; x_wconf 65' lang='lat' dir='ltr'><strong>austo-</strong></span> 
     </span>
     <span class='ocr_line' id='line_1_95' title="bbox 1430 2437 2464 2492; baseline -0.001 -12"><span class='ocrx_word' id='word_1_579' title='bbox 1430 2438 1580 2486; x_wconf 88' lang='lat' dir='ltr'><strong>ritate,</strong></span> <span class='ocrx_word' id='word_1_580' title='bbox 1616 2445 1763 2477; x_wconf 89' lang='lat' dir='ltr'><strong>tenore</strong></span> <span class='ocrx_word' id='word_1_581' title='bbox 1806 2437 2064 2490; x_wconf 84' lang='lat' dir='ltr'><strong>praesentium</strong></span> <span class='ocrx_word' id='word_1_582' title='bbox 2097 2437 2398 2492; x_wconf 82' lang='lat' dir='ltr'><strong>approbamus,</strong></span> <span class='ocrx_word' id='word_1_583' title='bbox 2425 2439 2464 2479; x_wconf 72' lang='grc' dir='ltr'><strong>δε</strong></span> 
     </span>
    </p>
   </div>
   <div class='ocr_carea' id='block_1_8' title="bbox 1414 2493 2466 2550">
    <p class='ocr_par' dir='ltr' id='par_1_11' title="bbox 1414 2493 2466 2550">
     <span class='ocr_line' id='line_1_96' title="bbox 1414 2493 2466 2550; baseline 0.001 -12"><span class='ocrx_word' id='word_1_584' title='bbox 1414 2493 1748 2544; x_wconf 77' lang='lat' dir='ltr'><strong>,confirmamus‚</strong></span> <span class='ocrx_word' id='word_1_585' title='bbox 1779 2493 1938 2546; x_wconf 89' lang='lat' dir='ltr'><strong>illisque</strong></span> <span class='ocrx_word' id='word_1_586' title='bbox 1964 2507 2198 2550; x_wconf 85' lang='lat' dir='ltr'><strong>perpetuae,</strong></span> <span class='ocrx_word' id='word_1_587' title='bbox 2227 2497 2268 2536; x_wconf 93' lang='lat'>&amp;</span> <span class='ocrx_word' id='word_1_588' title='bbox 2296 2497 2466 2539; x_wconf 77' lang='lat' dir='ltr'><strong>inviola-</strong></span> 
     </span>
    </p>
   </div>
   <div class='ocr_carea' id='block_1_9' title="bbox 1425 2550 2466 3901">
    <p class='ocr_par' dir='ltr' id='par_1_12' title="bbox 1425 2550 2466 3901">
     <span class='ocr_line' id='line_1_97' title="bbox 1428 2550 2462 2611; baseline 0 -15"><span class='ocrx_word' id='word_1_589' title='bbox 1428 2553 1526 2599; x_wconf 63' lang='lat' dir='ltr'><strong>’bilis</strong></span> <span class='ocrx_word' id='word_1_590' title='bbox 1555 2550 1757 2595; x_wconf 87' lang='lat' dir='ltr'><strong>firmitatis</strong></span> <span class='ocrx_word' id='word_1_591' title='bbox 1783 2551 1910 2593; x_wconf 89' lang='lat' dir='ltr'><strong>robur</strong></span> <span class='ocrx_word' id='word_1_592' title='bbox 1938 2552 2180 2610; x_wconf 82' lang='lat' dir='ltr'><strong>adjicimus,</strong></span> <span class='ocrx_word' id='word_1_593' title='bbox 2210 2557 2462 2611; x_wconf 87' lang='lat' dir='ltr'><strong>omnesque,</strong></span> 
     </span>
     <span class='ocr_line' id='line_1_98' title="bbox 1433 2610 2465 2667; baseline 0.003 -16"><span class='ocrx_word' id='word_1_594' title='bbox 1433 2610 1675 2667; x_wconf 61' lang='lat' dir='ltr'><strong>&amp;fingulos</strong></span> <span class='ocrx_word' id='word_1_595' title='bbox 1702 2621 1783 2654; x_wconf 88' lang='lat' dir='ltr'><strong>tam</strong></span> <span class='ocrx_word' id='word_1_596' title='bbox 1823 2610 1951 2667; x_wconf 84' lang='lat' dir='ltr'><strong>juris,</strong></span> <span class='ocrx_word' id='word_1_597' title='bbox 1982 2616 2099 2667; x_wconf 73' lang='lat' dir='ltr'><strong>quam</strong></span> <span class='ocrx_word' id='word_1_598' title='bbox 2137 2613 2228 2655; x_wconf 68' lang='lat' dir='ltr'><strong>faoi</strong></span> <span class='ocrx_word' id='word_1_599' title='bbox 2254 2611 2465 2666; x_wconf 67' lang='lat' dir='ltr'><strong>defectus,</strong></span> 
     </span>
     <span class='ocr_line' id='line_1_99' title="bbox 1435 2670 2466 2729; baseline 0.001 -14"><span class='ocrx_word' id='word_1_600' title='bbox 1435 2670 1464 2715; x_wconf 87' lang='lat' dir='ltr'><strong>fi</strong></span> <span class='ocrx_word' id='word_1_601' title='bbox 1488 2672 1560 2727; x_wconf 76' lang='lat' dir='ltr'><strong>&#39;qui</strong></span> <span class='ocrx_word' id='word_1_602' title='bbox 1582 2670 1715 2714; x_wconf 88' lang='lat' dir='ltr'><strong>forsan</strong></span> <span class='ocrx_word' id='word_1_603' title='bbox 1741 2670 2063 2722; x_wconf 85' lang='lat' dir='ltr'><strong>intervenerint,</strong></span> <span class='ocrx_word' id='word_1_604' title='bbox 2079 2674 2118 2714; x_wconf 89' lang='lat' dir='ltr'><strong>in</strong></span> <span class='ocrx_word' id='word_1_605' title='bbox 2131 2673 2279 2716; x_wconf 88' lang='lat' dir='ltr'><strong>eisdem</strong></span> <span class='ocrx_word' id='word_1_606' title='bbox 2305 2672 2466 2729; x_wconf 87' lang='lat' dir='ltr'><strong>supple-</strong></span> 
     </span>
     <span class='ocr_line' id='line_1_100' title="bbox 1435 2728 2463 2789; baseline 0.001 -14"><span class='ocrx_word' id='word_1_607' title='bbox 1435 2744 1544 2781; x_wconf 76' lang='lat' dir='ltr'><strong>muS,</strong></span> <span class='ocrx_word' id='word_1_608' title='bbox 1561 2728 1724 2787; x_wconf 83' lang='lat' dir='ltr'><strong>illaque</strong></span> <span class='ocrx_word' id='word_1_609' title='bbox 1751 2729 1885 2772; x_wconf 89' lang='lat' dir='ltr'><strong>omnia</strong></span> <span class='ocrx_word' id='word_1_610' title='bbox 1913 2731 1962 2772; x_wconf 87' lang='lat' dir='ltr'><strong>ab</strong></span> <span class='ocrx_word' id='word_1_611' title='bbox 1987 2731 2171 2774; x_wconf 88' lang='lat' dir='ltr'><strong>omnibus</strong></span> <span class='ocrx_word' id='word_1_612' title='bbox 2196 2760 2208 2783; x_wconf 91' lang='lat'><strong>,</strong></span> <span class='ocrx_word' id='word_1_613' title='bbox 2249 2747 2351 2789; x_wconf 91' lang='lat' dir='ltr'><strong>quos</strong></span> <span class='ocrx_word' id='word_1_614' title='bbox 2393 2732 2463 2776; x_wconf 84' lang='lat' dir='ltr'><strong>illa</strong></span> 
     </span>
     <span class='ocr_line' id='line_1_101' title="bbox 1434 2787 2461 2844; baseline 0.003 -12"><span class='ocrx_word' id='word_1_615' title='bbox 1434 2791 1687 2833; x_wconf 80' lang='lat' dir='ltr'><strong>concernunt</strong></span> <span class='ocrx_word' id='word_1_616' title='bbox 1703 2818 1717 2841; x_wconf 88' lang='lat'><strong>,</strong></span> <span class='ocrx_word' id='word_1_617' title='bbox 1738 2787 2031 2832; x_wconf 88' lang='lat' dir='ltr'><strong>inviolabiliter</strong></span> <span class='ocrx_word' id='word_1_618' title='bbox 2055 2789 2261 2834; x_wconf 90' lang='lat' dir='ltr'><strong>observari</strong></span> <span class='ocrx_word' id='word_1_619' title='bbox 2277 2792 2430 2835; x_wconf 85' lang='lat' dir='ltr'><strong>debere</strong></span> <span class='ocrx_word' id='word_1_620' title='bbox 2444 2822 2461 2844; x_wconf 87' lang='lat'><strong>,</strong></span> 
     </span>
     <span class='ocr_line' id='line_1_102' title="bbox 1433 2847 2464 2907; baseline 0.002 -16"><span class='ocrx_word' id='word_1_621' title='bbox 1433 2851 1566 2906; x_wconf 74' lang='lat' dir='ltr'><strong>sicque</strong></span> <span class='ocrx_word' id='word_1_622' title='bbox 1591 2863 1666 2907; x_wconf 87' lang='lat' dir='ltr'><strong>per</strong></span> <span class='ocrx_word' id='word_1_623' title='bbox 1691 2847 1963 2905; x_wconf 85' lang='lat' dir='ltr'><strong>quoscumque</strong></span> <span class='ocrx_word' id='word_1_624' title='bbox 1985 2848 2178 2905; x_wconf 87' lang='lat' dir='ltr'><strong>Judices,</strong></span> <span class='ocrx_word' id='word_1_625' title='bbox 2203 2850 2464 2894; x_wconf 86' lang='lat' dir='ltr'><strong>&amp;Commis-</strong></span> 
     </span>
     <span class='ocr_line' id='line_1_103' title="bbox 1433 2906 2463 2965; baseline 0 -13"><span class='ocrx_word' id='word_1_626' title='bbox 1433 2907 1552 2952; x_wconf 76' lang='lat' dir='ltr'><strong>sarios</strong></span> <span class='ocrx_word' id='word_1_627' title='bbox 1571 2937 1584 2959; x_wconf 90' lang='lat'><strong>,</strong></span> <span class='ocrx_word' id='word_1_628' title='bbox 1608 2909 1749 2965; x_wconf 92' lang='lat' dir='ltr'><strong>quavis</strong></span> <span class='ocrx_word' id='word_1_629' title='bbox 1773 2907 2022 2958; x_wconf 63' lang='lat' dir='ltr'><strong>auctoritate</strong></span> <span class='ocrx_word' id='word_1_630' title='bbox 2036 2906 2254 2965; x_wconf 86' lang='lat' dir='ltr'><strong>fungentes</strong></span> <span class='ocrx_word' id='word_1_631' title='bbox 2271 2940 2285 2962; x_wconf 85' lang='lat'>‚</span> <span class='ocrx_word' id='word_1_632' title='bbox 2309 2910 2463 2959; x_wconf 82' lang='lat' dir='ltr'><strong>sublata</strong></span> 
     </span>
     <span class='ocr_line' id='line_1_104' title="bbox 1432 2966 2464 3026; baseline -0.001 -14"><span class='ocrx_word' id='word_1_633' title='bbox 1432 2970 1519 3020; x_wconf 89' lang='lat' dir='ltr'><strong>eis,</strong></span> <span class='ocrx_word' id='word_1_634' title='bbox 1546 2969 1586 3008; x_wconf 78' lang='grc' dir='ltr'><strong>δε</strong></span> <span class='ocrx_word' id='word_1_635' title='bbox 1612 2980 1752 3010; x_wconf 85' lang='lat' dir='ltr'><strong>eorum</strong></span> <span class='ocrx_word' id='word_1_636' title='bbox 1780 2966 1984 3018; x_wconf 88' lang='lat' dir='ltr'><strong>cuilibet,</strong></span> <span class='ocrx_word' id='word_1_637' title='bbox 2018 2969 2158 3024; x_wconf 90' lang='lat' dir='ltr'><strong>quavis</strong></span> <span class='ocrx_word' id='word_1_638' title='bbox 2204 2969 2326 3013; x_wconf 88' lang='lat' dir='ltr'><strong>aliter</strong></span> <span class='ocrx_word' id='word_1_639' title='bbox 2361 2969 2464 3026; x_wconf 87' lang='lat' dir='ltr'><strong>judi-</strong></span> 
     </span>
     <span class='ocr_line' id='line_1_105' title="bbox 1431 3024 2464 3083; baseline 0.001 -14"><span class='ocrx_word' id='word_1_640' title='bbox 1431 3025 1551 3069; x_wconf 88' lang='lat' dir='ltr'><strong>candi</strong></span> <span class='ocrx_word' id='word_1_641' title='bbox 1586 3025 1815 3077; x_wconf 86' lang='lat' dir='ltr'><strong>facultate,</strong></span> <span class='ocrx_word' id='word_1_642' title='bbox 1840 3024 2016 3083; x_wconf 85' lang='lat' dir='ltr'><strong>judicari</strong></span> <span class='ocrx_word' id='word_1_643' title='bbox 2042 3025 2199 3071; x_wconf 88' lang='lat' dir='ltr'><strong>debere</strong></span> <span class='ocrx_word' id='word_1_644' title='bbox 2218 3042 2234 3071; x_wconf 89' lang='lat'><strong>.·</strong></span> <span class='ocrx_word' id='word_1_645' title='bbox 2260 3028 2464 3071; x_wconf 57' lang='lat' dir='ltr'><strong>irritum</strong></span> 
     </span>
     <span class='ocr_line' id='line_1_106' title="bbox 1432 3083 2463 3143; baseline 0.002 -16"><span class='ocrx_word' id='word_1_646' title='bbox 1432 3099 1625 3143; x_wconf 84' lang='lat' dir='ltr'><strong>quoque,</strong></span> <span class='ocrx_word' id='word_1_647' title='bbox 1648 3087 1852 3136; x_wconf 85' lang='lat' dir='ltr'><strong>&amp;inane,</strong></span> <span class='ocrx_word' id='word_1_648' title='bbox 1872 3084 1897 3127; x_wconf 86' lang='lat' dir='ltr'><strong>fi</strong></span> <span class='ocrx_word' id='word_1_649' title='bbox 1926 3085 2036 3128; x_wconf 91' lang='lat' dir='ltr'><strong>secus</strong></span> <span class='ocrx_word' id='word_1_650' title='bbox 2053 3083 2174 3142; x_wconf 80' lang='lat' dir='ltr'><strong>super</strong></span> <span class='ocrx_word' id='word_1_651' title='bbox 2200 3086 2288 3137; x_wconf 83' lang='lat' dir='ltr'><strong>his,</strong></span> <span class='ocrx_word' id='word_1_652' title='bbox 2316 3089 2339 3130; x_wconf 75' lang='lat' dir='ltr'><strong>a</strong></span> <span class='ocrx_word' id='word_1_653' title='bbox 2367 3099 2463 3143; x_wconf 89' lang='lat' dir='ltr'><strong>quo·-</strong></span> 
     </span>
     <span class='ocr_line' id='line_1_107' title="bbox 1430 3144 2463 3202; baseline 0 -15"><span class='ocrx_word' id='word_1_654' title='bbox 1430 3159 1553 3202; x_wconf 88' lang='lat' dir='ltr'><strong>quam</strong></span> <span class='ocrx_word' id='word_1_655' title='bbox 1570 3175 1583 3197; x_wconf 92' lang='lat'><strong>,</strong></span> <span class='ocrx_word' id='word_1_656' title='bbox 1597 3147 1737 3200; x_wconf 88' lang='lat' dir='ltr'><strong>quavis</strong></span> <span class='ocrx_word' id='word_1_657' title='bbox 1762 3144 2029 3196; x_wconf 62' lang='lat' dir='ltr'><strong>auctoritate,</strong></span> <span class='ocrx_word' id='word_1_658' title='bbox 2045 3144 2247 3197; x_wconf 87' lang='lat' dir='ltr'><strong>scienter,</strong></span> <span class='ocrx_word' id='word_1_659' title='bbox 2267 3145 2332 3189; x_wconf 89' lang='lat' dir='ltr'><strong>vel</strong></span> <span class='ocrx_word' id='word_1_660' title='bbox 2348 3146 2463 3201; x_wconf 59' lang='lat' dir='ltr'><strong>igno»</strong></span> 
     </span>
     <span class='ocr_line' id='line_1_108' title="bbox 1432 3203 2462 3261; baseline 0 -15"><span class='ocrx_word' id='word_1_661' title='bbox 1432 3214 1570 3247; x_wconf 89' lang='lat' dir='ltr'><strong>ranter</strong></span> <span class='ocrx_word' id='word_1_662' title='bbox 1584 3204 1807 3261; x_wconf 86' lang='lat' dir='ltr'><strong>contigerit</strong></span> <span class='ocrx_word' id='word_1_663' title='bbox 1821 3203 2034 3256; x_wconf 89' lang='lat' dir='ltr'><strong>attentari,</strong></span> <span class='ocrx_word' id='word_1_664' title='bbox 2046 3203 2302 3248; x_wconf 88' lang='lat' dir='ltr'><strong>decernimus</strong></span> <span class='ocrx_word' id='word_1_665' title='bbox 2316 3235 2328 3244; x_wconf 86' lang='lat'><strong>.</strong></span> <span class='ocrx_word' id='word_1_666' title='bbox 2343 3207 2462 3261; x_wconf 89' lang='lat' dir='ltr'><strong>Quo-</strong></span> 
     </span>
     <span class='ocr_line' id='line_1_109' title="bbox 1431 3263 2461 3321; baseline 0 -15"><span class='ocrx_word' id='word_1_667' title='bbox 1431 3264 1543 3321; x_wconf 79' lang='lat' dir='ltr'><strong>circa</strong></span> <span class='ocrx_word' id='word_1_668' title='bbox 1571 3263 1889 3309; x_wconf 82' lang='lat' dir='ltr'><strong>venerabilibus</strong></span> <span class='ocrx_word' id='word_1_669' title='bbox 1908 3263 2117 3307; x_wconf 86' lang='lat' dir='ltr'><strong>Fratribus</strong></span> <span class='ocrx_word' id='word_1_670' title='bbox 2143 3264 2405 3321; x_wconf 86' lang='lat' dir='ltr'><strong>Fulginaten.</strong></span> <span class='ocrx_word' id='word_1_671' title='bbox 2422 3266 2461 3306; x_wconf 83' lang='lat'>&amp;</span> 
     </span>
     <span class='ocr_line' id='line_1_110' title="bbox 1433 3321 2459 3379; baseline -0.003 -12"><span class='ocrx_word' id='word_1_672' title='bbox 1433 3321 1612 3367; x_wconf 84' lang='lat' dir='ltr'><strong>Affifien.</strong></span> <span class='ocrx_word' id='word_1_673' title='bbox 1639 3324 1878 3379; x_wconf 86' lang='lat' dir='ltr'><strong>Episcopis,</strong></span> <span class='ocrx_word' id='word_1_674' title='bbox 1901 3322 1983 3366; x_wconf 88' lang='lat' dir='ltr'><strong>five</strong></span> <span class='ocrx_word' id='word_1_675' title='bbox 2009 3336 2152 3366; x_wconf 86' lang='lat' dir='ltr'><strong>eorum</strong></span> <span class='ocrx_word' id='word_1_676' title='bbox 2179 3325 2220 3367; x_wconf 88' lang='lat' dir='ltr'><strong>in</strong></span> <span class='ocrx_word' id='word_1_677' title='bbox 2247 3321 2459 3379; x_wconf 86' lang='lat' dir='ltr'><strong>spirituali.</strong></span> 
     </span>
     <span class='ocr_line' id='line_1_111' title="bbox 1433 3381 2461 3433; baseline -0.001 -8"><span class='ocrx_word' id='word_1_678' title='bbox 1433 3382 1508 3425; x_wconf 88' lang='lat' dir='ltr'><strong>bus</strong></span> <span class='ocrx_word' id='word_1_679' title='bbox 1543 3383 1716 3425; x_wconf 81' lang='lat' dir='ltr'><strong>vicariis</strong></span> <span class='ocrx_word' id='word_1_680' title='bbox 1743 3382 2049 3433; x_wconf 88' lang='lat' dir='ltr'><strong>Generalibus,</strong></span> <span class='ocrx_word' id='word_1_681' title='bbox 2085 3396 2131 3423; x_wconf 89' lang='lat' dir='ltr'><strong>ac</strong></span> <span class='ocrx_word' id='word_1_682' title='bbox 2170 3381 2332 3425; x_wconf 62' lang='lat' dir='ltr'><strong>Dilecto</strong></span> <span class='ocrx_word' id='word_1_683' title='bbox 2358 3381 2461 3424; x_wconf 87' lang='lat' dir='ltr'><strong>Filio</strong></span> 
     </span>
     <span class='ocr_line' id='line_1_112' title="bbox 1431 3441 2461 3496; baseline -0.001 -11"><span class='ocrx_word' id='word_1_684' title='bbox 1431 3442 1570 3485; x_wconf 90' lang='lat' dir='ltr'><strong>Curiae</strong></span> <span class='ocrx_word' id='word_1_685' title='bbox 1596 3445 1821 3485; x_wconf 88' lang='lat' dir='ltr'><strong>Causarum</strong></span> <span class='ocrx_word' id='word_1_686' title='bbox 1844 3445 2031 3486; x_wconf 88' lang='lat' dir='ltr'><strong>Camerae</strong></span> <span class='ocrx_word' id='word_1_687' title='bbox 2053 3441 2293 3496; x_wconf 84' lang='lat' dir='ltr'><strong>Apostolicae</strong></span> <span class='ocrx_word' id='word_1_688' title='bbox 2320 3443 2461 3484; x_wconf 89' lang='lat' dir='ltr'><strong>Gene-</strong></span> 
     </span>
     <span class='ocr_line' id='line_1_113' title="bbox 1429 3499 2462 3559; baseline 0 -15"><span class='ocrx_word' id='word_1_689' title='bbox 1429 3501 1506 3544; x_wconf 89' lang='lat' dir='ltr'><strong>rali</strong></span> <span class='ocrx_word' id='word_1_690' title='bbox 1527 3499 1722 3543; x_wconf 89' lang='lat' dir='ltr'><strong>Auditori</strong></span> <span class='ocrx_word' id='word_1_691' title='bbox 1734 3530 1748 3553; x_wconf 89' lang='lat'><strong>,</strong></span> <span class='ocrx_word' id='word_1_692' title='bbox 1762 3515 1837 3558; x_wconf 91' lang='lat' dir='ltr'><strong>per</strong></span> <span class='ocrx_word' id='word_1_693' title='bbox 1852 3499 2066 3559; x_wconf 87' lang='lat' dir='ltr'><strong>praesentes</strong></span> <span class='ocrx_word' id='word_1_694' title='bbox 2091 3501 2380 3543; x_wconf 86' lang='lat' dir='ltr'><strong>committimus</strong></span> <span class='ocrx_word' id='word_1_695' title='bbox 2395 3529 2409 3552; x_wconf 90' lang='lat'><strong>,</strong></span> <span class='ocrx_word' id='word_1_696' title='bbox 2421 3503 2462 3544; x_wconf 75' lang='grc' dir='ltr'><strong>δε</strong></span> 
     </span>
     <span class='ocr_line' id='line_1_114' title="bbox 1428 3556 2459 3617; baseline 0.001 -15"><span class='ocrx_word' id='word_1_697' title='bbox 1428 3559 1696 3611; x_wconf 78' lang='lat' dir='ltr'><strong>mandamuS‚</strong></span> <span class='ocrx_word' id='word_1_698' title='bbox 1729 3571 1930 3617; x_wconf 86' lang='lat' dir='ltr'><strong>quatenus</strong></span> <span class='ocrx_word' id='word_1_699' title='bbox 1966 3556 2078 3615; x_wconf 81' lang='lat' dir='ltr'><strong>ipse,</strong></span> <span class='ocrx_word' id='word_1_700' title='bbox 2111 3558 2176 3603; x_wconf 86' lang='lat' dir='ltr'><strong>vel</strong></span> <span class='ocrx_word' id='word_1_701' title='bbox 2218 3561 2303 3603; x_wconf 92' lang='lat' dir='ltr'><strong>duo</strong></span> <span class='ocrx_word' id='word_1_702' title='bbox 2334 3590 2348 3612; x_wconf 86' lang='lat'><strong>,</strong></span> <span class='ocrx_word' id='word_1_703' title='bbox 2389 3571 2459 3604; x_wconf 85' lang='lat' dir='ltr'><strong>aut</strong></span> 
     </span>
     <span class='ocr_line' id='line_1_115' title="bbox 1427 3616 2456 3676; baseline -0.002 -13"><span class='ocrx_word' id='word_1_704' title='bbox 1427 3633 1529 3663; x_wconf 89' lang='lat' dir='ltr'><strong>unus</strong></span> <span class='ocrx_word' id='word_1_705' title='bbox 1556 3633 1699 3663; x_wconf 85' lang='lat' dir='ltr'><strong>eorum</strong></span> <span class='ocrx_word' id='word_1_706' title='bbox 1728 3633 1804 3676; x_wconf 89' lang='lat' dir='ltr'><strong>per</strong></span> <span class='ocrx_word' id='word_1_707' title='bbox 1841 3619 1908 3671; x_wconf 91' lang='lat' dir='ltr'><strong>se,</strong></span> <span class='ocrx_word' id='word_1_708' title='bbox 1947 3617 2012 3660; x_wconf 77' lang='lat' dir='ltr'><strong>vel</strong></span> <span class='ocrx_word' id='word_1_709' title='bbox 2042 3616 2191 3671; x_wconf 90' lang='lat' dir='ltr'><strong>alium,</strong></span> <span class='ocrx_word' id='word_1_710' title='bbox 2226 3621 2292 3662; x_wconf 89' lang='lat' dir='ltr'><strong>seu</strong></span> <span class='ocrx_word' id='word_1_711' title='bbox 2322 3619 2456 3674; x_wconf 89' lang='lat' dir='ltr'><strong>alios,</strong></span> 
     </span>
     <span class='ocr_line' id='line_1_116' title="bbox 1427 3676 2456 3736; baseline 0.001 -15"><span class='ocrx_word' id='word_1_712' title='bbox 1427 3678 1642 3736; x_wconf 83' lang='lat' dir='ltr'><strong>praesentes</strong></span> <span class='ocrx_word' id='word_1_713' title='bbox 1657 3678 1795 3722; x_wconf 86' lang='lat' dir='ltr'><strong>literas</strong></span> <span class='ocrx_word' id='word_1_714' title='bbox 1809 3709 1824 3729; x_wconf 96' lang='lat'><strong>,</strong></span> <span class='ocrx_word' id='word_1_715' title='bbox 1855 3676 1947 3719; x_wconf 86' lang='lat' dir='ltr'><strong>&amp;in</strong></span> <span class='ocrx_word' id='word_1_716' title='bbox 1970 3676 2029 3718; x_wconf 88' lang='lat' dir='ltr'><strong>eis</strong></span> <span class='ocrx_word' id='word_1_717' title='bbox 2046 3689 2239 3721; x_wconf 82' lang='lat' dir='ltr'><strong>contenta</strong></span> <span class='ocrx_word' id='word_1_718' title='bbox 2255 3693 2456 3736; x_wconf 81' lang='lat' dir='ltr'><strong>quaecum-</strong></span> 
     </span>
     <span class='ocr_line' id='line_1_117' title="bbox 1425 3735 2455 3795; baseline 0.002 -14"><span class='ocrx_word' id='word_1_719' title='bbox 1425 3753 1535 3795; x_wconf 82' lang='lat' dir='ltr'><strong>que,</strong></span> <span class='ocrx_word' id='word_1_720' title='bbox 1566 3739 1668 3790; x_wconf 89' lang='lat' dir='ltr'><strong>ubi,</strong></span> <span class='ocrx_word' id='word_1_721' title='bbox 1697 3740 1736 3779; x_wconf 89' lang='lat'>&amp;</span> <span class='ocrx_word' id='word_1_722' title='bbox 1760 3735 1954 3795; x_wconf 76' lang='lat' dir='ltr'><strong>quantum</strong></span> <span class='ocrx_word' id='word_1_723' title='bbox 1980 3749 2078 3791; x_wconf 90' lang='lat' dir='ltr'><strong>opus</strong></span> <span class='ocrx_word' id='word_1_724' title='bbox 2102 3735 2256 3790; x_wconf 85' lang='lat' dir='ltr'><strong>suerit,</strong></span> <span class='ocrx_word' id='word_1_725' title='bbox 2287 3754 2334 3782; x_wconf 85' lang='lat' dir='ltr'><strong>ac</strong></span> <span class='ocrx_word' id='word_1_726' title='bbox 2352 3755 2455 3795; x_wconf 90' lang='lat' dir='ltr'><strong>quo-</strong></span> 
     </span>
     <span class='ocr_line' id='line_1_118' title="bbox 1427 3796 2452 3877; baseline 0.001 -36"><span class='ocrx_word' id='word_1_727' title='bbox 1427 3799 1507 3841; x_wconf 86' lang='lat' dir='ltr'><strong>ties</strong></span> <span class='ocrx_word' id='word_1_728' title='bbox 1539 3812 1617 3877; x_wconf 74' lang='lat' dir='ltr'><strong>pro</strong></span> <span class='ocrx_word' id='word_1_729' title='bbox 1647 3808 1764 3855; x_wconf 87' lang='lat' dir='ltr'><strong>parte</strong></span> <span class='ocrx_word' id='word_1_730' title='bbox 1801 3796 1999 3839; x_wconf 63' lang='lat' dir='ltr'><strong>dictorum</strong></span> <span class='ocrx_word' id='word_1_731' title='bbox 2031 3798 2209 3853; x_wconf 80' lang='lat' dir='ltr'><strong>Angeli,</strong></span> <span class='ocrx_word' id='word_1_732' title='bbox 2239 3800 2277 3841; x_wconf 76' lang='grc' dir='ltr'><strong>δε</strong></span> <span class='ocrx_word' id='word_1_733' title='bbox 2308 3798 2452 3856; x_wconf 83' lang='lat' dir='ltr'><strong>Justini</strong></span> 
     </span>
     <span class='ocr_line' id='line_1_119' title="bbox 1482 3880 1518 3901; baseline 0 -11"><span class='ocrx_word' id='word_1_734' title='bbox 1482 3880 1518 3901; x_wconf 50' lang='lat' dir='ltr'><strong>a&gt;</strong></span> 
     </span>
    </p>
   </div>
   <div class='ocr_carea' id='block_1_10' title="bbox 2301 3858 2392 3901">
    <p class='ocr_par' dir='ltr' id='par_1_13' title="bbox 2301 3858 2392 3901">
     <span class='ocr_line' id='line_1_120' title="bbox 2301 3858 2392 3901; baseline 0 0"><span class='ocrx_word' id='word_1_735' title='bbox 2301 3858 2392 3901; x_wconf 87' lang='lat' dir='ltr'><strong>fue-</strong></span> 
     </span>
    </p>
   </div>
  </div>
 </body>
</html>
