2710 4108
270 358 388 397 annis
416 354 640 396 membrum
659 376 674 400 ,
699 354 768 394 aut
796 348 857 393 illi
879 361 1111 399 annexum,
1140 348 1208 391 vel
1237 347 1306 390 sub

271 413 382 455 illius
412 410 695 468 dependentia
719 409 988 462 remanserit,
1016 409 1056 448 &
1084 409 1110 449 li
1136 405 1304 464 praefata

270 472 454 514 Ecclesia
483 474 522 514 S.
544 469 747 513 Petriana
762 482 851 511 cum
869 466 956 524 ejus
977 471 1136 516 Domo,
1165 476 1313 522 quate·

269 544 346 574 rius
360 531 459 574 ‘adsit
472 559 486 581 ,
501 531 539 571 &
564 530 640 571 situ
654 527 713 570 illi
727 526 948 583 adjacenti,
966 523 1136 582 praefatis
1157 526 1315 569 fratri-

263 592 370 638 bus,
386 589 434 632 ad
455 588 639 632 effectum
654 587 749 629 inibi
767 599 913 629 novam
931 588 1104 627 Domum
1123 583 1309 641 Regula-

272 662 360 693 rem
375 646 558 704 ejusdem
567 645 733 689 Ordinis
749 644 964 689 extruendi
980 644 1308 694 concederetur,

269 704 621 762 acMissae,aliaque
632 704 836 755 onera,illi
849 702 1075 754 annexa‚ad
1090 701 1312 746 Ecclesiam

278 771 324 811 8.
334 766 495 823 Joannis
510 763 713 822 praefatam
725 761 1062 813 transferrentur,
1075 762 1233 817 aliaque
1247 760 1311 802 in-

278 825 494 881 frascripta
526 822 702 873 fierent,
733 821 876 878 procul
899 819 1026 863 dubio
1052 821 1089 864 in
1112 818 1306 863 Ecclesiis

269 883 492 940 s-Joannis
506 910 521 934 ,
551 883 591 924 ἃ.
618 883 658 924 S.
675 882 789 924 Petri
816 879 1040 935 hujusmodi
1064 878 1191 921 divini
1219 877 1306 920 cul-

271 941 339 986 (ἃς
360 951 634 999 augumento,
667 938 1006 996 praefatorumque
1035 940 1247 986 Fratrum,
1268 937 1309 979 &

272 1002 421 1058 Populi
439 999 588 1056 praefati
616 997 808 1055 spirituali
825 995 1119 1049 consolationi,
1138 998 1179 1038 δε
1193 1009 1307 1039 com-

267 1060 536 1104 moditatibus
551 1055 782 1114 opportuna
799 1057 955 1100 ratione
967 1054 1250 1098 consuleretur
1261 1082 1275 1096 .

335 1119 573 1175 supplicant
593 1117 715 1171 igitur
741 1115 951 1158 humiliter
974 1114 1187 1157 sanctitati
1217 1113 1306 1156 Ve-

272 1177 359 1223 firae
373 1178 511 1221 devoti
526 1176 632 1219 illius
647 1179 841 1218 Oratores
853 1203 869 1225 ,
883 1172 1139 1216 Guardianus
1155 1174 1195 1214 δι
1207 1173 1301 1216 Fra-

271 1246 359 1282 tres
373 1236 484 1279 dieta
501 1238 653 1278 Domus
667 1261 680 1283 ,
711 1243 907 1291 quatenus
928 1232 969 1274 in
1003 1231 1206 1288 praemillis
1230 1245 1302 1287 op.

272 1296 452 1354 portune
467 1293 744 1351 providendo,
761 1290 938 1348 ipsosque
959 1289 1142 1346 specialis
1163 1291 1305 1347 gratioe

274 1354 416 1397 favore
434 1351 715 1411 prosequendo
726 1381 742 1404 ,
755 1353 777 1392 a
793 1350 897 1393 dic'ta
921 1349 1103 1393 Ecclesia
1134 1353 1175 1393 S.
1191 1348 1304 1393 Petri

274 1411 406 1457 Missas
419 1442 436 1463 ,
466 1412 670 1455 servitium
687 1438 702 1461 ,
731 1422 880 1460 onera,
894 1423 938 1451 ac
954 1407 1042 1464 jura
1056 1421 1305 1465 quaecunque

272 1471 326 1514 ad
344 1470 565 1514 Ecclesiam
590 1474 633 1514 S.
648 1469 812 1514 Ioannis
828 1467 1030 1525 praefatam
1042 1494 1057 1519 ,
1088 1469 1128 1509 &
1141 1465 1304 1522 aliquod

273 1531 419 1575 Altare
434 1530 472 1572 in
488 1530 534 1572 e'a
552 1531 690 1578 situm,
705 1527 756 1571 ad
770 1527 810 1570 id
822 1528 870 1571 ab
884 1526 1104 1568 Ordinatio
1121 1528 1217 1570 Loci
1235 1525 1306 1568 de-

272 1587 758 1645 fignandum,Apostolica
773 1585 1103 1636 Auctoritate,de
1115 1583 1307 1627 consensu

273 1648 459 1692 moderni
487 1649 601 1691 dietae
626 1644 814 1690 Ecclesiae
854 1648 896 1687 S.
920 1645 1078 1686 Ioannis
1115 1643 1304 1687 Restoris

271 1705 500 1751 transferre
515 1737 528 1760 ,
557 1704 760 1761 ipsamque
786 1703 835 1747 ab
849 1703 1035 1747 omnibus
1050 1731 1065 1754 ,
1091 1704 1131 1744 δι
1144 1698 1305 1758 quibus-

275 1780 437 1821 cunque
462 1766 651 1808 oneribus
669 1762 890 1820 hujusmodi
916 1761 1087 1805 liberam
1112 1764 1188 1805 una
1209 1774 1302 1803 cum

274 1824 451 1869 aedificiis
466 1853 481 1874 ,
513 1834 713 1880 quatenus
737 1820 891 1872 adfint,
913 1819 1011 1873 fitu,
1032 1821 1160 1863 hortis
1177 1849 1192 1872 ,
1215 1830 1303 1863 ter-

271 1884 383 1928 renis
400 1912 414 1934 ,
443 1883 480 1923 &
497 1881 699 1937 quibusvis
715 1880 966 1936 pertinentiis
980 1907 994 1931 ,
1009 1879 1069 1922 illi
1082 1878 1305 1936 adjacenti-

276 1945 378 1993 bus,
403 1941 575 1997 cujusvis
601 1939 835 1997 qualitatis,
865 1941 904 1980 &
932 1938 1077 1982 valoris
1106 1938 1304 1989 existant,

273 2001 390 2043 dictis
406 2000 645 2043 Guardiano
662 2027 676 2050 ,
695 2000 735 2039 &
749 1997 957 2041 Fratribus
973 1996 1023 2039 ad
1037 1996 1220 2040 effeetum
1233 1997 1308 2038 ibi-

273 2059 369 2103 dem
393 2073 538 2102 novam
556 2061 729 2100 Domum
746 2056 1002 2111 Regularem
1030 2055 1125 2098 dieti
1141 2055 1306 2098 Ordinis

271 2116 466 2161 fundandi
489 2146 502 2168 ,
518 2116 583 2159 seu
599 2115 853 2157 construendi
869 2124 1026 2156 tantum
1041 2141 1056 2163 ,
1083 2115 1173 2157 vice
1191 2112 1307 2157 versa

271 2180 375 2221 vero
410 2174 577 2232 praefato
604 2176 767 2217 Rectori
781 2202 795 2224 ,
811 2172 976 2230 ejusque
1006 2171 1305 2217 Succefforibus

272 2235 497 2280 Ecclesiam
515 2234 759 2290 primodiciae
775 2235 928 2274 Domus
947 2231 1162 2288 Regularis
1177 2231 1310 2289 hujus-

273 2294 406 2345 modi,
419 2295 562 2350 praevia
576 2293 612 2335 in
627 2294 684 2336 eis
699 2292 793 2335 dicti
809 2291 974 2335 Ordinis
991 2290 1309 2349 suppreffione,fi

272 2368 371 2410 opus
385 2355 448 2405 sit,
461 2367 552 2395 eam
562 2351 813 2394 demoliendi
828 2379 842 2402 ,
853 2367 899 2395 ac
916 2352 1029 2393 situm
1044 2380 1058 2402 ,
1070 2349 1306 2407 hortosque,

272 2414 430 2455 Domos
454 2426 550 2454 cum
568 2412 751 2453 omnibus
769 2438 783 2460 ,
812 2411 852 2451 &
878 2409 1036 2464 singulis
1057 2410 1210 2467 juribus
1230 2438 1243 2462 ,
1267 2410 1305 2450 &

270 2471 530 2527 pertinentiis
547 2470 646 2521 suis,
660 2470 709 2512 ad
727 2468 910 2511 effectum
924 2482 975 2510 ex
1000 2483 1138 2512 eorum
1166 2470 1307 2512 annuis

270 2529 500 2572 redditibus
515 2557 528 2579 ,
544 2530 611 2584 qui
626 2529 674 2571 ad
688 2528 730 2569 id
757 2527 998 2570 sufficientes
1013 2536 1133 2569 erunt
1148 2556 1163 2580 ,
1179 2542 1305 2570 onera

269 2587 384 2630 dietae
402 2587 587 2631 Ecclefiae
614 2591 656 2630 S.
674 2586 788 2628 Petri
802 2586 1077 2629 incumbentia
1102 2585 1143 2628 in
1166 2587 1304 2630 dieta,

268 2646 444 2690 Ecclefia
462 2650 502 2689 S.
518 2646 680 2688 loannis
693 2675 709 2696 ,
725 2645 816 2694 seu,
831 2646 900 2687 ubi
913 2659 1013 2700 opus
1033 2644 1158 2688 fuerit
1177 2674 1192 2696 ,
1214 2642 1305 2702 sup-

271 2705 490 2762 portandi,
516 2705 556 2745 &
577 2703 858 2760 adimplendi,
889 2714 958 2747 aut
988 2702 1243 2759 supportari,
1265 2706 1307 2747 δε

268 2764 485 2821 adimpleri
502 2761 692 2814 faciendi,
707 2765 741 2805 A
748 2762 938 2819 postolica
956 2763 1198 2807 auctoritate
1211 2778 1307 2819 per-

266 2827 397 2879 petuo
409 2822 631 2879 respective
654 2821 890 2865 concedere
905 2849 919 2872 ,
943 2823 983 2863 &
994 2821 1189 2878 affignare
1205 2851 1219 2875 ,
1232 2823 1308 2866 eis:-

267 2883 446 2940 demque
472 2881 712 2924 Oratoribus
730 2910 746 2932 ,
777 2879 888 2938 quod
903 2894 953 2924 ex
974 2895 1082 2924 nunc
1111 2882 1307 2938 deinceps

266 2940 480 2999 perpetuis
511 2938 657 2983 futuris
689 2940 942 2996 temporibus
965 2937 1128 2996 praefata
1159 2940 1307 2984 Eccle-

262 3003 314 3044 fia
345 3005 384 3045 S.
403 2999 515 3043 Petri
539 2998 707 3056 praesato
727 3002 872 3044 saneto
890 3000 1068 3056 Jolepho
1083 3000 1238 3051 dicari,
1264 3001 1306 3042 δι

266 3059 530 3103 invocatione
560 3059 768 3115 S.Josephi
791 3057 1018 3115 hujusmodi
1032 3059 1220 3103 decorari
1234 3088 1250 3109 ,
1263 3060 1306 3100 δε

264 3119 315 3162 fic
335 3117 591 3162 denominari
607 3114 713 3172 posse
728 3147 741 3168 ,
758 3119 797 3158 δι
810 3118 966 3160 debere
981 3146 995 3169 ,
1010 3118 1154 3161 eadem
1169 3121 1304 3160 aueto-

262 3179 387 3221 ritate
401 3174 650 3228 concedere,
663 3177 704 3218 ὃς
717 3175 931 3231 indulgere
944 3190 959 3229 3
975 3175 1185 3233 praesentes
1201 3190 1302 3233 quo-

262 3251 371 3293 que,
400 3237 438 3277 &
455 3233 629 3289 desuper
658 3233 933 3277 conficiendas
959 3236 1118 3278 litteras
1132 3247 1303 3291 praerex·

263 3307 305 3337 tu
320 3322 334 3344 ,
365 3293 474 3351 quod
493 3293 608 3336 valor
624 3292 810 3336 Ecclesiae
825 3295 864 3335 S.
879 3295 1022 3347 Petri,
1048 3295 1088 3336 δε
1110 3294 1196 3352 ejus
1210 3308 1304 3348 per-

262 3355 544 3403 tinentiarum,
557 3351 814 3408 praesatorum
828 3351 1010 3395 valorem
1028 3352 1140 3405 fitus,
1154 3355 1194 3396 &
1209 3354 1305 3397 hor-

266 3423 401 3456 torum
417 3440 431 3461 ,
444 3414 701 3467 aliorumque
711 3410 863 3468 jurium
877 3436 891 3458 ,
905 3413 943 3453 &
957 3413 1302 3468 pertinentiarum

263 3470 436 3529 praefatae
468 3470 655 3513 Ecclesiae
680 3470 895 3525 S.Josephi
920 3470 1125 3524 excedat,
1150 3480 1223 3516 aut
1250 3486 1303 3515 ex

263 3544 523 3586 quocumque
541 3530 620 3571 alio
637 3529 768 3584 capite
790 3529 1043 3585 impugnari,
1068 3539 1141 3574 aut
1169 3540 1304 3574 retra-

266 3590 365 3631 &ari
382 3604 462 3632 non
481 3586 593 3645 possit
608 3602 620 3630 :
650 3589 810 3630 irritum
825 3602 986 3645 quoque
1000 3589 1227 3634 decernere
1242 3589 1304 3632 di-

266 3649 444 3704 gnemini
458 3649 510 3691 de
525 3648 653 3703 gratia
672 3646 931 3703 speciali2non
944 3647 1190 3700 obstantibus
1205 3663 1303 3705 prae-

266 3706 383 3751 mistis
399 3736 413 3756 ‚
436 3721 480 3749 ac
498 3706 697 3763 quibusvis
711 3707 1103 3756 Constitutionibus,
1123 3708 1303 3751 &Ordi-

269 3767 498 3810 nationibus
518 3766 757 3821 Apostolicis
770 3793 783 3816 ,
796 3781 948 3810 necnon
963 3767 1126 3810 Ordinis
1139 3796 1152 3820 ,
1164 3770 1204 3810 &
1216 3768 1300 3824 pri·

267 3827 449 3872 modidtae
466 3829 626 3869 Domus
643 3827 957 3877 Statutis2etiam
969 3824 1204 3887 juramento
1216 3829 1296 3875 &c-

1081 230 1608 319 Provincia

1368 350 1569 392 robsratis
1584 377 1598 400 ,
1613 346 1838 405 privilegiis
1853 350 2051 406 quoque,
2065 349 2238 396 indultis
2254 382 2269 404 ,
2284 354 2325 397 δε
2342 341 2413 400 1³..i-

1368 409 1468 451 teris
1485 414 1517 451 A
1522 410 1728 464 poltolicis
1745 411 1824 452 ἃς.
1847 409 2079 467 caeterisque
2091 414 2308 458 contrariis
2323 415 2417 473 qui-3

1376 466 1608 524 buscunque
1630 482 1722 510 cum
1736 467 1920 513 clausulis
1935 472 2182 527 opportunis
2195 500 2208 514 .

1437 585 1541 637 Fiat
1561 603 1609 636 ut
1632 591 1796 653 petitur
1826 586 1902 638 M.
1933 587 2115 650 (idest,
2137 591 2412 660 Maphaeus,

1595 673 1709 709 tunc
1731 658 1948 715 Urbanus
1962 663 2083 730 Papa
2095 666 2275 726 vlu.)

1428 775 1485 817 Et
1509 790 1600 819 cum
1639 775 1894 820 absolutione
1931 778 1955 822 ὲ
1998 777 2206 835 censuris,
2232 781 2283 825 ad
2314 782 2415 827 effe-'

1366 835 1594 888 c‘tum&c.,
1627 837 1668 877 δι
1688 836 1799 892 quod
1830 835 2070 891 fingularum
2102 840 2406 895 Ecclefiarum,

1365 891 1532 936 illarum
1565 895 1907 951 pertinentiarum
1935 896 2190 952 praefatarum
2219 900 2410 944 situatio-

1366 964 1468 1003 neS,
1496 951 1704 1006 confines,
1738 954 1963 1007 vocabula,
1992 959 2030 999 &
2057 955 2410 1005 denominationes

1366 1011 1597 1054 habeantur
1612 1027 1687 1070 pro
1699 1012 1890 1069 expreffis
1905 1042 1919 1065 ,
1948 1014 2015 1059 seu
2030 1015 2069 1058 in
2082 1025 2175 1059 toto
2188 1046 2203 1070 ,
2229 1017 2299 1060 vel
2311 1032 2412 1075 par-,

1366 1078 1411 1112 te
1436 1072 1606 1126 exprimi
1637 1071 1781 1127 poffint
1802 1073 1841 1115 in
1856 1072 1988 1118 literis
2007 1103 2021 1128 ,
2050 1077 2087 1117 ἃ
2109 1075 2164 1119 de
2188 1076 2414 1120 conceiiio-=

1367 1142 1446 1182 ne,
1471 1129 1734 1186 affignatione
1755 1161 1769 1185 ,
1794 1132 2095 1185 translatione,
2120 1134 2312 1188 indulto,
2330 1136 2410 1179 de-

1359 1198 1473 1232 creto
1488 1189 1716 1234 huiusmodi
1731 1192 1770 1234 in
1787 1192 1919 1235 literis
1933 1190 2120 1236 latiffime
2136 1194 2411 1239 extendendis

1363 1248 1403 1289 &
1428 1248 1536 1304 quod
1551 1250 1833 1306 praemifforum
1847 1253 2026 1294 omnium
2044 1281 2058 1302 ‚
2089 1253 2130 1294 δι
2165 1251 2412 1309 finguloeum

1365 1307 1491 1350 etiam
1502 1309 1896 1353 denominationibus
1913 1337 1927 1359 ,
1942 1310 2206 1367 qualitatibus
2221 1339 2235 1363 ,
2251 1326 2417 1356 nuncu·

1366 1366 1627 1422 parionibus,
1657 1368 1982 1413 invocationibus
2002 1399 2018 1421 ,
2047 1369 2411 1425 ordinationibus,

1364 1425 1620 1483 aliorumque
1650 1425 1965 1471 necessariorum
1994 1429 2123 1471 maior
2145 1458 2159 1482 ‚
2194 1431 2235 1471 ἃ.
2263 1432 2406 1474 verior

1366 1483 1641 1540 specificatio,
1665 1489 1704 1528 Bt
1732 1486 1931 1543 expressio
1945 1486 2031 1530 fieri
2063 1488 2179 1541 poffit
2203 1489 2243 1531 in
2272 1488 2409 1534 literis

1366 1544 1635 1600 expediendis
1651 1574 1663 1596 ,
1678 1548 1718 1588 &
1743 1548 2027 1590 committatur
2046 1547 2298 1600 Ordinatio,
2310 1563 2412 1593 con-

1366 1603 1459 1645 stito
1481 1603 1548 1646 fibi
1565 1603 1752 1660 legitime
1766 1606 1820 1648 de
1838 1604 2038 1662 praemiffis
2056 1634 2070 1657 ,
2103 1608 2142 1648 &
2157 1607 2290 1663 quoad
2311 1616 2414 1652 con.v

1364 1661 1575 1707 cessionem
1590 1690 1604 1711 ,
1632 1664 1673 1705 &
1701 1663 2009 1720 assignationem
2024 1694 2040 1716 ,
2062 1665 2230 1707 &novae
2250 1668 2408 1711 Domus

1363 1722 1581 1776 Regularis
1623 1723 1958 1767 constructionem
1996 1722 2232 1767 huiusmodi
2275 1726 2404 1772 sine.)

1361 1780 1530 1836 alicujus
1550 1780 1782 1837 praejudicio
1793 1811 1809 1833 ,
1824 1784 1863 1825 δε
1877 1782 2102 1826 dummodo
2119 1781 2306 1826 moderni
2323 1787 2409 1829 Re·-

1363 1841 1486 1882 ‹storis
1512 1839 1625 1881 dietae
1643 1840 1831 1884 Ecclefiae
1856 1842 2070 1897 &joannis
2101 1841 2151 1885 ad
2181 1843 2256 1884 hoc
2284 1857 2408 1887 acce-

1363 1898 1435 1941 dat
1460 1895 1629 1941 assensus
1644 1928 1659 1949 ,
1681 1899 1721 1939 &
1735 1897 1889 1943 servata
1905 1899 2033 1942 forma
2048 1899 2210 1943 decreti
2227 1899 2301 1943 fel.
2314 1917 2400 1947 rec.

1367 1957 1598 2001 Clementis
1621 1961 1735 2012 Papae
1749 1961 1890 2001 Ostavi
1905 1961 1919 2001 f
1922 1973 2022 2014 uper
2036 1973 2232 2003 novarum
2247 1963 2405 2006 Domo-

1367 2019 1455 2060 rum
1470 2016 1744 2075 Regularium
1768 2019 1975 2062 erectione
1991 2018 2116 2061 editi.

1769 2137 1875 2187 Fiat
1905 2134 1984 2187 M.

1427 2259 1579 2299 Datum
1594 2257 1734 2299 Romae
1756 2254 1860 2312 apud
1881 2256 2062 2298 Sanctam
2077 2255 2249 2299 Mariam
2263 2256 2403 2316 Maio-j

1367 2330 1454 2359 rem
1468 2315 1666 2359 Kalendis
1680 2314 1922 2358 Decembris
1945 2318 2067 2358 Anno
2086 2314 2261 2370 septimo
2271 2331 2286 2359 2

1425 2439 1571 2490 Autog.
1598 2436 1641 2476 in
1654 2431 1826 2476 Archivo
1852 2435 2041 2477 Generalae·
2068 2422 2227 2477 ordim’s
2255 2437 2407 2477 Arma:

1482 2497 1544 2537 rio
1559 2493 1773 2536 Provincia
1788 2493 1987 2535 Corsscae.
2023 2497 2084 2535 Dc
2103 2492 2297 2551 formulis
2327 2494 2403 2536 bu-

1474 2551 1647 2611 jtffmodi
1661 2550 2001 2608 supplicationum
2026 2551 2116 2602 όν.
2144 2553 2233 2595 vide
2260 2561 2402 2595 notata

1465 2612 1600 2669 fipra
1619 2610 1702 2670 sol.
1722 2624 1737 2652 1
1750 2624 1813 2666 ¹3·

1539 2876 1576 2918 E
1634 2876 1669 2918 P
1727 2877 1751 2917 I
1809 2877 1837 2918 S
1899 2875 1937 2918 T
1994 2876 2035 2917 Ο
2092 2875 2127 2917 L
2188 2874 2227 2916 Α

1394 2994 1534 3045 'Sacrae
1560 2991 1900 3063 Congregationis
1930 2992 2185 3061 Ep1fi0p0&
2205 2990 2365 3060 Regul-

1361 3128 1420 3176 In
1441 3124 1641 3176 Civitate
1680 3122 1859 3187 Adjacii
1903 3126 2207 3175 Conventum
2255 3121 2399 3193 erigi,

1431 3193 1658 3265 Episcopo
1674 3195 1845 3246 ibidem
1863 3197 2174 3246 committitur
2193 3230 2207 3245 .

1421 3334 1609 3394 llltssrt‘s,
1620 3334 1675 3387 &⁹
1685 3337 1740 3379 Α.
1756 3338 1853 3380 Rev.
1870 3338 2037 3382 Domtne
2052 3366 2067 3390 ,
2077 3334 2141 3381 uti
2153 3337 2302 3380 Frater
2320 3362 2333 3375 .

1471 3469 1509 3511 U
1523 3467 1566 3508 M
1583 3467 1705 3509 Pater
1717 3463 2015 3511 Commiffarius
2029 3466 2162 3509 Curiae
2179 3465 2389 3510 Minorum

1497 3525 1810 3568 observantium
1824 3553 1838 3576 ,
1851 3525 2103 3583 oppositione
2120 3554 2136 3577 ,
2149 3539 2233 3581 quae
2245 3527 2268 3567 ὲ
2294 3525 2391 3566 Fra-

1363 3589 1495 3627 tribus
1511 3584 1585 3628 suis
1602 3584 1687 3629 illic
1701 3583 1796 3629 faita
1815 3583 1891 3627 fuit
1905 3612 1921 3636 ,
1949 3598 2028 3628 non
2052 3584 2235 3628 obstante
2250 3610 2265 3634 ‚
2287 3589 2390 3625 con-¹

1362 3643 1512 3686 sensum
1526 3642 1692 3687 dederit
1706 3672 1721 3696 ,
1744 3653 1789 3687 ut
1802 3643 1842 3686 in
1856 3641 1926 3686 illa
1943 3643 2128 3687 Civitate
2140 3646 2387 3687 Conventus

1362 3705 1547 3748 Fratrum
1561 3703 1862 3759 Capucinorum
1875 3701 1988 3761 juxta
2013 3703 2078 3761 pia
2107 3701 2252 3761 Populi
2283 3701 2390 3744 defi-

1355 3763 1469 3805 deria
1485 3762 1645 3806 fundari
1660 3793 1674 3816 ,
1696 3764 1850 3819 &erigi
1866 3760 1980 3818 ponit
1995 3789 2009 3811 ,
2036 3772 2196 3806 attenta
2222 3760 2389 3804 etiam.»

1354 3821 1558 3870 relatione
1570 3822 1862 3882 Amplitudinis
1881 3824 2001 3873 Tua,
2028 3820 2384 3888 illustrissimitDpa

2240 3893 2338 3926 mint
