2762 4030
434 163 555 271 64

356 271 419 317 fiae
448 281 488 320 S.
507 273 674 318 Antonii
704 273 886 316 extructa
900 298 915 323 ,
947 271 1090 313 ornata
1109 295 1124 320 ,
1145 270 1185 310 &
1207 267 1391 311 omnibus

351 334 536 378 numeris
547 332 624 377 suis
638 331 821 376 absoluta
837 329 930 381 fuit,
944 328 1150 386 apponi,&
1168 329 1209 370 in
1224 342 1271 370 ea
1286 330 1388 370 lcon

351 394 490 438 Beatae
514 392 654 437 Mariae
685 389 865 447 Virginis
888 417 905 440 2
940 402 1024 445 quae
1051 387 1163 430 illius
1195 390 1382 430 Corona-

357 453 519 496 tionem
555 454 578 495 a
603 454 677 496 88.
703 451 911 494 Trinitate
946 448 1088 491 factam
1116 450 1383 503 repraesentet

351 514 546 568 &imago
575 514 616 555 8.
634 510 879 566 Hieronymi
904 520 1034 563 genua
1061 507 1260 550 flec'tentis
1285 519 1383 547 con-

352 569 454 626 θεὶς
484 585 531 616 ac
561 570 744 626 denique
779 571 820 612 in
861 568 992 623 aliqua
1035 565 1223 624 ejusdem
1258 565 1389 608 tertia:

352 631 538 687 Capella:
563 639 712 686 parte,
738 627 847 685 quod
877 628 1042 669 testator
1066 651 1081 674 ³
1120 625 1288 683 ejusque
1313 621 1387 668 filii

350 689 532 749 praedicti
559 691 599 732 in
626 688 731 730 dicta
754 685 928 743 Capella
956 685 1155 729 inhumati
1184 683 1387 733 existunt,

352 753 395 793 δε
430 750 468 793 in
506 764 554 792 ea
580 747 686 790 dieta
701 747 953 800 Hieronyma
979 745 1176 787 inhumari
1209 743 1390 793 debeat,

350 808 516 854 inscribi
541 834 556 856 a
593 808 633 849 δι
659 805 776 862 supra
805 804 953 848 dictam
978 803 1142 847 tertiam
1168 801 1387 857 Capellam

349 868 528 925 Infignia
559 865 807 912 Testatoris‚
837 866 875 906 ὅ(
894 863 1156 917 Hieronymae
1179 860 1387 918 praedisto-

351 942 444 972 rum
473 925 669 969 collocari
696 923 840 981 poffint
858 951 872 975 ,
897 925 937 965 &
970 923 1180 972 debeant,
1210 918 1385 963 auctori-

354 997 443 1031 tate
472 983 727 1042 Apostolica‚
755 994 902 1025 tenore
930 981 1209 1039 praesentium,
1239 992 1389 1035 perpe·

351 1046 427 1089 tub
453 1043 742 1094 concedimus,
775 1056 821 1085 ac
846 1044 905 1085 ita
935 1042 1145 1090 volumus,
1175 1041 1214 1080 &
1240 1038 1387 1081 decer-

352 1105 516 1154 nimus,
542 1116 589 1144 ac
615 1102 827 1145 statuimus
846 1132 857 1142 .
889 1103 1008 1143 Motu
1045 1099 1131 1155 pari
1156 1099 1386 1140 decernen-

351 1162 420 1206 tes
437 1192 451 1213 ,
475 1165 636 1204 Fratres
657 1162 836 1203 Minores
856 1158 1120 1202 Reformatos
1147 1157 1382 1213 praedidtos2

349 1235 398 1266 ac
427 1221 634 1264 Fabricam
659 1219 774 1263 dic‘tae
802 1218 1003 1266 Bafilicae,
1032 1231 1187 1260 necnon
1204 1213 1383 1259 Confra-

349 1280 594 1324 ternitatem
608 1283 649 1322 S·
663 1278 919 1321 Annuntiatae
936 1277 990 1319 de
1008 1277 1122 1319 Urbe
1135 1305 1149 1327 ,
1164 1290 1239 1332 per
1255 1272 1381 1331 ipsum

354 1339 616 1382 Testatorem
632 1367 647 1388 ,
662 1338 701 1379 in
730 1337 960 1379 medietate
975 1336 1174 1379 bonorum
1198 1334 1385 1377 substitu-

351 1408 468 1448 tam,
499 1399 537 1438 &
580 1394 777 1438 Moniales
820 1394 1086 1446 Monasterii,
1126 1393 1238 1451 quod
1278 1393 1382 1435 dic'ta

351 1458 610 1511 Hieronyma
626 1455 663 1496 in
678 1454 863 1497 Civitate
879 1455 1080 1510 Nepefina
1094 1480 1110 1500 a
1141 1455 1241 1496 ficut
1260 1453 1384 1495 etiam

350 1515 610 1571 accepimus,
636 1514 784 1557 exstrui
813 1525 952 1562 curat,
981 1514 1021 1555 in
1063 1514 1193 1557 altera
1220 1524 1385 1555 eorum-

351 1575 450 1617 dem
478 1574 682 1616 bonorum
715 1572 945 1615 medietate
974 1571 1156 1616 haeredes
1183 1571 1383 1617 instituti,

352 1632 422 1676 seu
445 1630 674 1683 substituti,
705 1632 996 1675 executionem
1014 1629 1225 1688 praesentis¹
1248 1630 1386 1674 nostrae

352 1691 618 1734 conceffionis
643 1716 658 1740 2
689 1692 729 1733 &
767 1691 991 1734 voluntatis
1030 1690 1126 1741 dicti
1166 1689 1385 1733 Testatoris

353 1749 686 1793 commutationis
718 1749 882 1792 minime
917 1749 1152 1806 impedire,
1196 1748 1386 1804 eosque)

351 1810 469 1853 nullo
506 1823 683 1866 unquam
724 1820 939 1866 tempore,
977 1809 1117 1865 quovis
1156 1820 1385 1864 praetextu,

349 1868 528 1920 colore,
559 1869 625 1911 vel
661 1869 856 1923 ingenio,
887 1879 955 1911 aut
983 1883 1034 1911 ex
1073 1880 1383 1925 quacumque-v

350 1924 466 1971 causa
494 1955 509 1977 ‚
553 1929 676 1969 etiam
719 1927 772 1969 de
807 1927 1043 1970 necestitate
1079 1926 1347 1984 exprimenda
1373 1952 1386 1975 ,

349 1986 571 2041 quicquam
599 1986 652 2028 de
674 1985 813 2042 legato
839 1988 958 2030 trium
975 1987 1148 2030 millium
1176 1987 1385 2030 scutorum

348 2043 634 2101 praedictorum
661 2045 946 2097 praetendere,
987 2059 1060 2088 nec
1098 2045 1246 2089 dic‘tam
1287 2045 1388 2088 Hie-

348 2115 591 2157 ronymam,
630 2101 798 2157 ejusque
836 2103 1045 2155 haeredes,
1077 2101 1387 2147 &succeffores

348 2161 526 2218 desuper
551 2160 768 2204 molestare
797 2188 812 2211 ,
851 2160 1061 2219 minusque
1096 2163 1202 2206 hunc
1223 2166 1385 2206 Motum

351 2221 531 2264 nostrum
567 2220 778 2277 proprium
803 2248 818 2271 ,
867 2235 913 2262 ac
954 2221 1169 2275 praesentes
1211 2222 1383 2272 literas,

349 2281 476 2322 etiam
503 2293 552 2321 ex
579 2294 660 2331 eo,
684 2278 795 2334 quod
836 2280 1042 2335 praedicti,
1071 2281 1112 2321 δι
1138 2280 1388 2335 quicumque

349 2338 420 2381 alii
448 2339 488 2379 in
526 2338 726 2392 praemiffis
765 2335 898 2381 forsan
937 2337 1129 2383 interesse
1163 2339 1389 2388 habentes,

351 2396 421 2439 vel
454 2397 606 2440 habere
640 2395 968 2451 praetendentes,
994 2397 1075 2438 illis
1115 2411 1194 2439 non
1226 2396 1397 2438 consen-

350 2456 507 2506 serint,
540 2454 589 2498 ad
623 2469 754 2509 eaque
785 2455 953 2501 vocati,
986 2455 1025 2495 &
1051 2455 1201 2505 causae,
1228 2464 1396 2509 propter

351 2529 446 2572 quas
465 2514 543 2556 111ae
557 2513 818 2566 emanairunt,
830 2514 1069 2555 examinata:
1081 2542 1096 2563 ,
1128 2522 1200 2554 aut
1213 2512 1312 2555 alias
1325 2526 1395 2567 ap-

357 2575 539 2630 probatae
565 2588 648 2616 non
686 2571 864 2620 fuerint,
897 2572 961 2614 seu
988 2572 1086 2616 alias
1113 2586 1165 2614 ex
1195 2585 1394 2627 quocum-

349 2649 429 2689 que
461 2633 623 2688 capite,
654 2633 693 2673 8c
718 2632 864 2682 caula,
896 2631 1154 2686 quantumvis
1179 2631 1391 2687 legitima,

348 2695 386 2735 δι
423 2691 597 2750 juridica
639 2689 693 2732 de
735 2688 1036 2746 subreptionis,
1080 2689 1145 2731 vel
1178 2690 1391 2745 obreptio-

348 2754 436 2798 nis,
471 2749 538 2794 seu
569 2749 772 2792 nullitatis
803 2749 927 2801 vitio,
960 2760 1028 2792 aut
1050 2749 1293 2791 intentionis
1320 2762 1390 2790 no-

347 2811 462 2862 ssrae,
493 2809 559 2851 vel
588 2809 776 2864 quopiam
809 2808 890 2852 alio
925 2804 1090 2851 defectu
1118 2810 1280 2855 notari,
1312 2808 1388 2849 im-

345 2870 546 2927 pugnari,
578 2867 809 2915 annullari,
841 2867 880 2909 in
917 2866 1011 2924 jus,
1042 2868 1107 2910 vel
1149 2868 1187 2909 in
1224 2878 1385 2911 contro—

348 2930 517 2971 versiam
562 2926 735 2979 vocari,
776 2935 847 2967 aut
889 2927 1086 2970 adversus
1126 2926 1216 2969 illas
1248 2926 1379 2984 quod-

347 3001 522 3045 cumque
543 2985 671 3042 juris,
703 2984 872 3041 gratiae,
906 2987 973 3029 vel
1017 2984 1109 3028 faeti
1145 2986 1379 3029 remedium

346 3046 591 3102 impetrari,
622 3055 689 3089 aut
723 3044 899 3089 concedi
931 3045 1165 3089 nullatenus
1198 3058 1379 3102 unquam

343 3105 484 3163 posse,
531 3117 664 3160 neque
701 3102 773 3147 sub
815 3104 1023 3161 quibusvis
1063 3104 1279 3155 fimilium,
1314 3102 1380 3146 vel

345 3164 592 3207 diffimilium
614 3164 834 3217 gratiarum
848 3164 1181 3207 revocationibus
1195 3191 1209 3214 ,
1223 3162 1380 3220 suspen-

341 3224 517 3267 sionibus
533 3249 546 3272 ,
578 3222 890 3266 limitationibus
902 3252 916 3275 ,
931 3223 1265 3281 derogationibus
1279 3251 1293 3273 ,
1310 3232 1378 3264 aut

344 3284 432 3327 aliis
461 3281 677 3325 contrariis
714 3282 1070 3340 dispositionibus,
1097 3297 1169 3339 per
1199 3286 1311 3332 NOS,
1341 3283 1381 3323 &

344 3340 607 3386 successores
621 3340 774 3384 nostros
805 3344 1013 3385 Romanos
1045 3340 1382 3396 Pontifices,pro

345 3413 535 3458 tempore
557 3400 774 3443 existentes
794 3430 807 3453 ,
838 3403 875 3443 δι
900 3415 975 3457 pro
1004 3413 1191 3458 tempore
1216 3415 1381 3456 quomo-

346 3461 505 3505 dolibet
522 3459 670 3513 factas,
686 3462 1019 3517 comprehendi,
1037 3461 1106 3505 sed
1133 3462 1181 3504 ab
1210 3460 1292 3502 illis
1308 3474 1380 3502 ex-

347 3521 457 3573 cipi,
496 3523 536 3561 &
563 3522 722 3577 quoties
750 3521 838 3563 illae
880 3522 1154 3572 emanabunt,
1187 3519 1312 3563 toties
1340 3519 1380 3562 in

344 3578 583 3633 pristinum,
613 3582 651 3621 δι
678 3579 987 3632 validiffimum,
1017 3581 1059 3624 in
1074 3593 1156 3636 quo
1171 3589 1264 3623 ante
1279 3593 1383 3635 quo·

343 3636 570 3680 modolibet
588 3651 734 3691 erant,
748 3640 892 3683 statum
916 3640 1121 3683 restitutas
1136 3669 1152 3690 ,
1165 3638 1380 3695 repositas,

346 3696 388 3736 &
415 3695 599 3750 plenarii:
618 3701 888 3754 reintegratas
905 3713 981 3751 ,ac
1008 3699 1061 3742 de
1091 3711 1227 3750 novo,
1255 3699 1380 3740 etiam

342 3753 414 3795 sub
444 3758 944 3814 quacumqueposteriori
974 3760 1081 3801 Data
1110 3771 1183 3815 per
1213 3759 1379 3801 Fratres

1175 128 1788 238 Provincia*

1454 269 1637 312 Minores
1672 268 1904 324 Capucinos
1935 270 2124 326 praesatos
2154 273 2492 334 quandocumque

1453 327 1672 386 eligendas
1693 327 1896 371 conceffas
1912 327 2021 384 effe,
2051 329 2219 374 &fore.
2254 333 2399 390 Sicque
2414 351 2489 390 per

1454 385 1727 446 quoscumque
1765 389 1929 445 Judices
1961 418 1976 442 ,
2017 391 2057 432 &
2097 390 2305 435 causarum
2345 393 2492 438 Palatii

1458 449 1680 504 Apostolici
1711 448 1934 491 Auditores
1957 477 1972 500 ,
2018 464 2065 493 ac
2102 452 2272 494 S.R.E.
2291 452 2498 495 Cardina-

1451 506 1512 549 les
1528 535 1542 560 ‚
1563 509 1689 551 etiam
1717 507 1771 549 de
1794 506 1925 549 latere
1961 509 2134 565 Legatos
2159 539 2173 559 ,
2209 512 2249 552 &
2277 510 2500 567 Vicelega-

1455 567 1770 622 tos,'dictaeque
1795 565 1910 609 sedis
1929 568 2137 621 Nuntios,
2159 568 2315 612 sublata
2340 572 2398 611 eis
2419 599 2432 622 ,
2456 573 2498 613 δε

1451 640 1592 670 eorum
1640 625 1812 667 cuilibet
1850 626 1990 680 quavis
2034 626 2155 670 aliter
2198 628 2409 686 judicandi
2457 632 2500 671 δε

1453 684 1752 742 interpretandi
1770 683 1998 737 facultate,
2027 687 2066 727 &
2095 688 2366 739 auctoritate,
2385 688 2501 747 judi-

1448 743 1566 796 cari,
1593 746 1633 786 δε
1655 742 1817 786 definiri
1837 743 2022 786 debere:
2053 758 2101 787 ac
2131 745 2315 800 irritum,
2339 749 2379 788 &
2409 749 2502 791 ina-

1450 817 1501 847 ne
1517 831 1531 854 ,
1546 803 1742 859 quidquid
1760 804 1871 846 secus
1895 801 2014 860 super
2040 803 2100 845 his
2124 803 2144 845 a
2161 810 2379 863 quoquam,
2395 822 2502 864 qua-

1453 861 1719 910 auctoritate,
1742 862 1948 914 scienter,
1984 862 2051 904 vel
2094 862 2330 919 ignoranter
2365 867 2506 911 conti·-

1451 922 1561 977 gerit
1592 921 1817 969 attentari,
1848 923 2153 965 &attentantes
2176 924 2226 964 fic
2243 925 2394 967 mentis
2411 955 2427 977 ,
2457 928 2498 968 δε

1451 980 1792 1023 incommutabilis
1822 981 2042 1024 voluntatis
2073 979 2274 1024 existere.
2306 986 2402 1026 Non
2427 988 2495 1027 ob-

1449 1040 1643 1082 stantibus
1659 1039 1754 1081 dieti
1773 1040 1956 1095 Pompeii
1976 1039 2208 1093 voluntate,
2224 1054 2346 1097 quam
2362 1045 2499 1098 quoad

1449 1096 1638 1155 proemiffa
1674 1099 1808 1148 omnia
1829 1126 1844 1150 ,
1882 1102 1923 1143 δι
1952 1097 2103 1156 fingula
2142 1094 2393 1143 sufficienter
2412 1130 2426 1151 ,
2455 1103 2494 1143 &

1449 1155 1647 1213 expresse
1676 1167 1972 1202 commutamus
1997 1185 2011 1208 a
2046 1158 2219 1216 aliisque
2254 1159 2452 1215 praemiffis
2485 1189 2502 1212 ,

1444 1231 1603 1261 necnon
1631 1217 1793 1272 Regula
1826 1217 1957 1260 nostra
1975 1246 1989 1269 ‚
2017 1217 2177 1274 dejure
2213 1218 2375 1275 quaesito
2411 1233 2499 1262 non-

1446 1275 1660 1327 tollendo,
1690 1291 1736 1319 ac
1761 1275 1964 1333 quibusvis
1991 1278 2263 1331 Apostolicis‚
2297 1279 2423 1320 etiam
2452 1279 2490 1320 in

1446 1335 1716 1390 synodalibus
1743 1365 1758 1388 ,
1789 1337 1828 1376 &
1858 1336 2212 1387 Provincialibus,
2246 1336 2494 1378 universali-

1447 1392 1598 1450 busque
1624 1395 1823 1438 Concilils
1851 1395 1974 1437 editis
1999 1395 2291 1451 generalibuS,
2320 1396 2386 1437 vel
2405 1398 2494 1450 spe-

1445 1453 1617 1496 cialibus
1657 1454 2058 1501 Conssitutionibu52,
2090 1456 2130 1495 &
2145 1454 2485 1498 ordinationibus

1445 1512 1712 1569 Apostolicis,
1744 1527 1903 1555 necnon
1932 1513 2090 1555 fabricae
2134 1513 2247 1554 dic'tae
2283 1514 2486 1563 Basilicae,

1446 1588 1492 1615 ac
1511 1569 1878 1616 Confraternitatis
1895 1599 1909 1622 ,
1944 1570 2179 1614 Monasterii
2196 1600 2211 1623 ,
2248 1573 2288 1612 &
2304 1574 2492 1614 Fratrum

1448 1634 1655 1674 Minorum
1689 1628 2054 1682 Reformatorum',
2097 1644 2262 1673 necnon
2298 1633 2489 1673 Fratrum

1448 1692 1654 1734 Minorum
1693 1692 1998 1745 Capucinorum
2036 1691 2319 1745 praedictorum
2361 1691 2490 1732 Ordi-

1449 1763 1546 1793 num
1579 1751 1780 1796 statutis,
1813 1750 1936 1792 etiam
1972 1747 2234 1805 juramento,
2270 1747 2488 1792 confirma-

1447 1810 1561 1851 tione
1602 1809 1862 1861 Apostolica,
1895 1807 1960 1851 vel
1987 1809 2127 1864 quavis
2169 1806 2364 1849 firmitate
2405 1809 2486 1850 alia

1446 1868 1687 1919 roboratis,
1718 1868 1944 1924 privilegiis
1980 1882 2168 1923 quoque,
2212 1866 2411 1917 indultis,
2443 1868 2484 1908 ὃς

1447 1927 1577 1970 literis
1610 1927 1878 1983 Apostolicis‚
1914 1926 2025 1979 illis,
2059 1927 2309 1983 illorumque
2351 1930 2488 1982 Supe-

1450 1987 1652 2035 rioribus,
1683 1989 1720 2028 &
1751 1985 1960 2042 personis,
1995 1987 2063 2028 sub
2088 1986 2406 2042 quibuscumque
2425 1999 2490 2026 te-

1449 2046 1611 2089 noribus
1626 2074 1639 2097 ,
1660 2044 1851 2088 &formis
1867 2076 1883 2098 ,
1915 2061 1960 2089 ac
1980 2059 2076 2088 cum
2093 2045 2300 2101 quibusvis
2321 2074 2336 2094 ,
2354 2044 2483 2087 etiam

1450 2105 1806 2160 derogatoriarum
1833 2104 2135 2159 derogatoriiS,
2166 2102 2332 2160 aliisque
2348 2101 2484 2145 effica—

1451 2165 1629 2207 cioribus
1645 2193 1659 2215 ,
1675 2163 1952 2206 efficaciffimis
1978 2192 1992 2213 ,
2007 2165 2046 2205 δι
2071 2162 2237 2206 insolitis
2263 2161 2453 2205 clausulis
2467 2192 2483 2213 ‚

1450 2221 1817 2277 irritantibusque,
1842 2224 1880 2264 &
1908 2222 1996 2264 aliis
2019 2222 2209 2265 Decretis
2236 2222 2275 2263 in
2303 2234 2485 2276 genere,

1451 2281 1518 2323 vel
1547 2281 1586 2321 in
1609 2279 1742 2333 specie
1763 2309 1777 2331 ,
1805 2295 1850 2322 ac
1880 2280 1977 2323 alias
1999 2281 2038 2323 in
2064 2282 2319 2324 contrarium
2354 2277 2486 2322 forsan

1458 2337 1770 2395 quomodolibet
1797 2338 1984 2381 conceffis
1998 2340 2228 2390 ,innovatis
2241 2368 2255 2390 ‚
2281 2341 2321 2379 &
2335 2351 2488 2395 appro—

1459 2399 1560 2440 batis
1583 2426 1593 2437 .
1643 2397 1803 2453 Quibus
1831 2398 2019 2440 omnibus
2047 2427 2061 2450 ,
2101 2398 2252 2441 etiamsi
2283 2411 2357 2452 pro
2389 2397 2486 2438 illo-

1458 2470 1551 2497 rum
1585 2455 1793 2498 sufficienti
1825 2456 2094 2511 derogatione
2135 2458 2188 2498 de
2223 2456 2304 2498 illis
2327 2485 2341 2506 ,
2387 2455 2479 2497 illo·-

1457 2529 1632 2570 rumque
1662 2515 1760 2556 totis
1788 2515 1994 2557 tenoribus
2021 2514 2203 2570 specialis
2220 2540 2233 2561 ,
2265 2513 2450 2569 specifica
2468 2540 2483 2561 a

1455 2572 1633 2628 expressa
1650 2602 1664 2625 ,
1695 2574 1984 2625 &individua,
2016 2588 2095 2616 non
2123 2585 2260 2616 autem
2277 2586 2352 2629 per
2371 2573 2485 2614 clau-

1451 2632 1552 2675 sulas
1568 2633 1805 2688 generales,
1833 2633 1942 2676 idem
1975 2636 2262 2690 imponantes,
2296 2632 2450 2673 mentio
2466 2659 2481 2680 ,

1453 2704 1521 2734 aut
1543 2693 1693 2748 quaevis
1709 2692 1787 2734 alia
1815 2692 2012 2749 expreffio
2039 2692 2222 2735 habenda
2249 2689 2388 2737 foret,
2421 2700 2480 2732 te·-

1450 2766 1554 2796 nore
1582 2748 1813 2806 hujusmodi
1854 2767 1927 2808 pro
1968 2751 2118 2806 plene,
2156 2753 2196 2792 δι
2234 2749 2482 2792 sufficienter

1448 2808 1638 2866 expressis
1666 2811 1895 2863 habentes,
1925 2810 2004 2854 illis
2031 2811 2127 2854 alias
2158 2812 2196 2852 in
2234 2809 2301 2852 suo
2330 2810 2483 2850 robore

1442 2867 1712 2925 permansuris
1737 2896 1750 2917 ³
1783 2869 1858 2911 hac
1901 2871 1991 2913 vice
2026 2870 2269 2920 dumtaxat,
2299 2867 2482 2927 speciali-

1442 2937 1508 2971 ter
1523 2957 1537 2980 ,
1560 2928 1599 2968 &
1623 2926 1810 2982 expresse
1831 2929 2074 2985 derogamus
2090 2957 2104 2979 ,
2124 2927 2361 2984 caeterisque
2383 2939 2483 2967 con-

1439 2987 1572 3031 trariis
1606 2986 1923 3043 quibuscumque
1949 3017 1961 3029 .
1995 2988 2111 3031 Nulli
2138 3003 2239 3045 ergo
2268 2985 2477 3030 hominum

1442 3048 1565 3090 liceat
1593 3047 1695 3088 hanc
1723 3049 1908 3103 paginam
1932 3047 2070 3090 nostrae
2084 3046 2374 3094 conceffionis,
2408 3058 2480 3086 vo-

1441 3105 1839 3158 luntatis,decreti,
1865 3106 2029 3155 statuti,
2057 3104 2412 3153 commutationis,
2439 3104 2479 3144 &

1445 3165 1721 3221 derogationis
1751 3167 2001 3222 infringere,
2027 3166 2092 3210 vel
2109 3166 2146 3208 ei
2173 3163 2268 3208 ausu
2295 3173 2474 3206 temera-

1442 3226 1503 3269 rio
1530 3226 1760 3279 contraire3
1794 3225 1953 3281 Siquis
1982 3235 2118 3268 autem
2155 3227 2231 3268 hoc
2263 3232 2475 3269 attentare

1444 3281 1739 3341 praesumpserit
1766 3315 1780 3338 ,
1824 3285 2146 3341 indignationem
2173 3280 2476 3337 Omnipotentis

1445 3344 1552 3395 Dei,
1583 3358 1627 3386 ac
1659 3347 1878 3387 Beatorum
1920 3345 2061 3396 Petri,
2100 3346 2140 3386 δε
2170 3341 2280 3386 Pauli
2313 3338 2477 3394 Aposto-

1445 3405 1580 3447 lorum
1603 3402 1689 3459 ejus
1712 3403 1750 3447 se
1774 3404 1940 3447 noverit
1962 3401 2217 3446 incursurum
2236 3429 2246 3440 .
2279 3400 2471 3441 namn„

1443 3466 1587 3507 Romae
1612 3462 1718 3520 apud
1736 3466 1919 3507 Sanctam
1947 3462 2117 3505 Mariam
2132 3459 2331 3516 Majorem
2347 3459 2471 3499 Anno

1443 3522 1743 3566 Incarnationis
1771 3523 1994 3567 Doniinicae
2011 3520 2220 3563 millefimo
2235 3515 2476 3560 sexcentesi-

1444 3596 1512 3624 mo
1550 3582 1742 3638 vigefimo
1778 3586 1892 3626 sexto
1925 3583 2068 3622 octavo
2107 3576 2308 3622 Kalendas
2339 3576 2473 3632 Junii,

1443 3640 1711 3685 Pontificatus
1738 3642 1875 3686 Nostri
1910 3643 2033 3683 Anno
2063 3638 2212 3681 tertio.

1499 3704 1608 3744 Cum
1646 3713 1781 3745 autem
1807 3703 1892 3743 Nos
1929 3712 2056 3753 nuper
2082 3697 2196 3739 novis
2224 3700 2360 3739 Domo
2387 3726 2401 3747 ,
2431 3697 2472 3736 &

1438 3760 1621 3805 Ecclefifi
1646 3760 1842 3819 praedictis
1867 3757 2101 3803 constructis
2117 3785 2131 3811 2
2162 3755 2262 3800 &ad
2278 3770 2344 3799 eas
2369 3755 2472 3821 dile.

2343 3818 2411 3860 ms
