2710 4108
304 204 655 349 Digngxfijestas
672 289 911 342 fidelibus,
940 289 1010 347 qui
1035 289 1074 332 in
1103 305 1245 348 magna
1271 306 1341 333 co-

303 352 368 405 pia
386 364 438 392 ex
461 353 563 392 locis
580 350 842 408 longinquis,
872 353 909 393 &
925 351 1085 406 quidem
1112 353 1276 405 potiore
1290 364 1340 393 ex

1111 174 1637 264 Provincia

1400 299 1482 336 rias
1496 322 1510 344 ‚
1540 300 1601 336 tta
1627 301 1756 335 tomen
1769 320 1784 344 ,
1813 301 1860 335 ut
1871 295 2040 350 recipere
2054 307 2129 337 non
2147 297 2308 339 valeant
2324 326 2337 349 ‚
2367 298 2447 343 nm

1394 361 1471 408 pro
1488 350 1632 410 Mffs,
1663 349 1802 403 quibus
1824 354 1988 395 Fratres
2015 353 2160 396 ibidem
2175 356 2351 411 degentes
2362 359 2438 410 sa-

301 420 418 462 parte
439 424 529 451 cum
560 421 660 453 voto
686 408 864 452 faciendi
909 409 1115 452 celebrari
1152 406 1308 452 Missam
1327 436 1342 461 ,
1403 408 1586 468 tisfaccre
1617 412 1877 463 voleant3vel
1889 411 1953 466 ,st
1971 413 2084 455 ultra
2108 418 2334 470 recipiant,
2364 415 2442 456 ad-

301 467 397 508 illuc
412 469 619 510 confluunt
638 498 653 521 ,
685 468 834 510 multas
858 466 1057 525 dispensat
1071 468 1221 524 gratias
1240 497 1254 509 .

1402 479 1582 512 moneant
1604 470 1768 524 singulos
1781 495 1795 518 ,
1825 475 1893 524 qut·
1915 471 2172 528 elargiuntur
2186 500 2201 523 ,
2230 486 2440 516 numerum

361 528 522 569 Crescit
544 542 704 584 quoque
741 527 783 567 in
807 527 893 569 dies
914 526 1060 583 Populi
1091 527 1309 569 concursus
1326 553 1341 577 ,
1399 528 1697 586 Mss'arumfft
1711 528 1802 569 adeo
1817 542 1999 584 magnum
2014 559 2028 581 ,
2063 540 2110 573 ut
2131 534 2346 575 intentioni
2369 530 2440 590 Of-

301 581 520 641 praesertim
554 599 605 628 ex
619 586 832 628 occasione
847 586 1067 642 gratiarum
1080 586 1249 627 aetionis
1262 599 1338 640 pro

299 642 606 701 praeservatione
631 645 653 688 ἃ
669 645 808 696 bello,
838 647 876 686 δι
891 644 998 700 peste
1015 672 1030 694 ,
1059 644 1207 700 quibus
1219 644 1333 687 annis

297 704 561 762 praeterlapfis
578 704 722 747 vicinia
749 702 819 745 illa
835 697 1165 746 sueratinfestata
1180 730 1191 744 .
1225 704 1332 744 Cum

299 774 437 807 autem
453 764 652 820 Capucini
667 763 721 804 ob
737 764 918 805 Decreta
934 766 974 805 S.
993 761 1333 817 Congregationis

298 825 350 864 de
378 823 647 865 Celebratt'one
663 819 900 878 Miffarum,
933 834 1102 862 numero
1127 817 1333 862 Miffarum

299 879 528 924 satisfacere
544 889 776 937 nequeant,
810 880 898 922 illas
923 878 1102 923 refutare
1116 888 1334 933 coguntur.

296 938 521 984 Praesertim
547 967 561 990 ,
601 953 694 983 cum
720 939 760 980 in
789 951 842 980 eo
882 939 975 982 loco
1012 938 1079 979 alii
1110 938 1334 992 Religion,

296 1009 443 1055 praeter
468 999 568 1041 duos
597 1001 798 1049 curatos,
831 1001 1095 1041 Conventum
1117 998 1195 1039 ΡΡ.
1219 998 1335 1038 Con-

297 1059 541 1101 ventualium
557 1087 569 1109 ,
600 1057 637 1099 in
652 1070 732 1113 quo
748 1065 882 1100 tamen
911 1070 988 1098 non
1009 1055 1079 1097 nifi
1106 1055 1191 1097 duo
1219 1054 1335 1096 habi-

294 1127 382 1159 tant
407 1144 421 1165 ,
452 1119 491 1159 &
517 1119 782 1159 Conventum
809 1119 887 1159 ΡΡ.
914 1114 1332 1169 Augustinianorum...

297 1176 476 1219 Familiae
502 1173 742 1224 ordfnariae,
775 1188 852 1216 non
876 1173 1042 1215 existant
1070 1201 1081 1213 .
1116 1174 1222 1215 Hinc
1246 1175 1332 1214 Re-

295 1234 442 1288 ligiofis
469 1264 481 1286 ,
525 1234 590 1288 qui
619 1231 830 1276 concursui
854 1230 1058 1275 Miffarum
1095 1228 1331 1274 satisfacere

294 1293 467 1350 possint,
498 1290 809 1340 deficientibus,
839 1290 968 1349 major
998 1303 1095 1344 pars
1110 1290 1329 1339 Fidelium,

293 1354 343 1395 ad
364 1352 466 1394 illud
491 1351 766 1394 Sanetuarium
791 1351 1121 1393 concurrentium
1149 1348 1329 1392 desolata

291 1411 490 1459 decedit,
520 1423 568 1451 ex
587 1408 764 1464 judicio,
795 1410 903 1465 quod
925 1409 1194 1452 devotionem
1220 1407 1328 1450 suam

293 1470 501 1525 complere
529 1483 609 1510 non
638 1468 819 1525 potuerit
849 1498 860 1510 .
908 1468 1056 1511 Plures
1081 1477 1242 1515 autem,
1268 1468 1329 1509 uti

296 1529 381 1571 sunt
402 1528 579 1570 Personae
605 1540 833 1583 pauperes,
866 1529 905 1569 &
927 1526 1096 1585 plebejae
1108 1542 1183 1583 pro
1209 1525 1328 1569 dietis

291 1587 414 1631 Miffis
430 1587 550 1630 aliam
569 1585 869 1640 eleemosynam
885 1600 966 1628 non
982 1585 1183 1636 offerunt,
1207 1599 1326 1641 quarn

291 1647 506 1702 imaginem
534 1659 582 1688 ex
598 1659 688 1687 cera
705 1674 720 1695 ,
753 1658 871 1687 unam
898 1644 965 1688 vel
980 1647 1078 1688 duas
1107 1644 1325 1697 candelas,

293 1705 361 1749 alii
379 1719 515 1759 parum
534 1709 673 1759 panis,
706 1703 772 1744 vel
795 1703 999 1759 legumina
1015 1733 1028 1756 ,
1060 1714 1127 1747 aut
1153 1702 1321 1755 similia,

295 1764 513 1807 aliiautem
543 1774 665 1806 tenue
682 1761 920 1816 stipendium
946 1764 1232 1816 pecuniarum.

348 1825 612 1878 Quapropter
636 1821 842 1865 sanctitati
879 1821 1031 1865 Vestrae
1056 1820 1326 1879 supplicatur,

289 1892 487 1936 quatenus
521 1879 752 1922 concedere
775 1879 968 1934 dignetur
991 1908 1005 1930 ,
1047 1891 1091 1922 ut
1124 1879 1325 1935 capucini

289 1939 501 1980 devotioni
532 1967 546 1989 ,
575 1941 615 1980 δι
635 1937 874 1992 obligationi
898 1939 1035 1994 populi
1059 1953 1153 1982 cum
1180 1938 1322 1994 praedi·

287 1998 363 2039 ctis
381 1995 488 2040 Missa
497 2011 582 2038 rum
599 1998 702 2038 votis
717 1999 983 2049 accurrentis,
997 2011 1090 2039 cum
1106 2011 1158 2040 eo
1174 2000 1320 2040 Sacer-

292 2056 438 2098 dotum
470 2069 665 2106 numero,
697 2055 817 2108 quiin
842 2055 950 2097 dieto
970 2058 1190 2099 Conventu
1209 2054 1319 2112 juxta

287 2115 459 2156 strictam
483 2114 648 2168 Regulae
663 2113 736 2156 suae
760 2111 1054 2157 observantiam
1073 2114 1317 2157 commorari

285 2174 470 2230 possunt,
500 2171 729 2215 satisfacere
760 2172 950 2222 valeant,
974 2173 1217 2229 recipientes
1231 2172 1319 2217 ele-

286 2231 472 2286 mosynas
509 2231 577 2273 fibi
602 2245 677 2286 pro
705 2244 880 2286 paupere
905 2231 1192 2276 sustentatione
1218 2261 1233 2286 ,
1276 2233 1318 2274 δε

287 2305 360 2346 pro
379 2290 591 2340 Ecclefiae,
623 2303 670 2331 ac
687 2292 927 2333 Conventus
952 2291 1128 2347 praedicti
1154 2289 1315 2334 conser-

287 2350 450 2391 vatione
474 2346 737 2398 neceffarias,
769 2349 808 2390 δι
832 2363 931 2400 eas,
963 2363 1048 2406 quae
1061 2351 1230 2407 pauperi
1248 2349 1316 2392 suo

288 2407 408 2450 victui
434 2418 557 2449 erunt
584 2405 817 2461 superfluae,
849 2407 1075 2452 refutantes
1100 2439 1111 2451 .
1158 2413 1211 2451 Et
1238 2410 1315 2451 hoc

285 2468 326 2509 in
356 2465 476 2508 finem
501 2463 785 2508 conservanda:
814 2467 1043 2510 devotionis
1070 2467 1109 2509 in
1136 2468 1314 2524 popu10,

288 2523 464 2579 augendi
490 2527 615 2580 magis
640 2524 776 2566 cultus
809 2539 903 2582 erga
931 2529 974 2568 Β.
993 2526 1204 2583 Virginem
1232 2553 1246 2575 2
1276 2528 1316 2569 &

283 2583 421 2638 gloriae
446 2596 541 2639 erga
556 2586 687 2626 Deum
703 2610 717 2634 ,
753 2596 873 2638 quem
888 2584 1165 2641 precabuntur
1177 2587 1254 2628 &c-

539 2761 619 2802 Βία
635 2771 676 2809 5.
708 2759 906 2805 februari
935 2761 1058 2810 1651.

344 2935 606 2994 Sanbi't‘fflmus
634 2939 824 2982 Dominus
847 2937 976 2993 noster
998 2953 1047 2989 ex
1070 2941 1316 2982 Sententia...-

283 2999 324 3037 s.
343 2999 665 3052 congregationis
685 3000 851 3040 Concilt't'
869 2996 1091 3041 Tridentini
1116 3002 1316 3054 Interpre-

279 3064 393 3098 trum
426 3083 441 3106 0
472 3059 634 3097 attentis
663 3060 843 3098 narratis
862 3057 1025 3113 benign?
1043 3056 1188 3100 annuit
1212 3087 1226 3109 ,
1268 3065 1315 3099 ut

282 3118 450 3159 Fratres
469 3113 658 3169 Copuct‘nt'
685 3114 781 3156 dieti
799 3117 1017 3158 conventas
1030 3124 1107 3171 pro
1121 3114 1314 3171 eleemosy-

282 3186 334 3213 na
356 3171 565 3230 MJffizrum
590 3176 759 3227 recipere
775 3176 931 3217 valeant
955 3188 1015 3215 res
1043 3175 1099 3216 ad
1118 3176 1309 3219 cultum-³

282 3231 331 3277 ἐς
358 3235 554 3274 ornatum
581 3231 752 3287 Ecclesia·
776 3237 1018 3287 pertinentes
1043 3260 1058 3282 ,
1090 3235 1151 3276 vet
1173 3235 1228 3275 od
1248 3235 1309 3276 vi-

279 3288 382 3332 etum
400 3317 415 3340 ,
443 3290 500 3339 (3·
513 3290 700 3349 vestitum
725 3291 894 3349 ipsorum
925 3296 1119 3336 Fratrum
1142 3292 1306 3351 net-affo-

1069 3472 1291 3535 ΝΟ

1385 586 1615 645 serentium
1639 586 1832 643 lotisn'ert
1859 601 1935 629 non
1943 587 2055 646 poffi't
2076 587 2165 647 ‘'ps‘'
2183 590 2439 650 Mtstorumc.»

1392 645 1664 697 celebratione,
1678 658 1723 686 ac
1735 645 1932 702 Sacrt'fi'ct't'
1958 649 2220 702 applicatione
2239 679 2252 702 ,
2268 649 2351 709 ſsd
2371 659 2442 692 ta·

1393 717 1478 746 men
1515 718 1572 746 eos
1617 706 1834 760 participes
1872 706 1971 761 fore
2008 709 2244 750 Orationum
2284 737 2298 758 ,
2344 721 2432 762 qua

1393 768 1437 805 in
1469 761 1571 806 dieto
1604 768 1802 807 Conventa
1836 761 1976 820 affidut'
2000 774 2081 819 pro
2102 763 2428 824 Benefhfforibut

1383 821 1494 879 fiunt
1507 851 1520 862 .

1683 942 1830 984 Frane.
1857 940 2016 982 Paulat-
2032 942 2119 982 Soc.
2136 944 2256 997 Cong.
2282 945 2431 987 Secret-

1454 1104 1690 1223 Erflje’gelt'.
1705 1105 1783 1164 stu
1804 1105 1874 1149 lib.
1887 1109 2031 1149 secret.
2055 1110 2428 1166 congregat-prid.¹

1533 1181 1552 1207 o
1571 1195 1581 1204 .
1599 1177 1696 1220 704.

1389 1303 1505 1318 —

1775 1305 2432 1324 --—-———-·-—-———--

1565 1403 1599 1443 E
1662 1403 1695 1443 P
1755 1403 1776 1443 1
1833 1403 1864 1444 S
1925 1400 1963 1442 T
2022 1402 2062 1443 Ο
2119 1404 2153 1446 L
2213 1404 2254 1444 Α

1457 1520 1593 1570 Sacrae
1612 1518 1859 1589 Congregat.
1877 1518 1913 1568 E
1909 1518 2065 1588 pistop.
2079 1526 2134 1578 δέ
2151 1519 2359 1590 Regular.

1385 1654 1563 1701 Fratres
1581 1686 1595 1708 ,
1611 1650 1731 1699 circa
1749 1647 2117 1716 quaestuationem
2140 1651 2187 1700 in
2207 1652 2310 1701 loco
2325 1650 2427 1703 8012

1453 1723 1627 1790 pitelli,
1657 1720 1838 1778 vexari,
1870 1735 1951 1770 aut
1968 1720 2205 1788 impediri,
2243 1720 2425 1790 Episco-

1453 1809 1513 1860 po
1526 1788 1862 1843 Ventimilienfi
1880 1791 2107 1841 inhibetur
2132 1827 2146 1840 .

1414 1930 1615 1988 Illustrt‘s,
1639 1931 1693 1982 ῤ’
1719 1932 1936 1975 Admodum
1967 1933 2184 1976 Reverendo
2196 1934 2395 1986 Domine,

1770 1996 1832 2034 uti
1854 1994 2003 2034 Frater
2015 2021 2031 2032 .

1496 2111 1582 2153 AM
1610 2110 1634 2153 ὲ
1661 2111 1785 2151 Sacra
1826 2108 2166 2164 congregatione
2204 2109 2383 2153 Concilii
2405 2138 2420 2161 ,

1524 2167 1776 2224 quametiam
1789 2168 1841 2210 ab
1869 2167 1941 2209 illa
1973 2165 2261 2223 Episcoporum
2285 2167 2422 2225 saepius

1378 2227 1451 2269 suit
1468 2225 1647 2269 decisum
1660 2252 1674 2274 2
1699 2227 1805 2281 quod
1823 2226 2007 2268 locorum
2018 2227 2221 2271 Ordinarii
2241 2227 2422 2283 Regula-

1376 2288 1485 2330 ribus
1505 2285 1703 2327 Ordinum
1719 2285 2041 2329 Mendicantium
2060 2312 2075 2335 ,
2096 2286 2136 2327 in
2150 2286 2250 2329 locis
2276 2300 2418 2328 eorum

1378 2343 1645 2394 Dioeceseos,
1679 2343 1717 2385 in
1731 2345 1877 2400 quibus
1907 2344 1946 2387 hi
1972 2347 2213 2388 Conventus
2232 2345 2385 2387 habent
2401 2368 2417 2394 ‚

1376 2419 1456 2447 non
1484 2403 1626 2459 poffint
1649 2403 1869 2458 prohibere
1892 2401 2225 2459 quaessuationetn
2240 2404 2423 2448 eleemo—

1375 2463 1506 2519 synae,
1521 2464 1561 2504 δι
1573 2460 1666 2504 casu
1680 2488 1694 2510 a
1721 2476 1802 2518 quo
1819 2463 1923 2504 hanc
1938 2469 2053 2504 extra
2073 2461 2158 2505 loca
2171 2489 2186 2512 ,
2216 2464 2256 2505 in
2275 2463 2420 2518 quibus

1376 2527 1621 2566 Conventus
1638 2521 1840 2571 existunt,
1871 2519 2007 2564 facere
2035 2521 2216 2574 vellent,
2245 2520 2418 2564 sufficiat

1374 2581 1570 2625 exhibere
1590 2583 1749 2623 suorum
1766 2581 2029 2636 superiorum
2050 2581 2280 2623 licentiam.
2313 2580 2418 2622 Inde

1376 2640 1622 2697 Amplitudo
1639 2641 1725 2681 Tua
1742 2637 1973 2695 supradietis
1992 2640 2181 2683 Decretis
2195 2640 2236 2681 se
2252 2637 2418 2681 confor-

1375 2712 1462 2743 met
1480 2728 1494 2749 ,
1524 2702 1619 2755 quin
1639 2700 1874 2753 Capucinos
1890 2698 2214 2754 Sospitelliillius
2234 2697 2417 2742 Dioeces.

1379 2759 1429 2802 ad
1445 2759 1567 2803 aliam
1588 2758 1823 2810 licentiam,
1847 2760 1896 2800 ab
1918 2758 2073 2801 Eadem
2101 2758 2322 2812 petendam
2345 2756 2418 2800 ad-

1374 2819 1564 2874 stringat.
1595 2816 1721 2873 Qod
1750 2817 2021 2873 Amplitudini
2052 2819 2146 2859 Tuae
2164 2815 2415 2873 fignificare‚
2464 2821 2466 2823 ’

1375 2875 1683 2921 Eminentiffimi
1709 2877 1875 2919 Domini
1898 2876 1978 2920 mei
2010 2877 2106 2918 mihi
2142 2876 2410 2931 ordinarunt.

1376 2940 1486 2981 Deus
1502 2949 1590 2978 eam
1612 2935 1828 2976 conservet
1842 2965 1853 2976 .

1435 2997 1574 3038 Romae
1593 3008 1606 3035 t
1622 3007 1654 3035 ι.
1670 2995 1917 3038 Novembris
1940 2995 2061 3050 1639.

1619 3114 1680 3163 A.
1693 3113 1820 3164 Card.
1841 3111 1885 3163 S.
1907 3113 2123 3181 Onupbrit‘
2135 3151 2148 3163 .

1428 3236 1486 3277 Ex
1502 3235 1598 3291 Reg.
1615 3234 1758 3274 secret.
1775 3237 1963 3289 Congreg.
1971 3232 2188 3292 pred-jol.
2204 3230 2301 3276 226.

1382 3473 1625 3536 TA.

290 3615 511 3656 Illustriffimo
534 3615 692 3654 Domino
715 3614 887 3666 Episcopo
912 3620 1129 3666 postmodum
1158 3619 1258 3667 plene
1282 3622 1324 3658 ad
1348 3622 1451 3670 hujus
1477 3620 1633 3668 Epistola:
1658 3628 1814 3657 tenorem
1838 3630 1907 3656 non
1928 3617 2125 3656 tenestem
2149 3643 2162 3663 ‚
2186 3617 2221 3655 ⁸<
2247 3618 2266 3654 i
2290 3618 2403 3655 Fratre

325 3664 526 3713 quaestunnte
540 3689 552 3709 ,
564 3666 666 3702 toties
679 3666 814 3712 quoties
829 3668 994 3705 licentiam
1006 3669 1144 3707 suorum
1155 3671 1379 3718 Superiorum
1393 3671 1451 3709 libi
1462 3669 1619 3707 exhiberi
1635 3670 1762 3707 debere
1777 3668 2010 3717 pretendente
2019 3692 2032 3712 ‚
2045 3667 2110 3704 alis
2124 3666 2276 3718 ejusdem
2290 3667 2402 3704 Sacr-

329 3714 622 3761 Congregationis
643 3715 809 3764 epistola,
832 3717 877 3755 ab
895 3717 1089 3766 hujusmodi
1112 3718 1328 3766 praetenfione
1347 3730 1384 3757 ut
1409 3719 1564 3766 aptista,
1588 3718 1653 3758 tuit
1676 3717 1830 3756 monitus
1843 3745 1855 3764 ,
1879 3729 1918 3755 ut
1940 3717 2114 3765 sequitur:

2285 3820 2368 3860 Illa·
