2762 4108
1034 224 1668 329 Lombardiae.

314 342 610 389 institutionem
623 337 870 395 respiciunt,
884 345 978 380 vota
992 340 1166 393 paternis
1183 339 1343 397 semper

313 396 1352 512 ssz‘ffilzffisszssfflatssffz‘{32253‘5532‘321

312 525 398 568 fios
414 521 459 566 in
486 520 563 564 boc
584 528 725 562 eorum
750 513 948 559 laudabili
976 511 1183 571 propolito
1206 514 1351 559 confo-

313 593 444 630 vere,
468 576 511 620 δι
532 573 639 620 illud
655 603 671 625 ,
697 583 890 629 quantum
901 587 995 617 curn
1014 574 1106 618 Deo
1118 570 1317 628 poffumus
1332 603 1348 627 ,

481 646 553 679 ere
581 632 767 676 volentes
790 660 806 686 ,
846 646 1003 676 necnon
1031 633 1347 678 communitatis

310 653 538 752 {uniusmodi
555 690 777 748 fingularcs
795 689 982 749 personas
1005 688 1028 734 i
1048 690 1252 748 quibusvis
1275 705 1349 735 ex-

310 750 688 803 communicationis
713 750 824 801 δια,
853 752 892 794 δι
915 748 1115 796 absolutas
1141 747 1232 795 fore
1247 763 1349 794 cen·

309 808 472 865 sentes,
493 807 719 866 hujusmodi
744 807 1097 865 supplicationibus
1128 807 1311 853 inclinati
1337 836 1352 859 ,

309 869 559 917 Discretioni
573 870 668 912 'l'uae
681 869 803 924 perA
862 868 1000 913 stolica
1014 866 1161 923 scripta
1185 865 1351 913 ntanda-

310 942 403 977 mus
419 957 436 981 ,
464 937 699 988 quatenus,
723 925 748 968 fi
770 940 796 969 e
854 927 912 971 ita
938 955 954 980 ,
979 926 1131 971 eisdem
1154 926 1353 970 Commu-

308 989 458 1039 nitati,
487 988 528 1030 δι
553 985 822 1036 Hominibus,
852 995 899 1031 ut
925 998 1050 1029 unum
1061 983 1349 1030 Monasterium

308 1045 551 1093 Monisliurn
565 1043 864 1100 Capucinarum
878 1041 1347 1100 nuncupamumssrdi-

309 1107 374 1152 nis
392 1108 433 1150 S.
449 1099 647 1150 Francisti
663 1100 893 1158 hujusmodi
908 1117 1000 1147 cum
1017 1101 1194 1149 Ecclesia
1209 1114 1348 1155 ,cam-

308 1163 436 1223 panili
451 1191 468 1215 ,
493 1161 725 1216 campanis,
749 1160 947 1213 claustro,
976 1159 1224 1212 refectorio,
1248 1159 1348 1203 dor·-

309 1221 478 1268 rnitorio
487 1249 502 1274 ,
514 1220 752 1266 emeterio
763 1247 778 1270 ,
791 1232 886 1264 area
899 1247 915 1270 ,
925 1220 1045 1264 cellis
1057 1248 1072 1272 ,
1085 1220 1212 1263 bortis
1223 1247 1238 1270 ,
1251 1219 1347 1261 hor·

310 1281 483 1328 inlinis,
512 1278 683 1335 aliisque
707 1276 836 1321 solitis
851 1277 1020 1324 officinis
1041 1307 1057 1330 ,
1085 1278 1128 1322 sc
1154 1276 1347 1320 membris

303 1336 538 1386 neceli'ariis
553 1367 570 1390 ,
593 1339 635 1382 ἃ.
659 1337 898 1393 opportunis
921 1337 1095 1384 construi
1125 1334 1265 1382 facere
1297 1336 1349 1379 li·

309 1397 439 1450 bere,
468 1398 509 1439 ἃ
525 1395 638 1441 licite
663 1395 858 1451 valeant,
888 1395 1097 1442 licentiam
1111 1424 1127 1447 ,
1149 1396 1193 1441 &
1216 1393 1349 1439 facul·

310 1466 470 1504 tatem,
499 1453 577 1501 fine
605 1466 739 1500 tamen
753 1453 924 1512 alicujus
944 1454 1184 1514 prejudicio
1198 1484 1215 1506 ,
1240 1453 1348 1499 libe.

308 1516 384 1567 r‘e,
413 1512 870 1566 aclicite,auetoritate
891 1515 1024 1560 nostra
1047 1513 1280 1565 concedas,
1306 1514 1347 1559 δι

310 1573 558 1631 impartiaris
577 1586 594 1626 ς
623 1572 690 1617 seu
706 1600 720 1624 ,
744 1582 942 1628 quatenus
957 1572 1036 1631 jam
1050 1571 1316 1617 constructum
1330 1599 1346 1624 ,

307 1634 349 1677 &
375 1631 518 1677 debita
543 1628 727 1677 clausurn
755 1631 955 1676 munitum
984 1629 1109 1675 fuerit
1126 1655 1142 1680 ,
1168 1630 1273 1676 illud
1305 1630 1346 1674 in

309 1690 605 1737 Monasterium
635 1690 881 1757 monialium
905 1690 1209 1757 Ccpucinarum
1241 1703 1349 1757 nun·

308 1763 389 1851 3¹25
390 1747 1121 1860 3‘2mssss23222‘2215220i'2532‘332
1132 1761 1190 1861 Γ
1176 1759 1349 1851 8ἱίἴῖ

307 1866 489 1924 petentis
514 1894 530 1919 ,
575 1879 650 1908 nec
678 1866 843 1909 minoris
867 1865 1086 1910 duodecim
1110 1895 1126 1917 ,
1159 1879 1238 1910 nec
1262 1879 1348 1909 rna·

307 1925 405 1982 joris
420 1924 578 1968 numeri
592 1923 756 1979 triginta
771 1925 1024 1977 Monialium,
1037 1938 1122 1981 quae
1136 1924 1347 1976 Habitum,

306 1997 383 2039 per
407 1983 506 2026 alias
520 1983 723 2026 Moniales
749 1984 978 2039 Capucinas
1004 1992 1261 2039 nuncupatas,
1283 1983 1348 2027 di-

304 2042 360 2084 eti
383 2041 546 2084 Ordinis
570 2041 717 2096 gestari
741 2040 903 2085 solitum
927 2040 1156 2099 suscipere,
1186 2055 1233 2084 ac
1250 2044 1346 2084 Pro.

303 2098 531 2153 senionem,
545 2113 620 2158 per
634 2100 795 2146 easdem
808 2101 1010 2144 Moniales
1025 2100 1160 2143 emitti
1180 2101 1347 2143 consue·

306 2168 393 2201 tam
408 2156 626 2216 ,expresse
637 2160 832 2204 emittere
855 2159 1046 2212 valeant,
1069 2172 1226 2202 necnon
1254 2172 1348 2214 per-

305 2227 473 2273 petuam
503 2216 727 2263 clausuram
743 2245 760 2267 ,
781 2219 850 2266 &2
880 2217 1015 2274 quoad
1041 2216 1129 2261 fieri
1157 2217 1309 2271 poterit
1330 2243 1346 2268 ,

305 2275 406 2319 ritus
422 2304 437 2328 ,
450 2290 586 2322 mores
601 2303 617 2327 ,
629 2273 944 2321 consuetudines
959 2305 975 2327 ,
1005 2276 1047 2319 δι
1059 2274 1262 2330 regularia
1283 2274 1344 2318 in·

305 2335 445 2377 stituta
468 2332 651 2391 ejusdem
673 2333 827 2377 Ordins
849 2332 1039 2386 servare,
1065 2333 1342 2389 Divi-isque,

305 2393 483 2444 Officiis,
504 2394 545 2435 &
560 2391 747 2437 laudibus
760 2391 935 2437 insistere
952 2421 968 2445 ,
997 2407 1042 2436 ac
1057 2391 1128 2436 iub
1146 2390 1343 2435 obedien-

306 2453 363 2495 tia
379 2480 393 2506 ,
409 2449 666 2505 vilicatione,
696 2452 951 2496 correctione
963 2478 978 2503 ³
1010 2449 1253 2508 subjectione
1268 2479 1283 2502 ,
1303 2452 1344 2493 &

305 2509 539 2558 omnimoda
550 2511 590 2556 111
595 2510 921 2566 perioritateOrd
928 2510 1041 2554 inarii
1055 2510 1134 2554 loci
1147 2524 1223 2566 pro
1234 2518 1341 2552 tem-

302 2583 406 2627 pore
420 2569 627 2613 existentis
643 2570 781 2614 vivero
794 2569 972 2614 debeant
982 2582 1000 2622 ς
1011 2570 1117 2613 Cum
1133 2567 1341 2623 hoc,quod

301 2628 393 2698 ipsae
419 2628 621 2672 Moniales
646 2628 745 2671 nihil
773 2628 932 2684 prorsus
953 2628 1128 2695 ’.⁰¹s.¹.³¹¹
1153 2641 1339 2670 commu-

305 2685 733 2798 '305'322522‘221‘3‘3‘
741 2683 1336 2802 ὲῖἔυΐέῗὲἷζὲ“ξέἓὲζῗίἱξῖ

304 2805 346 2847 in
364 2802 546 2848 Ecclefia
574 2806 616 2848 S·
633 2805 771 2848 Mariae
785 2805 837 2849 de
852 2802 1084 2849 Turricella
1099 2811 1336 2859 nuncupata:

303 2861 486 2918 ejufflem
497 2862 692 2907 Civitatis
704 2892 720 2914 ,
732 2863 924 2907 canonice
941 2862 1126 2905 institute
1140 2890 1155 2914 ,
1183 2861 1338 2907 eidem·

304 2935 383 2978 que
398 2920 644 2964 Monasterio
656 2949 672 2972 ,
701 2922 742 2964 δι
763 2921 1008 2965 Monialibus
1024 2920 1063 2962 in
1078 2934 1133 2963 eo
1146 2933 1221 2973 pro
1234 2931 1339 2962 tem·

302 2994 404 3037 pore
421 2978 565 3021 futuris
580 3006 594 3029 ,
618 2978 767 3022 nedum
782 2978 837 3021 de
854 2980 961 3023 victu
974 3007 988 3030 ,
1015 2980 1056 3022 δι
1070 2978 1212 3022 vestitu
1229 3007 1244 3031 ,
1268 2976 1336 3021 sed

302 3039 429 3082 etiam
458 3037 512 3081 de
537 3036 628 3080 aliis
657 3037 778 3080 rebus
816 3037 867 3080 ad
899 3050 1042 3080 earum
1065 3036 1335 3079 commodita-

301 3109 389 3142 tem
404 3125 419 3149 ,
448 3110 494 3139 ac
511 3095 651 3138 Dirini
669 3092 820 3139 Cultfis
848 3094 1044 3139 decorem
1059 3123 1074 3147 ,
1101 3096 1138 3137 δι
1157 3094 1337 3137 venusta·

303 3168 385 3201 tem
401 3184 415 3207 ,
444 3153 674 3198 eorundem
702 3153 937 3198 Monasterii
952 3181 968 3204 ,
991 3155 1032 3196 &
1054 3151 1242 3196 Ecclefiae
1270 3165 1335 3196 re-

297 3214 590 3259 llaurationcm
625 3212 905 3269 spectantibus,
927 3210 1169 3267 providendi
1198 3224 1334 3255 curam

302 3273 508 3331 perpetuo
522 3281 667 3327 gerant
685 3300 699 3324 ,
726 3282 849 3327 prout
879 3268 930 3313 ad
957 3268 999 3312 id
1017 3269 1055 3312 se
1069 3268 1332 3326 obligarunt,

301 3332 407 3376 dieta
433 3331 670 3374 austeritate
685 3359 700 3382 ,
727 3328 951 3372 dummodo
965 3327 1070 3371 dieta
1087 3325 1333 3372 Confrater·

299 3391 408 3435 nitas
423 3418 437 3442 ,
463 3390 528 3433 cui
547 3403 647 3432 cura
663 3389 742 3433 erit
758 3389 811 3430 de
830 3388 949 3430 rebus
967 3384 1194 3431 necelsariis
1209 3416 1224 3440 ,
1242 3389 1333 3431 Mo·

299 3447 509 3500 nasserio,
530 3450 573 3491 δι
597 3448 845 3492 Monialibus
873 3444 1100 3501 hujusmodi
1120 3474 1136 3498 ,
1170 3456 1214 3488 ut
1243 3459 1333 3500 prae·

303 3506 467 3558 fertur,
482 3507 705 3563 providere
717 3535 732 3559 ,
744 3519 835 3548 cum
852 3505 954 3547 bona
973 3503 1141 3556 stabilia,
1156 3503 1222 3546 vel
1241 3504 1331 3547 red-

303 3565 412 3608 ditus
439 3578 595 3609 annuos
617 3575 753 3609 certos
779 3579 858 3607 non
886 3561 1105 3620 postidea,
1132 3572 1332 3619 quatuor,

302 3634 377 3668 aut
399 3624 579 3681 quinque
604 3619 872 3683 fidejussores
896 3622 1065 3666 idoncos
1089 3620 1302 3664 constituat
1316 3649 1333 3672 ,

302 3682 371 3739 qui
397 3680 448 3726 ad
463 3683 706 3729 Monialium
728 3682 953 3727 earundem
978 3680 1334 3730 sustentationem,

305 3756 354 3784 ac
384 3742 620 3786 Mon-nerii
650 3741 831 3800 ejusdem
863 3743 1208 3785 manutentionem
1250 3741 1289 3781 se
1315 3766 1331 3789 ,

299 3810 507 3857 ,tamquam
535 3801 779 3860 principales
802 3799 1108 3859 principaliter,
1137 3799 1176 3841 δι
1203 3798 1242 3839 in
1268 3796 1330 3854 sog

2193 231 2354 313 261

1405 342 1533 388 lidum
1574 344 1763 401 obligent
1786 368 1803 394 ,
1843 341 2047 400 perpetuo
2092 342 2224 399 erigas
2252 373 2268 397 ,
2311 345 2351 385 &
2378 343 2446 385 in-

1402 398 1542 445 stituas
1565 432 1582 457 ,
1624 401 1766 456 illique
1798 412 1850 445 ex
1887 413 1992 443 nunc
2010 427 2026 451 ,
2051 414 2167 455 prout
2194 402 2440 460 postquam-⁴

1411 464 1622 512 ereetum,
1654 460 1692 505 fit
1715 457 1941 504 institutum
1964 455 2118 507 fuerit,
2146 474 2193 502 ac
2222 461 2331 504 illius
2358 462 2442 505 Ab·

1412 516 1588 573 batiffae,
1610 520 1653 564 Bt
1678 516 1954 570 Monisb'bus,
1981 526 2028 558 ut
2054 518 2241 561 omnibus
2256 546 2271 568 ,
2294 521 2334 562 δι
2364 522 2443 563 sin-

1438 576 1514 621 ulis
1528 575 1755 634 privilegiis
1770 604 1785 627 ‚
1798 573 2118 619 immunitatibus
2134 602 2150 626 ,
2175 579 2445 643 exemptioni-

1470 648 1489 677 s
1503 634 1744 689 ,favoribus
1759 661 1773 685 .
1785 632 2104 679 conceffionibus
2121 661 2135 685 ,
2160 633 2323 677 indultis
2340 665 2355 687 ,
2381 638 2444 676 in-

1408 690 1664 752 dulgentiia,
1694 691 1932 749 caeterisquc
1957 692 2127 750 gratiis,
2155 702 2237 735 tam
2263 691 2445 747 spiritua-

1406 748 1543 806 libus,
1572 764 1694 808 quarn
1710 749 2020 808 temporalibus,
2034 748 2235 810 quibusvis
2248 752 2336 795 aliis
2354 755 2445 793 Μο-

1409 809 1594 855 nasteriis
1620 807 2169 865 MonialiumCapucinarum
2196 821 2445 867 nuncupata-

1411 866 1718 925 ruminandi&
1732 867 1900 912 Ordinis
1929 871 1971 913 S.
1996 868 2220 918 francisci,
2260 867 2446 913 illorum-

1410 942 1495 986 que
1514 924 1732 971 Abbatissis
1748 955 1765 978 ,
1797 926 1993 970 Ministris
2007 956 2023 981 ,
2043 926 2168 971 etiam
2197 926 2445 971 Monialibus

1411 988 1454 1033 in
1480 998 1640 1044 genere
1656 1013 1672 1038 ,
1699 983 1770 1027 vel
1796 985 1836 1028 in
1851 984 2012 1042 specie,
2036 984 2168 1031 etiam
2193 998 2268 1038 per
2300 986 2445 1029 viam-2

1405 1045 1595 1103 iimplicis
1618 1043 2024 1095 communicationis,
2054 1057 2100 1089 ac
2125 1042 2227 1086 aliis
2242 1057 2316 1100 pro
2333 1055 2439 1086 tem-

1406 1119 1513 1164 pore
1538 1101 1852 1161 quomodolibet
1868 1101 2061 1149 couceffis
2076 1131 2092 1155 ,
2117 1102 2157 1144 &
2181 1115 2256 1158 pro
2282 1112 2445 1156 tempo-

1407 1180 1457 1210 re
1482 1159 1790 1214 concedendis,
1816 1162 1964 1219 quibus
1981 1159 2170 1206 omnibus
2190 1161 2287 1211 illa,
2313 1159 2446 1204 &illae

1405 1222 1591 1282 dejure,
1614 1219 1686 1265 ussi
1701 1249 1718 1272 ,
1772 1220 1991 1279 rivilegio‚
2017 1216 2312 1267 consuetudine
2328 1248 2343 1271 ,
2371 1229 2445 1264 aut

1406 1284 1504 1328 aliis
1530 1280 1712 1339 quomod
1759 1279 1845 1324 ibet
1870 1291 2042 1325 uruntur
2067 1308 2084 1332 ,
2120 1276 2340 1329 fruuntur,
2369 1290 2447 1334 po—

1408 1343 1598 1393 tiuntur,
1622 1337 1886 1401 &gaudent,
1910 1352 1959 1381 ac
1976 1335 2156 1391 uti,srui
2170 1367 2188 1390 ,
2220 1337 2373 1404 potiri,
2401 1336 2443 1377 &

1406 1398 1809 1507 fir‘ffissztussiflz‘ass
1835 1399 1878 1443 ⁶⁶
1952 1395 2444 1508 ,fflfizss‘ffll'sse‘ss

1405 1527 1602 1562 revocata
1624 1543 1639 1568 ,
1677 1516 1717 1558 δι
1744 1513 1816 1571 sub
1840 1515 1936 1559 uilis
1959 1515 2291 1559 revocationibus
2329 1526 2444 1556 com-

1403 1574 1626 1634 prehensa,
1644 1587 1779 1631 neque
1790 1573 2157 1619 constitutionibus
2170 1572 2413 1627 Apostolicis
2426 1598 2443 1624 ,

1406 1646 1477 1679 aut
1501 1634 1634 1681 Sacris
1661 1634 1896 1678 canonibus
1911 1660 1928 1685 ,
1955 1632 2020 1677 vel
2051 1632 2242 1676 Decretis
2259 1630 2443 1675 Concilii

1410 1692 1645 1739 Tridentini
1673 1703 1934 1748 repugnent,
1967 1691 2178 1743 fimiliter,
2204 1692 2245 1735 δι
2272 1687 2448 1746 parifor-

1406 1756 1532 1798 miter
1548 1750 1694 1806 absque
1707 1751 1795 1795 -ulla
1816 1753 1980 1807 prorsus
1992 1748 2227 1795 differentia
2245 1778 2260 1803 ,
2272 1748 2350 1796 uti,
2365 1745 2446 1790 frui

1407 1812 1591 1869 potiri,&
1606 1809 1786 1866 gaudere
1803 1810 1984 1855 valeant:
2002 1808 2414 1865 necnonCapellanos
2428 1833 2445 1859 ,

1405 1873 1447 1917 &
1461 1866 1738 1916 Confeffarios
1751 1867 1924 1913 idoneos
1938 1884 1988 1914 ex
2005 1869 2157 1913 eodem
2172 1867 2332 1912 Ordine
2349 1867 2450 1911 Fra·-

1407 1940 1518 1974 trum
1531 1928 1836 1983 Capucinorum
1856 1955 1872 1979 ,
1898 1930 1922 1972 ὲ
1944 1927 2105 1972 dilectis
2119 1927 2230 1971 Filiis
2244 1923 2447 1982 Capitulo

1407 1986 1642 2037 (imerali,
1664 1985 1730 2028 seu
1756 1985 2001 2030 Provinciali
2028 1986 2079 2030 ad
2107 1985 2148 2029 id
2165 2000 2239 2042 pro
2254 1996 2445 2041 tempore

1405 2046 1655 2102 deputatos,
1668 2043 1789 2099 quiin
1804 2044 1987 2088 Ecclesia
2001 2045 2238 2088 Monasterii
2254 2074 2268 2097 ,
2282 2053 2328 2087 ut
2342 2056 2444 2099 prae-

1408 2106 1565 2152 fertur,
1586 2101 1806 2158 erigendi,
1825 2101 1959 2145 Miffas
1976 2131 1991 2154 ,
2011 2104 2049 2145 &
2077 2103 2155 2146 alia
2173 2103 2318 2145 Divina
2342 2099 2444 2144 Offi-

1406 2165 1466 2208 cia
1493 2160 1739 2211 celebrare,
1767 2159 1915 2215 illique
1947 2161 1988 2203 in
2016 2160 2176 2203 Divinis
2201 2159 2441 2211 deservire,

1405 2220 1582 2279 ipsasque
1606 2216 1832 2262 Abbatiffas
1845 2244 1862 2268 ,
1889 2220 1930 2261 &
1946 2219 2148 2263 Moniales
2162 2248 2179 2272 ,
2197 2234 2244 2263 ac
2267 2233 2442 2267 earum„

1401 2278 1578 2335 ungulas
1596 2278 1636 2320 in
1650 2273 1729 2320 suis
1743 2275 2068 2321 Confeffionibus
2084 2280 2227 2323 audire
2239 2307 2254 2330 ‚
2277 2278 2442 2335 illisque

1405 2343 1665 2383 Sacramenta
1684 2334 1960 2381 Ecclefiastica
1975 2336 2203 2382 ministrare
2218 2338 2346 2380 libere
2361 2366 2376 2388 ,
2399 2339 2441 2379 δι

1403 2396 1518 2442 licite
1541 2394 1686 2452 poffint
1705 2423 1721 2446 ,
1743 2395 1868 2437 etiam
1883 2399 2089 2452 perpetuo
2105 2396 2332 2441 concedas:
2351 2399 2438 2439 Nec

1401 2472 1482 2500 non
1492 2454 1849 2506 Communitatk&
1863 2455 2109 2498 Hominibus
2122 2454 2319 2512 praedielis
2332 2469 2439 2513 quae-

1397 2527 1567 2618 ssu:
1587 2507 2437 2627 “25‘2‘0122,3222‘323'33225253325.⁵:3¹⁶

1577 2601 1594 2623 s
2343 2597 2358 2621 9
2418 2596 2438 2608 ·

1399 2647 1500 2690 goi-e
1515 2629 1738 2676 euundem
1749 2629 2003 2686 praesentium
2018 2629 2207 2684 erigendi
2217 2659 2233 2682 ,
2243 2629 2435 2685 illiusque

1397 2691 1657 2748 personarum
1670 2717 1686 2740 ,
1712 2689 1756 2728 δι
1782 2700 1920 2730 rernm
1933 2700 2100 2737 curam,
2125 2688 2307 2742 regimen
2322 2714 2337 2738 ,
2357 2701 2435 2742 gu.

1395 2745 1878 2797 berniumdireetionem,
1890 2747 1931 2787 &
1941 2744 2325 2788 administrationem
2339 2773 2354 2795 ,
2370 2746 2436 2787 di·

1395 2809 1630 2861 clarumque
1642 2803 1885 2849 Monialium
1901 2803 2178 2861 receptionem
2195 2831 2210 2855 ,
2235 2802 2435 2846 admiffio-

1397 2878 1492 2910 nem
1507 2893 1523 2916 ,
1534 2873 1696 2906 :tatem
1709 2864 1973 2919 ,qualitatem
1989 2890 2005 2913 ,
2022 2863 2170 2905 vietum
2184 2891 2199 2913 ,
2214 2863 2402 2905 amic‘lum
2417 2889 2432 2914 ,

1397 2923 1696 2967 instructionem
1713 2950 1728 2972 ,
1759 2922 1800 2963 δι
1825 2920 2079 2977 disciplinam
2106 2921 2401 2977 pertinentium
2417 2948 2432 2972 ,

1396 2984 1438 3025 δι
1465 2981 1565 3024 aliis
1590 2980 1705 3022 utilia
1732 3008 1747 3031 ‚
1784 2981 1826 3021 ἀ
1851 2976 2096 3030 neceffaria,
2126 2980 2241 3021 licita
2266 2990 2430 3026 tamen.

1396 3043 1438 3085 fle
1463 3037 1629 3083 honesta
1642 3065 1657 3090 ,
1685 3051 1730 3079 ac
1746 3036 1883 3080 Sacris
1906 3037 2139 3080 Canonibus
2153 3065 2168 3089 ,
2182 3038 2225 3079 dt
2236 3038 2429 3080 Decretis

1396 3098 1578 3144 Concilii
1595 3095 1831 3140 Tridentini
1847 3122 1864 3144 ,
1879 3109 1925 3139 ac
1941 3094 2139 3139 Institutis
2154 3096 2427 3153 Regularibus

1394 3155 1551 3214 prefati
1572 3154 1742 3199 Ordinis
1765 3157 1808 3199 S.
1823 3151 2020 3199 Francisci
2045 3169 2125 3198 non
2147 3155 2375 3206 contraria,
2403 3155 2427 3196 ἑ

1395 3218 1457 3260 Te
1469 3212 1734 3258 examinanda
1749 3242 1766 3265 ,
1788 3215 1832 3258 ἃ.
1856 3212 2116 3270 approbanda
2141 3211 2317 3255 faciendi
2338 3239 2355 3262 ,
2384 3214 2427 3255 δι

1390 3273 1571 3324 edendi,
1598 3287 1645 3316 ac
1670 3271 1831 3330 quoties
1845 3286 1923 3329 pro
1944 3285 2086 3314 rer-nm
2101 3300 2116 3323 ,
2138 3273 2179 3314 ἀ
2193 3281 2423 3325 temporum

1391 3331 1654 3392 qualitatibus
1676 3362 1694 3384 ,
1716 3329 1786 3375 seu
1810 3331 1911 3376 aliis
1934 3330 2160 3388 expediens
2190 3330 2423 3380 videbitur,

1392 3404 1485 3436 cum
1508 3393 1746 3436 interventu
1761 3416 1776 3438 ,
1801 3388 1871 3434 stu
1897 3390 2045 3447 provio
2058 3387 2241 3432 examine
2257 3414 2273 3436 ,
2302 3390 2341 3431 δι
2354 3403 2424 3442 ap-

1393 3451 1637 3508 probatione
1663 3458 1732 3492 tua
1753 3447 1824 3492 illa
1837 3447 2139 3498 commutandi,
2166 3446 2423 3506 corrigendi,

1393 3508 1665 3558 moderandi,
1692 3505 1965 3558 reformandi,
1984 3520 2032 3548 ac
2055 3507 2180 3549 etiam
2202 3505 2280 3550 alia
2293 3521 2344 3551 ex
2359 3507 2422 3550 in-

1391 3577 1513 3625 tegro
1534 3565 1766 3611 condendi:
1797 3580 1844 3609 ac
1869 3575 2063 3622 preterea
2086 3578 2162 3620 pro
2176 3565 2421 3609 Monialium

1394 3626 1433 3670 in
1459 3625 1569 3670 dieto
1595 3623 1882 3676 Momasterio,
1913 3634 1958 3666 ut
1988 3621 2229 3680 praefertur,
2255 3626 2421 3682 erigen-

1391 3683 1448 3727 do
1471 3712 1487 3735 ,
1525 3683 1914 3728 introducendum
1940 3678 2132 3740 prospera
2164 3682 2419 3733 direffione,

1389 3758 1435 3787 ac
1464 3746 1503 3787 in
1530 3746 1640 3793 ritu,
1661 3743 1841 3786 moribus
1858 3770 1874 3794 ,
1899 3743 1940 3784 δι
1966 3741 2239 3796 Regularibus
2263 3742 2419 3784 institu-

1389 3804 1440 3846 tis
1455 3802 1710 3847 instructione
1722 3800 1909 3855 duassvel
1925 3800 2332 3900 tresMonialesfidlid
2349 3813 2424 3853 voa

2295 3873 2366 3902 un·
