2710 4108
1063 200 1587 322 *Tusciaer

2147 246 2316 326 4¹1

259 312 381 357 tionis
397 312 618 357 Dominicae
633 295 845 356 millefimo
868 308 1171 368 sexcentesimo,
1187 320 1291 371 duo-
1351 320 1490 371 seclis,
1517 320 1677 375 plenius
1700 322 1961 365 continetur.
1996 328 2049 369 Et
2077 327 2174 371 ficut
2205 346 2255 374 ex
2280 318 2379 373 'infi-

259 372 423 415 decimo
448 372 648 415 Kalendas
673 367 838 426 Augusti
866 400 878 412 .
912 372 1173 417 pontificatus
1199 380 1287 421 No.

259 429 462 476 striAnno
485 443 621 472 nono.

431 546 504 587 Pro
532 543 683 602 Illustr.
709 548 765 587 D.
793 559 875 588 nea
891 547 1100 590 cardinali
1113 551 1292 595 Monta}-

487 610 528 644 ¹0
542 605 645 658 ssm·
741 663 802 715 A.
833 663 962 714 Card.
997 663 1188 738 Perettus
1206 702 1219 716 .

435 788 510 831 sto
538 790 726 834 aevom.
741 794 795 834 D.
815 795 877 835 M.
893 817 897 820 ·
912 791 1052 851 resti-10
1068 792 1292 838 Bai-biano.

664 909 713 951 Χ..
738 911 948 955 frenatus.

842 1027 900 1070 A.
926 1026 984 1070 de
998 1026 1173 1071 Alexiis.

378 1141 497 1187 nana
508 1141 695 1201 seruata
708 1144 752 1184 in
768 1143 938 1187 Arrbivo
950 1145 1192 1189 Montanum
1203 1174 1217 1189 .

1202 1273 1291 1290 ..n-

261 1365 498 1419 Fabricam
533 1367 798 1420 earumdem
814 1370 1093 1421 Monialium
1122 1373 1168 1421 in
1186 1373 1289 1420 Mo·

331 1435 576 1488 nasterium
603 1437 684 1487 sub
712 1440 999 1491 invocatione
1034 1443 1288 1512 S.Joannia

329 1506 603 1575 Baptistae,ac
617 1509 762 1576 prima
774 1512 956 1580 Regula
980 1513 1029 1562 S.
1041 1516 1187 1564 Clara:
1201 1512 1288 1562 eri·

330 1579 665 1699 Βὲἓηῗῖἕῗῑέῗῖ
689 1578 1288 1704 {fisszcssssa'ffissmugz

330 1666 576 1786 spiritualia
591 1749 608 1777 ‚
625 1719 870 1790 gubernari
900 1671 1164 1794 indulget’.q

324 1860 765 1916 PAULUS
836 1864 1100 1915 PAPA
1172 1869 1237 1917 V.

460 1999 528 2041 Ad
532 2007 766 2055 perpetum
781 2005 843 2046 re}
856 2007 1079 2048 nemoriani
1090 2033 1106 2046 .

365 2130 405 2172 X
429 2127 638 2172 pastoralis
663 2126 796 2171 officii
822 2131 955 2175 Nostri
979 2131 1122 2177 debito
1137 2133 1294 2176 Sanfli-

393 2186 627 2230 monialium
657 2185 766 2230 felici
791 2186 1035 2243 directioni,
1061 2191 1190 2247 quieti
1206 2219 1221 2243 ,
1245 2204 1291 2235 ac

265 2245 582 2303 tranquillitati,
614 2245 917 2299 &augmentm
934 2249 1126 2304 peculiari
1157 2249 1293 2293 studio

265 2303 478 2348 intendere
490 2302 682 2344 debemus
698 2330 710 2343 .
743 2305 853 2346 Cum
864 2307 1007 2363 *itaque
1023 2306 1120 2350 alias
1135 2306 1206 2350 fel.
1222 2321 1289 2350 re·

265 2361 383 2406 cord.
401 2361 598 2405 Clemens
612 2362 715 2417 Papa
728 2362 849 2406 Vnt.
877 2363 1143 2408 Praedeceffor
1158 2365 1290 2409 noster

266 2421 423 2464 dilecte
452 2419 490 2461 in
506 2418 669 2462 Christo
684 2418 793 2462 Piliae
806 2422 997 2467 Pafitheae
1009 2425 1134 2479 Crogi
1149 2423 1289 2468 mulie·

268 2481 303 2522 ri
342 2483 487 2522 Senen.
517 2487 561 2518 ut
595 2478 633 2519 in
665 2478 843 2523 Ecclesia
878 2483 1009 2526 SanCti
1043 2483 1189 2538 AEgidii
1218 2488 1288 2526 Se·

274 2551 370 2580 nen.
386 2564 400 2587 ‚
418 2534 581 2577 &illius
597 2536 748 2578 ambitu
764 2564 779 2588 ,
805 2552 851 2580 ac
867 2541 1014 2583 edibus
1028 2568 1043 2591 ,
1065 2540 1293 2585 &aedificiis

269 2609 392 2638 unum
406 2593 692 2636 Monasterium
706 2595 939 2640 construere
952 2599 977 2641 li
984 2598 1083 2641 bere
1094 2627 1109 2649 ,
1125 2601 1165 2641 δι
1178 2599 1294 2642 licite

272 2653 408 2697 valeat
419 2679 435 2703 ‚
446 2649 681 2695 concesserit
693 2681 709 2704 ,
720 2652 927 2712 ipsumque
940 2670 990 2699 ex
1004 2667 1101 2700 tunc
1113 2685 1126 2708 ‚
1135 2659 1177 2699 δι
1191 2657 1295 2712 post-

270 2724 391 2768 quam
405 2709 672 2752 constructum
687 2741 701 2762 ,
731 2712 773 2754 8ι
792 2712 926 2757 debita
952 2714 1133 2758 clausura
1165 2715 1298 2756 muni-

275 2781 361 2811 tum
375 2767 499 2814 foret,
511 2767 550 2809 in
574 2769 862 2814 Monasterium
874 2774 1107 2816 Monialium
1132 2774 1297 2816 Ordinis

273 2829 424 2871 Sane'tae
441 2825 573 2867 Claroe
588 2853 603 2877 ‚
616 2827 689 2870 sub
702 2829 958 2873 invocatione
986 2833 1115 2875 Sancti
1134 2831 1298 2888 Joannis

273 2884 477 2939 Baptista,
490 2897 583 2926 cum
603 2887 875 2938 coemeterio,
905 2890 1181 2939 Domitor-io,
1212 2891 1298 2931 Re-

277 2943 448 2985 fectorio
463 2969 477 2992 ‚
498 2942 651 2993 hortis,
665 2945 885 2987 hortalitiis
898 2973 914 2997 ‚
929 2946 1093 3003 aliisque
1111 2947 1296 2990 officinis

273 2999 503 3044 necessariis
517 3025 532 3048 ‚
547 3000 587 3041 δι
600 3002 837 3056 opportunis
847 3030 860 3052 ,
873 3017 948 3058 pro
963 3005 1209 3061 competenti
1225 3019 1299 3048 nu·

277 3073 394 3103 mero
411 3058 647 3101 Monialium
659 3087 675 3109 ‚
689 3072 767 3101 non
784 3061 926 3105 minori
936 3060 1156 3106 duodecim
1167 3091 1180 3113 ‚
1196 3063 1298 3107 &ad

278 3118 368 3175 plus
386 3116 526 3172 viginti
539 3116 635 3159 inibi
650 3117 1033 3163 introducendarum
1045 3147 1061 3169 ‚
1102 3134 1158 3164 uae
1172 3120 1300 3164 Habi-

278 3188 365 3220 tum
380 3203 394 3226 ‚
415 3189 486 3230 pcr
500 3174 596 3216 alias
610 3174 809 3219 Moniales
823 3178 990 3220 Ordinis
1004 3178 1068 3234 eju
1088 3178 1182 3221 dem
1197 3182 1298 3222 Sto·

276 3237 346 3277 ἂι
360 3234 492 3278 Clarae
506 3234 647 3289 gestari
663 3232 823 3276 solitum
838 3233 1081 3291 susciperent
1097 3264 1112 3288 ‚
1141 3238 1181 3278 δι
1204 3251 1298 3291 pro-

277 3291 483 3336 feffionem
516 3306 586 3347 per
610 3305 678 3335 eas
701 3293 834 3334 emitti
861 3292 1017 3338 solitam
1054 3295 1296 3337 emitterent

277 3350 506 3405 Regulares
522 3376 537 3399 ,
567 3351 606 3391 δι
622 3351 660 3391 in
674 3349 743 3390 illa
773 3350 842 3391 sub
857 3351 1002 3395 eadem
1029 3353 1188 3407 Regula
1207 3378 1220 3402 ‚
1247 3366 1295 3395 ac

279 3418 474 3464 perpetua
510 3407 686 3450 clausura
702 3435 716 3458 ‚
747 3408 920 3464 regulati
955 3408 1204 3453 observantia
1217 3437 1232 3459 ,
1254 3412 1296 3451 δι

282 3465 518 3513 humilitatis
533 3464 671 3522 spiritu
685 3493 698 3515 ‚
725 3479 877 3508 necnon
906 3469 1153 3522 paupertatis
1171 3467 1265 3523 iugo
1280 3496 1296 3519 ‚

280 3528 321 3567 δι
331 3522 563 3567 omnimoda
577 3525 798 3566 visitatione
811 3550 826 3573 ‚
842 3524 1108 3578 iurisdictione
1120 3554 1135 3575 ,
1148 3527 1188 3566 dt
1203 3539 1298 3568 cor-

282 3583 462 3626 rectione
475 3582 732 3625 Venerabilis
745 3584 899 3625 fratris
913 3583 1214 3639 Archiepiscopi
1226 3585 1300 3624 Se-

284 3654 377 3684 nen.
401 3638 733 3697 ejusque.Vicarii
749 3641 790 3682 in
803 3639 1066 3696 spiritualibus
1080 3639 1296 3683 Generalis

282 3700 484 3754 degerent
502 3725 516 3747 ,
548 3697 767 3752 respective
791 3700 921 3741 erexit
934 3727 947 3749 ,
978 3710 1095 3754 prout
1122 3699 1162 3739 in
1178 3698 1298 3754 ipiiua

280 3756 509 3802 Clementis
522 3754 819 3799 Praedccess'oris
830 3756 958 3800 literis
972 3782 987 3804 ,
1014 3749 1186 3813 desuper
1197 3769 1298 3800 con-

397 3818 500 3859 Tom.
514 3817 568 3857 11.

1347 379 1815 433 nuationelvenerabilis
1830 382 1978 424 Fratris
2003 388 2169 430 Camilli
2185 390 2379 433 Moderni

1349 434 1652 492 Archiepiscopi
1670 441 2052 495 senen-accepimus
2069 472 2083 495 ,
2113 446 2261 490 dietum
2287 452 2379 490 Μο-

1274 496 1276 501 '
1347 492 1567 537 nasserium
1581 493 1849 538 constructum
1862 524 1877 547 ‚
1893 498 2030 543 debita
2047 503 2227 547 clausura
2247 506 2381 548 muni-

1353 562 1465 602 tum,
1477 550 1512 593 in
1529 551 1719 609 illumque
1736 554 1934 597 Monialcs
1951 557 2183 603 introductae
2197 561 2376 615 fuerint,

1351 622 1397 652 ac
1413 609 1499 664 ipit
1512 610 1707 654 Moniaies
1724 612 1926 668 Regulam
1937 614 2106 669 primam
2118 622 2267 663 Sancte
2280 622 2378 668 Cla·‚

1350 679 1403 710 rae
1418 694 1431 715 ‚
1460 678 1550 707 eam
1567 666 1720 712 scilicet
1736 697 1751 720 ,
1777 685 1896 727 quam
1926 673 2075 716 Beatus
2102 678 2247 719 Christi
2268 675 2381 721 Couss

1351 721 1469 766 ferror
1484 725 1716 771 franciscus
1734 728 1905 771 tradidit
1921 758 1934 781 ,
1959 732 2000 772 δι
2013 746 2096 774 rec.
2116 748 2235 776 mem.
2252 739 2381 778 lnno-

1352 782 1510 825 centius
1524 783 1631 839 Papa
1647 787 1720 828 lv.
1735 787 2053 832 &Praedeceisor
2078 793 2209 835 noster
2230 807 2381 849 appro-

1352 840 1490 892 bavit,
1504 839 1681 896 profeffae
1695 843 1768 886 fint
1782 874 1796 896 ,
1809 846 1850 887 &
1861 875 1875 895 ,
1891 847 2164 893 benedicente
2186 853 2378 906 Domino,

1350 899 1390 941 in
1412 897 1520 941 dieto
1533 900 1776 944 monasterio
1796 903 1935 958 poffint
1964 906 2105 959 plures
2131 937 2145 960 ‚
2170 923 2290 964 quam
2320 913 2381 952 vi-

1349 956 1473 1013 ginti,
1497 957 1671 1013 eousque
1685 960 1737 1002 ad
1757 960 2023 1018 quadraginta
2050 960 2259 1009 sustentari
2288 972 2382 1011 Mo·

1353 1015 1506 1059 niales.
1538 1017 1640 1061 Ideo
1655 1022 1743 1062 Nos
1761 1019 1875 1062 dieta:
1902 1020 2094 1065 Pafitbeae
2113 1023 2390 1078 supplicatio-⁷

1351 1074 1467 1118 nibus
1489 1076 1621 1119 Nobis
1634 1077 1843 1121 humiliter
1854 1082 2052 1135 porrectis
2070 1081 2281 1131 inclinati,
2315 1094 2378 1125 te-

1347 1145 1448 1176 nore
1464 1133 1711 1190 praesentium
1727 1135 1983 1181 decernimus
1995 1168 2012 1189 ,
2039 1141 2078 1181 &
2093 1140 2346 1182 declaramus
2361 1168 2385 1181 .,

1346 1191 1522 1236 Dilectas
1536 1194 1574 1236 in
1589 1195 1753 1239 Christo
1769 1194 1890 1239 Filias
1910 1195 2007 1239 dicti
2036 1197 2267 1242 Monasterii
2294 1202 2385 1243 Mo»,

1350 1250 1476 1292 niales
1490 1261 1573 1293 tam
1588 1252 1738 1296 inillud
1754 1254 2031 1303 introductas,
2058 1258 2177 1312 quam
2194 1259 2232 1298 in
2248 1258 2384 1312 poste-

1351 1322 1437 1351 rum
1459 1310 1554 1352 inibi
1578 1310 1896 1355 introducendas
1933 1314 2137 1368 Regulam
2163 1317 2390 1369 primam...-

1350 1369 1498 1411 8⁸06}ae
1514 1368 1646 1412 Clarae
1659 1397 1674 1421 ,
1687 1384 1776 1414 eam
1790 1369 1944 1415 scilicet
1957 1401 1973 1423 ‚
1998 1387 2118 1428 quam
2133 1374 2159 1416 d
2166 1376 2262 1418 ictus
2282 1379 2385 1417 San-

1348 1429 1429 1469 etus
1447 1427 1677 1471 Franciscus
1700 1429 1870 1480 tradidit
1886 1459 1899 1481 ,
1929 1432 1969 1474 dt
1997 1434 2260 1475 Innocentius
2279 1436 2384 1476 Prae-

1349 1485 1531 1527 decessor
1547 1487 1752 1541 praedictus
1764 1488 2080 1544 approbavitffid
2098 1492 2226 1548 Regis
2240 1492 2381 1535 aeterni

1349 1543 1524 1600 gloriam
1554 1545 1759 1600 profiteri,
1796 1545 1997 1602 obligatas
2023 1549 2102 1591 efle
2120 1577 2133 1589 .
2151 1552 2204 1592 Et
2224 1550 2385 1606 insuper

1346 1603 1588 1646 auctoritate
1608 1633 1623 1656 ‚
1657 1606 1698 1647 δι
1735 1616 1883 1648 tenore
1919 1606 2197 1662 parentium,
2227 1621 2271 1652 ut
2298 1608 2389 1652 aliae-

1349 1661 1547 1705 Moniales
1563 1661 1752 1719 usquead
1778 1663 1987 1708 numerum
2015 1666 2283 1723 quadraginta
2309 1670 2387 1710 in.»

1353 1719 1501 1764 eodem
1524 1722 1768 1765 Monasterio
1793 1723 1946 1780 recipi,
1964 1725 2005 1765 δι
2028 1724 2188 1766 admitti
2208 1724 2348 1780 poffint
2366 1752 2387 1776 x

1353 1779 1410 1822 ita
1424 1788 1584 1831 tamen,
1611 1790 1655 1824 ut
1682 1794 1823 1823 omnes
1840 1781 1861 1823 ἃ
1889 1783 2098 1826 Fratribus
2114 1782 2284 1826 Ordinis
2297 1786 2380 1826 Mi-

1355 1850 1499 1880 norum
1525 1839 1660 1882 Sancti
1676 1837 1873 1882 Francisci
1895 1842 2198 1897 Capucinorum
2227 1856 2384 1885 nuncu-

1355 1897 1459 1953 patis
1473 1897 1538 1947 ,in
1551 1895 1822 1952 spiritualibus
1842 1910 2062 1955 regantur,
2095 1900 2135 1940 ἀ
2149 1900 2390 1953 gubernen-⁴

1354 1965 1451 2006 tur,
1483 1967 1603 2010 prout
1628 1957 1823 1999 hactenus
1848 1959 1960 2013 regi,
1983 1962 2021 2002 δι
2048 1959 2266 2013 gubernari
2286 1972 2387 2000 con-

1352 2015 1564 2058 sueverant
1577 2042 1594 2065 ‚
1606 2015 1903 2069 permittimus.
1920 2020 2012 2059 Non
2021 2016 2266 2061 obstantibus
2286 2030 2386 2072 prae-

1355 2070 1498 2122 minis,
1530 2085 1576 2115 ac
1593 2073 1960 2116 Constitutionibus
1986 2075 2227 2128 Apostolicis
2242 2104 2255 2126 ,
2289 2088 2384 2118 nec-

1350 2143 1434 2173 non
1450 2130 1749 2180 Mantinon&
1762 2131 1928 2174 Ordinis
1943 2132 2243 2187 praedictorum,
2255 2133 2383 2175 etiam

1347 2191 1580 2244 juramento
1606 2214 1621 2237 ‚
1655 2188 1963 2233 confirmatione
1996 2190 2225 2245 Apostolica
2251 2220 2267 2241 ,
2307 2189 2380 2233 vel.

1378 2247 1487 2290 uavis
1502 2245 1692 2289 firmitate
1710 2248 1785 2291 alia
1801 2248 2003 2291 roboratis
2021 2249 2174 2292 statutis
2189 2278 2201 2298 ‚
2227 2251 2267 2290 ἀ
2282 2262 2382 2291 con·

1365 2304 1619 2347 uetudinibus
1632 2334 1647 2356 ‚
1660 2306 1883 2361 privilegiis
1896 2321 2057 2364 quoque
2073 2335 2087 2357 ‚
2104 2306 2278 2349 indultis
2292 2335 2306 2358 ‚
2335 2307 2376 2348 &

1349 2363 1482 2407 literis
1496 2364 1737 2419 Apostolicis
1749 2364 1899 2407 eifflem
1918 2366 2160 2408 Monallerio
2173 2393 2186 2416 ,
2207 2367 2246 2407 δι
2262 2365 2388 2407 Ordi-

1349 2423 1418 2473 ni,
1443 2421 1684 2478 illorumque
1699 2425 2010 2477 Superioribus,
2037 2424 2077 2464 δι
2103 2422 2280 2479 personis
2306 2424 2382 2466 itt-2

1349 2480 1603 2522 contrarium
1631 2479 1909 2535 praemifforum
1938 2480 2249 2538 quomodolibet
2278 2495 2381 2522 con-

1350 2537 1489 2589 cessu,
1522 2538 1801 2589 confirmatis,
1843 2542 1884 2582 δι
1922 2540 2155 2595 approbatis
2170 2567 2181 2578 .
2224 2541 2383 2593 Quibus

1352 2597 1535 2639 omnibus
1550 2624 1564 2646 ‚
1590 2598 1631 2638 δε
1647 2595 1805 2651 lingulis
1827 2611 1969 2641 eorum
1985 2608 2152 2638 tenores
2180 2595 2385 2649 prasenti·

1354 2657 1427 2698 bus
1443 2668 1516 2710 pro
1527 2652 1715 2708 expressis
1732 2655 1929 2696 habentes
1940 2683 1956 2704 ,
1974 2653 2054 2696 illis
2068 2653 2216 2696 aliasin
2232 2652 2302 2694 suo
2318 2666 2386 2694 ro..

1357 2714 1457 2755 bore
1474 2710 1736 2766 permansuris
1753 2738 1767 2761 ,
1791 2711 1865 2752 hac
1882 2712 1971 2753 vice
1986 2710 2177 2752 duntaxat
2201 2710 2385 2765 speciali·

1358 2780 1449 2820 ter,
1478 2770 1519 2811 δι
1535 2766 1723 2824 expresse
1737 2769 1974 2823 derogamus
1988 2793 2004 2816 s
2033 2768 2259 2823 ceteriffiue
2286 2781 2387 2810 cona

1358 2827 1488 2870 trariis
1516 2827 1830 2882 quibuscumque
1856 2855 1868 2866 .
1913 2828 2064 2868 Datum
2108 2827 2244 2867 Romae
2273 2823 2379 2880 apud

1358 2890 1549 2929 Sanctum
1579 2889 1759 2927 Marcum
1791 2884 1860 2925 sub
1889 2883 2052 2926 Annulo
2078 2881 2286 2926 piscatoris
2315 2882 2385 2924 die

1358 2956 1406 2985 xr
1420 2958 1432 2984 ι
1448 2956 1480 2984 t.
1507 2942 1604 3000 Maji
1631 2955 1763 2987 muca.
1795 2939 2063 2985 Pontificatus
2099 2941 2218 2983 nostri
2257 2943 2381 2984 Anno

1357 3001 1515 3060 Qinto
1528 3029 1544 3046 0

1921 3116 1962 3159 S·
1977 3113 2268 3158 Cobellutius.

1929 3232 1977 3274 F.
1992 3231 2192 3275 Bocholtz
2207 3258 2219 3271 .
2263 3267 2267 3270 .

1413 3348 1763 3450 Brzrfbt‘ornatuae
1774 3348 1818 3391 in
1828 3345 1999 3391 Archino
2022 3345 2260 3391 maiatum
2276 3354 2387 3404 pre·

1498 3422 1511 3451 l
1552 3420 1666 3449 arum
1677 3435 1689 3448 ·

1358 3643 1514 3691 Sacras
1533 3639 1763 3705 Reliquias
1779 3654 1908 3688 extra
1941 3636 2187 3689 Ecclefiam
2214 3656 2389 3689 earum·

1428 3708 1535 3759 dem
1550 3711 1825 3759 Monialium
1839 3709 2018 3759 extrahi
2035 3709 2266 3759 interdicit
2283 3744 2296 3757 .

1778 3815 1917 3861 Fff2
2179 3817 2333 3859 PAU-
