2774 4068
983 170 1060 258 S.
1102 172 1197 259 P.
1238 174 1770 291 Francisci.

316 287 412 329 dem
437 286 650 339 Concilii,
679 288 720 329 δι
746 284 937 329 institutis
960 288 1215 341 regularibus
1228 292 1353 334 Ordi-

314 348 375 388 nis
393 346 615 402 hujusmodi
631 359 717 388 non
727 344 928 389 contraria
946 372 959 394 ‚
989 346 1040 387 ab
1055 349 1273 392 Ordinatio
1289 351 1351 393 lo·-

312 407 349 448 ci
365 437 380 458 ,
397 422 472 462 pro
488 417 675 462 tempore
687 402 903 452 existente,
919 405 1188 449 examinanda
1202 436 1217 458 ,
1227 410 1267 448 δι
1281 423 1353 464 ap-

312 465 519 522 probanda
540 492 557 514 ,
595 460 798 512 faciendi,
830 461 872 502 &
903 461 1083 511 edendi,
1114 478 1159 505 ac
1190 467 1352 520 quoties

313 540 390 583 pro
407 533 671 579 temporum,
695 521 888 563 &rerum
902 520 1102 576 qualitate
1118 547 1133 570 ,
1165 521 1232 564 lieu
1253 524 1349 566 aliis

313 582 536 639 expediens
573 577 782 621 videbitur
804 607 820 630 ‚
858 592 950 621 cum
984 580 1249 631 interventu,
1280 582 1348 626 seu

312 641 460 700 praevio
473 637 658 681 examine
673 664 687 686 ,
711 639 753 679 δι
765 637 1256 694 approbatione-ejusdem
1271 643 1353 684 Or-

314 698 461 747 dinarii
473 696 797 740 illaimmutandi
811 725 826 748 ‚
847 697 1083 753 corrigendi
1101 724 1116 749 ‚
1135 697 1352 742 moderan-

313 760 356 805 di
371 784 389 809 ,
413 753 660 800 reformandi
674 783 688 807 ,
716 769 762 797 ac
779 757 903 799 etiam
917 756 997 799 alia
1011 771 1063 800 ex
1078 756 1241 811 integro
1255 772 1355 801 con·

313 816 437 863 dendi
451 842 467 864 ,
482 814 691 857 licentiam
708 816 748 857 δι
762 813 1000 858 facultatem
1014 816 1120 859 dieta
1133 817 1355 859 auctorita-

314 889 358 921 te
381 874 542 920 nostr-as
569 876 607 916 &
631 873 867 926 concedas,
895 876 938 917 δι
960 875 1203 932 impartiatis
1221 905 1233 917 .
1268 878 1359 917 Nos

314 935 440 980 etiam
460 933 579 984 Tibi,
612 932 930 985 liei-eetionem,
961 936 1001 976 &
1031 933 1108 978 alia
1139 930 1358 990 praemiffas

315 1008 389 1053 per
405 995 468 1035 Te
494 994 634 1048 vigore
657 991 908 1047 praesentium
929 991 1014 1037 fieri
1030 994 1250 1050 contigerit
1266 1023 1283 1044 ‚
1314 1003 1359 1036 ut

317 1050 558 1112 praefertur,
573 1065 648 1108 pro
663 1052 910 1098 Monialium.
926 1053 965 1094 in
995 1053 1279 1096 Monasterium
1306 1050 1357 1094 fic

317 1110 562 1168 erigendum
600 1109 991 1154 introducendarum
1023 1111 1213 1167 prospera
1248 1110 1362 1153 dire-

323 1174 459 1215 ctione
473 1198 495 1223 ,
518 1184 564 1213 ac
588 1168 633 1211 in
654 1170 775 1221 ritu,
791 1170 975 1213 moribus
990 1199 1005 1222 ,
1033 1172 1075 1216 &
1103 1170 1360 1226 regulaaibus

318 1230 508 1274 institutis
523 1227 791 1280 instructione,
806 1229 906 1273 duas
924 1230 1139 1280 Moniales,
1155 1229 1206 1271 ad
1231 1228 1270 1271 id
1291 1243 1362 1271 vo-

317 1290 515 1334 luntarias
537 1301 588 1329 ex
615 1286 701 1330 aliis
726 1289 983 1332 Monasteriis
994 1288 1238 1332 Monialium
1254 1287 1360 1346 ejus·

319 1348 445 1398 dem,
475 1347 502 1388 st
533 1344 620 1389 fieri
651 1348 806 1402 poterit
830 1374 845 1397 ,
887 1347 955 1392 vel
988 1347 1158 1392 alterius
1174 1348 1362 1399 Ordinis,

319 1422 394 1466 per
409 1408 471 1449 Te
484 1396 715 1464 eligesdass
730 1407 952 1462 hacpnima
968 1407 1058 1452 vice
1083 1406 1285 1457 duntaxat
1308 1406 1362 1454 de

319 1466 583 1523 superiorum
611 1465 769 1509 sitorum
798 1466 964 1514 licentia
988 1496 1003 1520 ,
1035 1465 1278 1524 servatique
1302 1467 1364 1508 in—

252 1540 276 1570 ,r
320 1525 531 1581 frasc'ripta
555 1522 717 1577 sormi,
749 1524 945 1568 videlicet
971 1555 986 1579 ,
1018 1526 1128 1583 quod
1161 1525 1363 1570 Moniales

321 1586 377 1629 fic
402 1581 697 1627 transferendae
728 1597 800 1640 pet·
831 1598 971 1628 earum
1003 1587 1363 1643 Confinguineas,

322 1639 549 1703 gravesque
565 1644 776 1685 Matr-onas
793 1646 982 1688 comitari
995 1675 1013 1697 ,
1042 1645 1081 1687 &
1095 1643 1304 1695 associari,
1320 1655 1367 1685 ac
1394 1649 1396 1651 ’

322 1704 382 1750 ab,
397 1717 478 1746 uno
492 1699 740 1747 Monasserio
758 1701 810 1744 ad
824 1702 934 1746 aliud
948 1703 1097 1760 absque
1119 1702 1370 1750 diverticulo

322 1759 433 1807 resta
459 1758 634 1805 tendere
649 1759 858 1813 debeant,
889 1776 935 1804 ac
963 1762 1134 1814 nullibi,
1152 1762 1227 1810 nisi,
1248 1760 1368 1809 causa

324 1819 489 1878 hospitii
513 1849 535 1871 ,
573 1833 618 1862 ac
645 1821 802 1865 nonnisi
826 1821 931 1877 apud
962 1821 1147 1864 honestas
1176 1822 1368 1880 personas

324 1881 567 1939 pernostare
594 1877 739 1934 poffint
755 1909 775 1933 ,b
805 1879 1025 1924 affumendi
1042 1910 1057 1933 ‚
1087 1882 1127 1923 δι
1145 1881 1199 1925 ad
1221 1884 1368 1924 Mona-

325 1940 493 1982 sterium
523 1951 597 1993 per
621 1937 842 1994 praesentes
860 1939 1104 1996 erigendum
1133 1938 1366 1999 hujusmodi

326 1996 635 2046 transferendi,
664 1997 721 2040 ita
748 2007 792 2040 ut
818 1997 932 2054 ipsae,
963 1999 1168 2055 postquam
1193 2001 1241 2042 ad
1264 1998 1367 2043 illud

326 2056 534 2102 translatae
558 2055 745 2108 fuerint,
770 2058 950 2115 ritibus*
975 2059 1012 2101 &
1038 2059 1262 2111 institutis,
1293 2058 1369 2103 ali-

327 2116 441 2175 isque
465 2115 651 2159 omnibus
667 2144 687 2168 2
706 2118 746 2158 &
772 2118 934 2176 lingulis
947 2118 1267 2174 obligationibus
1287 2118 1370 2172 pri-

331 2174 496 2219 modim
513 2174 679 2217 Ordinis
708 2174 747 2218 se
773 2175 1034 2220 conformare
1052 2208 1066 2229 ,
1093 2193 1137 2223 ac
1155 2179 1209 2221 ibi
1227 2171 1372 2234 perpe-

330 2235 428 2286 tuo,
444 2233 512 2277 vel
526 2234 577 2276 ad
599 2235 859 2290 tempusTibi
877 2234 1113 2280 benevisum
1130 2266 1144 2289 ,
1161 2238 1232 2288 ita,
1247 2245 1291 2278 ut
1315 2236 1376 2277 in·

329 2296 450 2338 terim
479 2293 530 2334 ab
555 2293 665 2336 omni
690 2317 707 2340 ‚
749 2295 791 2335 δι
813 2308 1055 2350 quacunque
1084 2291 1374 2339 observantiae,

327 2351 476 2410 prioris
501 2365 637 2394 earum
661 2352 810 2408 regulae
839 2353 999 2409 penitus
1027 2383 1042 2407 ,
1072 2356 1113 2397 δε
1136 2355 1303 2398 omnino
1326 2354 1376 2396 li-

330 2413 467 2462 berae,
497 2409 538 2450 ἃ.
565 2407 756 2454 absoluta:
785 2411 886 2462 fint,
918 2426 1164 2467 permanere
1187 2413 1332 2472 poffint
1362 2441 1377 2465 ,

330 2471 372 2512 δι
401 2469 620 2524 debeant*
641 2467 782 2527 eisque
811 2469 1023 2514 Abbatiisae
1036 2501 1346 2515 .....

334 2556 1380 2574 0000000000000000

330 2615 646 2630 .....
685 2590 727 2632 δι
746 2588 962 2632 licentia-m>
984 2590 1247 2635 concedimus
1260 2619 1286 2644 λ
1303 2589 1378 2633 Τί-

328 2646 457 2703 bique
482 2648 639 2702 paritet·
661 2649 968 2704 permittimus.

392 2707 679 2750 Decernentes
707 2709 920 2764 praesentes
958 2707 1099 2750 literas
1123 2737 1138 2761 ‚
1177 2710 1220 2750 δι
1247 2708 1286 2751 in
1317 2706 1380 2749 eis

329 2773 524 2807 contenta
554 2779 830 2823 quaecunque,
846 2768 960 2809 nullo
983 2781 1161 2822 unquam
1186 2777 1377 2822 tempore

331 2822 406 2865 sub
432 2822 634 2878 quibusvis
661 2823 848 2867 fimilium
868 2855 889 2876 ‚.
927 2825 992 2867 vel
1018 2826 1260 2868 dissimilium
1286 2836 1377 2879 gra-

334 2883 487 2924 tiarum
507 2883 836 2925 revocationibus
854 2913 869 2935 ‚
899 2884 1214 2940 suspensionibus
1230 2912 1245 2935 ,
1273 2882 1377 2925 limi-

333 2938 582 2988 rationibus,
609 2938 945 2995 derogationibus
958 2970 975 2994 ‚
993 2944 1033 2984 δι
1050 2943 1138 2985 aliis
1156 2941 1376 2985 contrariis

334 2997 656 3054 dispositionibus
668 3024 683 3047 ‚
697 2999 738 3039 δι
751 3004 929 3052 per-Nos
946 3026 962 3049 ‚
992 3002 1032 3042 δι
1046 3003 1254 3044 Romanos
1272 3004 1379 3043 Pon-

335 3058 466 3101 tifices
484 3053 796 3099 praedecessores
822 3058 1003 3109 nostros,
1035 3059 1105 3100 sub
1130 3059 1380 3113 quibuscun-

335 3131 418 3175 que
448 3116 663 3158 verborum
691 3114 1042 3170 expressionibus,
1068 3118 1106 3158 δε
1132 3115 1274 3160 formis
1292 3145 1306 3169 ,
1336 3130 1382 3159 ac

336 3189 433 3220 cum
447 3173 859 3230 quibusvisclausulis
878 3203 893 3226 ,
923 3176 961 3216 8(
977 3175 1161 3217 decretis
1182 3190 1256 3231 pro
1277 3185 1383 3218 tem-

337 3248 439 3292 pore
465 3232 773 3289 quomodolibet
792 3232 931 3285 sestis,
951 3234 1280 3289 comprehendi,
1309 3232 1381 3277 vel

338 3291 563 3338 confundi,
589 3290 654 3334 sed
671 3292 721 3333 ab
744 3291 825 3333 illis
847 3291 1003 3347 semper
1026 3293 1195 3348 excipi,
1223 3294 1383 3348 &quo-

337 3354 418 3396 ties
449 3350 525 3393 illae
548 3350 825 3399 emansbunt‚
857 3350 983 3392 toties
1013 3350 1052 3394 in
1084 3351 1316 3406 pristinum,
1343 3352 1382 3392 δι

343 3409 624 3454 validissimum
647 3408 788 3451 statum
803 3407 1031 3465 repositas,
1061 3410 1104 3451 δε
1118 3409 1303 3465 plenarie
1320 3422 1385 3451 re·

339 3472 568 3525 integi-atas
587 3494 601 3516 a
633 3481 681 3510 ac
703 3469 756 3510 de
781 3482 915 3519 novo,
946 3469 982 3510 &
1011 3468 1385 3525 sub-quacunque)

341 3528 558 3584 posteriori
589 3530 721 3579 Data,
746 3541 820 3582 per
850 3523 1125 3578 Abbatiisam‚
1155 3528 1196 3569 δι
1221 3526 1385 3570 Monia-

342 3588 404 3629 les
421 3586 656 3630 Monasterii
675 3600 776 3642 ,per
806 3585 1020 3642 presentes
1036 3585 1222 3641 erigendi
1250 3582 1383 3638 hujus*

342 3642 455 3687 modi
475 3658 552 3699 pro
573 3655 759 3701 tempore
783 3643 1385 3701 existentes,quandocunque;2

345 3701 536 3758 eligenda
565 3703 769 3749 concessas
797 3702 876 3747 eise
904 3734 917 3755 ,
947 3705 988 3745 δι
1006 3702 1094 3745 fore
1114 3716 1133 3755 ς
1161 3703 1322 3758 ficque‚
1350 3704 1388 3744 Bt

346 3776 425 3806 non
452 3759 575 3803 aliter
585 3789 602 3812 ,
618 3775 693 3818 per
704 3763 965 3821 quoscunque
978 3762 1142 3819 Judices
1155 3756 1393 3807 Commiss'a·

463 3820 567 3862 Tm.
581 3821 634 3864 11.

2219 215 2369 272 121

1412 298 1495 338 rios
1507 321 1523 345 ,
1547 295 1588 335 δι
1604 296 1846 351 Delegat08‚
1862 296 2000 348 quavis
2017 301 2256 347 auctoritate
2270 300 2448 359 fungen-

1412 364 1472 396 tes
1491 382 1503 404 ,
1534 354 1572 395 &
1600 352 1820 395 Causarum
1849 352 1994 395 Palatii
2022 359 2242 411 Apostolici
2271 362 2446 405 Audito-

1413 425 1476 454 res
1491 440 1506 462 ,
1537 424 1584 453 ac
1613 413 1654 454 S.
1671 413 1723 454 R.
1742 414 1790 454 Ε.
1809 409 2051 453 Cardinales
2067 443 2080 465 ,
2111 419 2231 460 etiarn
2259 419 2313 461 de
2342 420 2450 463 late·

1412 483 1457 512 re
1475 474 1670 524 Legatos«,
1700 471 1738 511 δι
1755 470 1857 511 Vice
1873 471 2081 523 -Legatos
2095 473 2261 528 judicari
2276 505 2290 527 ,
2318 478 2448 520 &de-

1412 526 1517 569 finiri
1541 527 1693 570 debere
1706 553 1720 575 ‚
1753 542 1800 569 ac
1824 526 1984 569 irritum
1997 555 2011 579 ,
2041 530 2081 570 &
2111 531 2253 584 inane,
2277 534 2302 575 st
2332 535 2445 579 secus

1412 585 1532 640 super
1554 585 1616 627 his
1635 583 1685 638 ,ἃ
1708 599 1980 642 quocunque,
2004 588 2145 642 quavis
2170 594 2409 635 austeritate
2429 621 2447 645 ‚

1414 643 1593 685 scienter
1606 670 1621 692 ,
1654 643 1720 685 vel
1737 646 1972 701 ignoranter
1986 646 2214 701 contigerit
2233 651 2452 693 attentari.

1414 704 1512 744 Non
1528 699 1775 743 obstantibus
1793 702 1954 758 singulis
1971 703 2198 758 praemiffis,
2211 721 2254 748 ac
2267 707 2420 749 Nostris
2435 736 2452 760 ‚

1414 761 1456 800 δι
1468 759 1735 802 Cancellariae
1750 761 1994 816 Apostolicae
2010 764 2164 819 regulis
2179 792 2193 815 ,
2221 763 2273 806 de
2289 766 2455 819 gratiis,

1415 816 1740 873 &indulgentiis
1757 820 1930 863 adinstar
1947 834 2027 862 non
2044 821 2458 874 concedendis‚aliis-

1419 891 1499 933 que
1513 877 1886 920 Constitutionibus
1901 905 1917 928 ‚
1947 880 2331 923 &Ordinationibus
2347 883 2459 936 Apo-

1419 936 1569 980 stolicis
1585 965 1602 986 ,
1624 950 1670 978 ac
1687 937 1919 980 Monasterii
1934 967 1949 989 ‚
1975 948 2022 981 ut
2040 937 2280 995 praefertur,
2299 940 2460 994 erigen-

1420 994 1462 1039 di
1479 1023 1492 1045 ,
1523 996 1564 1036 δε
1588 994 1756 1037 Ordinis
1786 994 2011 1050 hujusmodi
2026 1025 2044 1048 ‚
2072 997 2334 1052 juramento,
2350 1002 2458 1040 Con.

1420 1054 1652 1097 firmatione
1669 1054 1933 1110 Apostolica,
1961 1056 2028 1099 vel
2060 1057 2202 1113 quavis
2229 1055 2461 1101 firmitate,

1422 1112 1509 1158 alii
1528 1113 1733 1156 roboratis
1775 1114 1931 1156 statutis
1961 1142 1975 1164 ,
2007 1116 2045 1157 δι
2069 1114 2460 1166 consuetudinibus,

1423 1172 1649 1229 privilegiis
1680 1186 1842 1229 quoque
1854 1201 1869 1223 ,
1901 1172 2074 1217 indultis
2087 1203 2102 1227 ‚
2133 1176 2170 1216 δι
2186 1175 2336 1217 Literis
2350 1178 2464 1228 Apo-

1422 1231 1670 1283 stolicis,sub
1693 1231 2002 1289 quibuscunque
2022 1243 2171 1276 tenore
2187 1262 2201 1285 ‚
2231 1235 2274 1276 δι
2294 1231 2463 1282 formis,

1421 1306 1467 1337 ac
1487 1299 1594 1334 ‘cum
1622 1289 1824 1345 quibusvis
1851 1290 2207 1348 derogator-iarum
2238 1294 2463 1348 derogato-

1422 1352 1492 1394 riis
1508 1378 1524 1399 ,
1554 1348 1718 1405 aliisque
1741 1348 2063 1400 efficacioribus,
2090 1353 2129 1393 &
2153 1349 2322 1393 insolitis
2346 1350 2465 1392 clau-

1424 1408 1519 1453 sulis
1533 1435 1548 1457 s
1578 1408 1908 1464 irritantibusque
1920 1436 1936 1459 ,
1970 1411 2007 1450 &
2023 1410 2113 1452 aliis
2129 1410 2306 1453 decretis
2333 1410 2371 1451 in
2389 1422 2464 1464 ge-

1424 1482 1521 1512 nere
1551 1467 1619 1510 vel
1646 1468 1687 1508 in
1713 1466 1875 1522 specie,
1906 1482 1953 1511 ac
1980 1469 2079 1509 aliis
2111 1469 2149 1510 in
2175 1468 2468 1525 ccmtrariuQ

1426 1524 1713 1586 praemiisorum
1735 1526 2049 1582 quomodolibet
2065 1526 2255 1569 conceffis
2269 1554 2284 1574 ‚
2315 1524 2466 1569 confir-

1426 1586 1546 1630 matis
1560 1615 1572 1637 ,
1591 1586 1846 1628 &innovatis
1864 1615 1876 1626 .
1908 1586 2072 1640 Quibus
2088 1586 2273 1627 omnibus
2289 1611 2305 1632 ,
2331 1586 2371 1626 δι
2386 1586 2465 1626 iin-

1430 1644 1538 1703 gulis
1561 1658 1707 1686 eorum
1720 1656 1885 1687 tenores
1905 1645 2163 1700 praesentibus
2185 1658 2259 1699 pro
2272 1642 2464 1699 expreffis

1430 1705 1660 1755 habentes,
1693 1703 1777 1744 illis
1800 1703 1901 1750 alias
1933 1704 1972 1745 in
1998 1701 2071 1745 suo
2098 1704 2247 1746 roboae
2277 1716 2468 1759 perman·

1429 1763 1557 1815 suris,
1582 1764 1655 1806 hac
1682 1763 1772 1804 vice
1786 1762 1987 1806 duntaxat
2005 1763 2148 1805 harum
2165 1761 2267 1804 serie
2285 1760 2470 1816 speciali-

1429 1834 1495 1868 ter:
1509 1852 1524 1875 ,
1555 1824 1595 1866 &
1608 1820 1798 1878 expresse
1815 1821 2057 1877 derogamus
2069 1851 2092 1874 ,
2109 1820 2350 1878 caeterisque
2366 1833 2470 1862 con-

1426 1882 1563 1930 tra-riis
1589 1879 1892 1937 quibuscunque
1909 1910 1921 1923 .

1488 1943 1641 1984 Datum
1658 1942 1795 1982 Romae
1809 1940 1912 1995 apud
1930 1939 2159 1985 S-Mariam
2174 1938 2376 1992 Maiorem
2395 1937 2466 1979 sub

1430 2001 1600 2044 Annulo
1615 1997 1836 2041 Piscatoris
1857 2028 1870 2050 ,
1905 1998 1983 2041 Die
2000 2011 2101 2042 xvi.
2119 1998 2264 2040 octob.
2284 2009 2470 2039 mnexix.

1429 2058 1697 2106 Pontificatus
1722 2056 1857 2100 Nostri
1874 2059 1994 2099 Anno
2014 2057 2327 2113 decimoquarto
2339 2083 2352 2095 .

1490 2182 1617 2221 Breve
1632 2174 1861 2234 formatum
1883 2174 1927 2217 in
1945 2172 2118 2217 Archivo.
2144 2173 2411 2218 Monialium.

1438 2415 1884 2471 Confraternitatem
1913 2412 2086 2463 diflam
2121 2411 2178 2461 ab
2211 2427 2347 2460 onere
2367 2411 2477 2457 Mo-

1512 2486 1708 2539 nialibus
1741 2483 2036 2536 subveniendi
2071 2483 2281 2540 liberari·;
2317 2478 2342 2529 ἂ
2370 2482 2476 2529 Pro·

1514 2555 1686 2611 feffuris
1704 2556 1914 2623 deinceps
1933 2571 2015 2623 pro
2034 2551 2298 2618 elemosyna
2328 2546 2475 2599 dotali

1512 2648 1628 2680 200.
1664 2625 1789 2677 scuta
1823 2624 2019 2692 persolvi
2042 2642 2066 2682 ς
2095 2638 2340 2671 numerum
2370 2621 2477 2667 Mo-

1510 2700 1705 2748 nialium
1721 2697 1926 2755 ultraa5.
1938 2709 2168 2757 nunquam
2183 2686 2474 2759 augeri;dua⁸

1508 2767 1736 2817 Moniales
1758 2761 1941 2814 Perufio
1954 2761 2012 2811 ad
2030 2760 2354 2810 instituendum
2369 2760 2478 2806 Mo-

1510 2835 1755 2886 nasterium
1776 2835 1932 2884 vocari
1958 2852 1973 2892 ;
2010 2850 2063 2881 ac
2079 2833 2332 2882 Beatricem
2354 2830 2476 2878 Con⁴

1507 2906 1815 2957 fundatricem
1835 2906 1879 2953 in
1890 2902 2071 2956 Habitu
2091 2900 2292 2951 seculari
2312 2896 2476 2947 mode&

1508 2977 1575 3028 sto
1607 2979 1652 3025 in
1684 2992 1739 3024 eo
1768 2977 1938 3023 morari
1963 2969 2115 3040 posse,
2152 2989 2232 3040 per
2259 2962 2476 3021 commis·

1511 3046 1682 3097 fiunem
1702 3043 1945 3095 Ordinarii
1976 3040 2150 3091 sancit.

1443 3173 1984 3230 GREGORIUS
2055 3172 2271 3221 PAPA
2345 3163 2476 3214 XV.

1452 3292 1687 3341 Venerabilis
1726 3295 1875 3337 Frater
1895 3288 2072 3348 salutem
2093 3316 2107 3339 ‚
2146 3287 2194 3335 U
2223 3279 2479 3340 Apostolicam

1792 3348 2098 3392 Bene-dimovent
2114 3373 2129 3387 .

1447 3471 1555 3585 Α
1573 3470 1664 3515 ms
1693 3466 1715 3510 ί
1737 3465 1806 3510 fei.
1825 3482 1908 3511 rec.
1926 3464 2052 3507 Paulo
2067 3463 2169 3516 Papa
2184 3460 2236 3502 V.
2251 3452 2481 3502 Ptaedeces-

1601 3529 1687 3571 sore
1702 3526 1837 3569 nostro
1848 3521 2084 3569 emdnfirunt
2105 3516 2406 3567 literae,tenoris
2422 3513 2482 3555 se-

1445 3588 1604 3642 quentis
1633 3584 1857 3628 videlicet:
1892 3581 2053 3624 Dilecto
2079 3578 2183 3621 Filio
2213 3575 2379 3619 vicario
2396 3574 2484 3640 Vc:

1445 3646 1638 3687 ner-abilis
1665 3645 1815 3687 Fratris
1835 3638 2019 3695 Episcopi
2054 3635 2174 3690 Burgi
2206 3638 2246 3677 S.
2262 3633 2483 3689 Sepulchri

1450 3702 1490 3745 in
1530 3701 1807 3757 spiritualibus
1838 3696 2044 3741 Gener-ali·
2065 3725 2078 3737 .
2122 3694 2275 3738 Paulus
2309 3695 2411 3746 Papa
2428 3690 2480 3754 Y-

1451 3760 1614 3806 Dileete
1630 3760 1707 3805 fili
1729 3757 1901 3803 salutem
1917 3783 1933 3806 ‚
1955 3752 2287 3812 &Apostolicam
2307 3746 2489 3792 Benedi-

1881 3816 1960 3873 (ζ,
2330 3805 2425 3848 istic>-
