2762 4108
394 235 564 350 298

328 353 406 410 Fr.
440 353 655 403 Rochum
682 350 710 401 ὲ
739 351 979 408 Veneriis,
1027 344 1367 401 Vifitatorenm

395 421 670 475 Miffionum
686 423 732 473 in
745 415 1056 493 Peloponneso
1071 417 1305 471 constituit
1317 453 1330 469 .

335 561 493 610 Dilcft‘o
508 561 612 609 Filio
627 563 753 606 Rocho
766 562 793 606 d
817 562 977 605 Venetus
991 560 1152 604 Ordinis
1166 564 1364 607 Fratrum

416 621 619 668 MInorum
633 620 770 663 Sanb'li
786 620 987 676 Francssi
1003 623 1291 677 Capucinorum

559 688 872 737 nuncupatorum
891 678 1099 740 Profiffori
1114 707 1127 722 .

329 810 968 866 INNOCENTIUS
1019 810 1194 861 PAPA
1241 810 1367 863 XII.

418 939 573 987 DileHe
596 936 682 986 Fili
692 969 708 990 ‚
716 938 918 995 sulutem,
944 937 998 988 ὠν
1027 938 1281 999 Apostolt‘cam

685 995 992 1043 Benedifft'ionem
1005 1025 1019 1040 .

441 1117 637 1173 Upientes
679 1116 730 1159 ad
767 1116 989 1159 animarum
1016 1114 1187 1159 salutem
1202 1144 1216 1167 ‚
1257 1113 1370 1158 divi-

466 1188 642 1231 numque
660 1174 815 1219 cultum
830 1175 1156 1230 promovendum
1172 1200 1187 1222 a
1218 1172 1371 1217 Miffio-

328 1250 400 1279 nes
433 1235 471 1276 in
499 1231 782 1289 Peloponneso
810 1232 1028 1276 existentes
1041 1263 1056 1286 ‚
1085 1234 1371 1278 auctoritate..

328 1293 458 1337 nostra
474 1290 702 1347 Apostolica
715 1292 892 1345 visitari,
906 1306 951 1335 ac
969 1291 1022 1335 de
1042 1294 1128 1336 Tua
1144 1291 1225 1335 fide
1238 1322 1254 1344 ,
1269 1292 1402 1334 cha-8

328 1353 451 1394 ritate
467 1379 479 1401 ,
494 1353 533 1393 &
550 1351 775 1393 Catholicae
790 1350 1023 1408 Religionis
1038 1352 1132 1395 zelo
1147 1351 1366 1407 plurimum

326 1411 366 1453 in
386 1410 563 1453 Domino
580 1408 715 1453 confifi
733 1438 746 1461 ‚
762 1412 907 1466 Teque
921 1410 942 1452 a
957 1411 1162 1468 quibusvis
1174 1412 1252 1454 ὅτε.
1269 1424 1368 1455 cen-

325 1468 462 1512 sentes
477 1497 491 1519 ,
523 1468 576 1512 de
593 1468 902 1512 Venerabilium
920 1471 1106 1515 Fratrum
1125 1470 1367 1515 Nostrorum

327 1532 369 1573 S.
390 1529 443 1570 R.
461 1529 510 1570 Ε.
524 1527 808 1572 cardinalium
824 1529 998 1585 negotiis
1013 1529 1284 1589 Propagandae
1302 1529 1369 1572 Fi-

329 1586 397 1630 dei
415 1587 718 1643 praepofitorum
730 1585 898 1630 consilio
915 1615 928 1637 ‚
945 1589 1007 1631 Te
1018 1588 1256 1634 earumdem
1273 1589 1368 1632 Mis-

327 1645 481 1690 fionum
497 1645 535 1688 in
553 1644 837 1701 Peloponneso
860 1644 1083 1702 hujusmodi
1110 1648 1369 1692 existentium

326 1703 592 1748 Visitatorem
606 1733 620 1755 ‚
655 1718 748 1747 cum
777 1703 972 1749 facultate
1001 1707 1270 1764 quascumque
1282 1735 1296 1758 ‚
1331 1708 1373 1749 &

330 1761 507 1821 lingulas
518 1777 570 1807 ex
584 1763 700 1807 dietis
713 1763 962 1808 Miffionibus
978 1795 992 1817 ,
1009 1765 1087 1809 live
1100 1767 1373 1821 Presbytero-

329 1836 418 1867 rum
436 1821 687 1865 secularium
701 1851 716 1875 ‚
747 1822 828 1866 five
841 1824 1109 1878 Regularium
1126 1825 1196 1870 fint
1211 1854 1225 1878 ‚
1255 1839 1301 1867 ac
1320 1825 1372 1867 il-

332 1882 466 1927 larum
482 1880 683 1925 Ecclefias
695 1911 712 1935 ,
736 1881 928 1938 Capellas
939 1912 953 1935 ‚
968 1884 1211 1928 Monasteria
1226 1912 1240 1936 ,
1256 1887 1371 1926 Con-

328 1949 474 1984 ventus
491 1968 505 1993 ,
537 1942 690 1984 Domos
706 1970 720 1994 ,
753 1939 938 1998 Hospitia
952 1971 966 1994 ‚
997 1943 1192 2002 Collegia
1205 1971 1219 1993 ,
1251 1941 1371 1986 Refi-

328 1999 491 2044 dentias
506 2028 521 2050 ,
534 1999 574 2042 δι
586 1999 663 2043 alia
679 2001 742 2058 pia
758 2026 773 2051 ³
787 2001 827 2043 δε
838 1999 1028 2056 religiosa
1043 2004 1152 2045 Loca
1167 2015 1370 2059 quaecum-

328 2072 408 2115 que
429 2083 444 2106 2
488 2057 735 2114 illorumque
769 2057 959 2103 Praelatos
971 2085 985 2107 a
1027 2062 1269 2117 Superiores
1281 2090 1297 2113 ,
1329 2062 1370 2105 &

327 2116 426 2161 alias
442 2110 631 2160 Personas
659 2115 955 2161 Ecclefiasticas
969 2146 982 2169 ,
1009 2129 1091 2163 tam
1121 2120 1338 2165 seculares
1355 2151 1372 2178 2

328 2177 449 2233 quam
467 2176 695 2230 Regulares
707 2204 721 2226 ‚
735 2175 907 2232 cujusvis
921 2176 1041 2220 status
1059 2207 1073 2230 ,
1089 2179 1236 2233 gradus
1254 2205 1268 2228 a
1290 2181 1373 2222 Or-

326 2235 433 2280 dinis
449 2264 464 2284 ,
495 2234 803 2289 praeeminentiae
816 2265 831 2288 ,
861 2237 902 2277 δι
929 2236 1140 2291 dignitatis
1170 2239 1341 2283 existant
1357 2269 1371 2293 ,

329 2305 414 2339 tum
429 2293 644 2348 incapite,
670 2295 788 2349 quam
814 2295 854 2336 in
876 2297 1099 2347 membris,
1130 2296 1256 2340 semel
1282 2309 1372 2341 tan·

328 2363 442 2403 tum,
455 2353 696 2395 auctoritate
712 2352 839 2395 nostra
854 2355 1038 2409 praedista
1057 2355 1239 2400 vifitandi
1251 2386 1263 2409 ,
1279 2372 1372 2399 cum

328 2410 588 2456 facultatibus
604 2411 830 2454 necessariis
846 2441 860 2464 ‚
877 2415 914 2454 &
930 2417 1193 2470 opportunis,
1210 2431 1255 2458 ac
1271 2417 1370 2461 alias

329 2485 407 2529 pro
430 2468 628 2528 ejusmodi
645 2483 815 2515 munere
837 2471 917 2515 rite
932 2501 945 2524 ,
977 2475 1016 2515 ὃς
1029 2475 1138 2518 recte
1154 2475 1373 2531 explendo,

329 2532 351 2575 a
366 2530 698 2588 congregatione
713 2541 1031 2578 memoratorum
1050 2534 1372 2580 cardinalium,

330 2588 664 2637 concedisolitis,
696 2590 939 2633 auctoritate
962 2593 1224 2651 Apostolica,
1258 2605 1372 2640 teno-

330 2662 378 2691 re
396 2647 675 2702 praesentium,
702 2648 1009 2701 constituimus,
1037 2654 1075 2694 &
1099 2654 1371 2710 deputamus,

333 2707 508 2764 Tibique
541 2704 648 2753 serio
676 2705 918 2764 injungimus
934 2736 948 2758 ,
978 2719 1023 2752 ut
1045 2711 1083 2753 in
1104 2714 1373 2761 earumdem„

330 2766 558 2810 Miffionum
571 2765 712 2809 flatum
728 2794 741 2816 ‚
774 2766 1108 2812 Christifidelium
1126 2771 1164 2815 in
1177 2771 1257 2817 illis
1275 2787 1372 2828 par-

330 2825 436 2867 tibus
452 2825 793 2869 commorantium
809 2825 1050 2884 indigentias
1066 2855 1080 2878 2
1096 2844 1253 2876 necnon
1271 2833 1371 2876 Mis-

330 2883 623 2934 fionariorum,
657 2883 809 2928 ibidem
831 2886 985 2940 pariter
1010 2887 1276 2944 degentium,
1311 2892 1372 2935 vi—

332 2954 417 2988 tam
434 2972 448 2997 2
482 2957 612 2988 mores
629 2972 641 2995 ‚
676 2944 798 2994 ritus,
830 2945 868 2987 &
881 2943 1134 3001 disciplinam
1150 2949 1371 3007 diligenter

328 3003 508 3058 inquiras
523 3031 537 3054 ,
568 3002 701 3059 deque
727 3003 772 3045 iis
787 3004 972 3047 omnibus
1002 3006 1190 3050 eamdem
1221 3009 1371 3055 Cardi-

328 3063 484 3106 nalium
503 3063 878 3118 Congregationem
893 3065 1114 3110 certiorem
1132 3066 1270 3111 facere
1288 3084 1368 3114 non

331 3120 613 3178 praetermittas
626 3146 639 3160 ·
669 3121 914 3164 Mandantes
928 3136 1144 3181 propterea
1154 3128 1338 3173 omnibus
1350 3155 1366 3179 2

330 3183 371 3224 δε
387 3179 549 3232 lingulis
559 3179 796 3223 earumdem
813 3180 1038 3227 Miffionum
1060 3182 1264 3228 Praefec'tis
1281 3216 1294 3237 ‚
1326 3202 1372 3231 ac

330 3238 586 3285 Miffionariis
600 3268 614 3291 ,
643 3238 874 3296 ceterisque
906 3242 1090 3286 Personis
1131 3245 1372 3290 Ecclesiasti-

330 3299 413 3348 cis,
447 3309 530 3342 tam
545 3296 836 3350 Secularibus‚
865 3297 984 3355 quam
999 3301 1271 3358 Regularibus
1289 3333 1303 3356 ‚
1332 3307 1373 3351 in

332 3355 481 3401 eisdem
497 3358 678 3414 partibus
693 3357 939 3413 degentibus
952 3361 1147 3416 praedietis
1160 3389 1175 3412 a
1208 3373 1253 3406 ut
1281 3366 1343 3409 Te
1357 3395 1371 3417 ,

332 3427 538 3470 tamquam
564 3431 708 3461 eorum
726 3417 984 3463 Vifitatorem
1010 3420 1289 3478 Apostolicum
1307 3452 1321 3475 ‚
1350 3423 1373 3469 ἑ

332 3475 462 3519 Nobis
479 3505 491 3527 ‚
522 3486 566 3519 ut
580 3476 793 3533 praesertur
810 3507 824 3529 ,
861 3480 1114 3533 Deputatum
1127 3509 1142 3533 ‚
1174 3495 1372 3527 reveren-

332 3545 399 3577 ter
418 3535 621 3591 recipiant
636 3564 650 3586 ‚
680 3538 719 3581 &
734 3536 1057 3595 recognoscant,
1087 3554 1132 3584 ac
1147 3540 1270 3593 Tibi,
1302 3542 1375 3589 in„

330 3593 513 3637 omnibus
539 3593 589 3637 ad
605 3595 883 3642 Vifitationem
909 3595 1138 3654 hujusmodi
1165 3598 1376 3657 spectanti-

334 3654 408 3696 bus
422 3653 588 3696 omnino
601 3666 766 3710 pareant
780 3684 794 3707 ‚
825 3658 863 3699 δε
881 3656 1156 3715 obsequantur
1170 3688 1185 3711 ,
1202 3662 1374 3718 Tuaque

334 3711 504 3757 salubria
529 3714 710 3765 monita,
739 3716 779 3757 δι
802 3715 993 3760 mandata
1020 3717 1230 3761 humiliter
1256 3720 1374 3763 susci·

336 3772 479 3829 piant,
519 3772 557 3812 &
599 3771 821 3816 efficaciter
855 3774 1086 3830 adimplere
1121 3788 1344 3834 procurent
1358 3806 1373 3829 .,

335 3830 514 3891 alioquin
529 3831 768 3876 sententiam
786 3860 801 3886 ,
833 3832 914 3879 five
924 3849 1089 3892 poenam
1103 3864 1117 3890 2
1144 3850 1263 3898 quam
1290 3836 1372 3898 rite

1142 229 1668 319 Provincia

1430 345 1574 388 tuleris
1589 374 1604 399 ,
1627 345 1694 389 seu
1711 343 1896 391 statueris
1909 347 1948 392 in
1961 347 2169 403 rebelles,
2200 354 2331 396 ratam
2348 354 2479 404 habes

1429 402 1560 449 bimus
1573 433 1588 457 ,
1618 406 1656 450 &
1668 401 1862 450 faciemus
1877 437 1891 461 ,
1921 411 2088 452 austore
2116 411 2297 453 Domino
2310 441 2324 465 ,
2355 415 2481 474 usque

1428 463 1479 506 ad
1499 463 1807 510 satisfactionem
1822 467 2067 523 condignam
2080 469 2377 517 inviolabiliter
2403 477 2480 519 ob-

1425 521 1602 567 servari.
1635 524 1834 570 Volumus
1849 536 1985 582 autem
1999 555 2014 578 ‚
2030 537 2073 571 ut
2085 529 2106 578 2'
2124 528 2194 572 ubi
2212 525 2477 586 impolitum„

1431 581 1525 626 Tibi
1544 596 1685 626 munus
1715 583 1941 643 hujusmodi
1960 586 2195 642 impleveris
2213 616 2228 640 ,
2260 592 2345 635 aeta
2375 591 2481 650 ejuss

1428 638 1525 685 dem
1546 644 1642 685 Tuae
1656 643 1935 697 Vifitationis,
1969 644 2039 690 sub
2058 648 2149 692 Tuo
2166 646 2296 706 sigillo
2311 648 2442 696 clausa
2455 680 2472 703 ‚

1428 698 1480 743 ad
1508 703 1595 744 Nos
1611 729 1624 752 ,
1656 702 1724 744 vel
1752 700 2015 759 supradictam
2044 706 2328 753 Cardinalium
2358 714 2478 755 Con-‘

1428 761 1713 816 gregationem
1727 762 2023 819 quamprimum
2036 762 2260 823 diligenter
2270 769 2482 813 transmitd

1431 828 1492 860 tas
1506 843 1520 867 ³
1536 828 1579 861 ut
1592 845 1607 868 a
1623 819 1732 876 quod
1750 819 1923 876 desuper
1934 822 2189 869 statuendum
2203 824 2354 880 fuerit,
2391 843 2476 871 ma-

1431 885 1525 919 tura
1563 878 1865 923 consultatione
1915 879 2097 925 adhibita
2126 911 2141 935 ,
2178 884 2446 929 decernamus
2459 895 2478 930 .’

1430 938 1526 979 Non
1538 937 1786 982 obstantibus
1802 937 2047 995 Apostolicis
2059 967 2074 991 ‚
2099 954 2145 984 ac
2164 942 2206 985 in
2223 944 2478 989 Universalid

1429 995 1504 1037 bus
1517 1022 1532 1045 ‚
1560 995 1989 1054 Provincialibusque,
2010 999 2050 1041 δε
2067 1000 2341 1056 synodalibus
2356 1007 2470 1049 Con-

1429 1053 1534 1095 ciliis
1548 1051 1669 1096 edi'tis
1685 1056 1959 1101 Generalibus
1973 1082 1985 1105 2
2013 1057 2080 1100 vel
2103 1057 2342 1115 specialibus
2358 1066 2473 1107 Con-

1430 1110 1730 1165 stitutionibus,
1759 1116 1797 1156 &
1812 1114 2174 1170 ordinationibus,
2206 1133 2363 1163 necnon
2386 1124 2474 1165 lic-¹

1401 1226 1403 1228 ,
1430 1169 1667 1234 ςὶῗᾴζᾳτυω,
1699 1174 1739 1214 &
1765 1174 2106 1218 Monasteriorum
2124 1204 2137 1227 ,
2166 1191 2210 1221 ac
2238 1178 2475 1230 Ordinum...

1429 1240 1806 1288 quorumcumque,
1849 1232 1988 1275 aliisve
2014 1234 2219 1289 quibusvis
2245 1238 2370 1281 etiam
2394 1242 2477 1283 &ca

1430 1290 1619 1341 statutis,
1644 1291 2107 1344 &consuetuedinibus‚
2137 1295 2364 1353 privilegiis
2396 1301 2473 1343 &c-

1428 1348 1655 1393 innovatis.
1689 1351 1848 1408 Qibus
1873 1351 2089 1406 omnibus,
2119 1355 2159 1396 δι
2187 1354 2348 1412 fingulis
2379 1358 2477 1412 illo-

1429 1421 1518 1450 rum
1537 1417 1701 1452 tenores
1723 1413 1800 1455 &c.
1821 1411 2065 1465 derogamus
2079 1438 2093 1459 2
2126 1417 2358 1471 ceterisque
2375 1432 2477 1460 con-

1429 1467 1563 1509 trariis
1601 1468 1918 1526 qu‘ibuscumque
1944 1497 1955 1510 .
2002 1471 2155 1514 Datum
2197 1475 2339 1516 Romae
2366 1476 2473 1532 apud

1430 1528 1617 1569 Sanctam
1632 1528 1798 1572 Mariam
1816 1528 2016 1586 Maiorem
2031 1531 2099 1573 sub
2111 1532 2279 1574 Annulo
2293 1530 2472 1578 Piscato-

1428 1586 1484 1627 ris
1499 1586 1568 1628 die
1583 1600 1703 1628 xxiv.
1719 1587 1871 1643 Aprilis
1888 1601 2185 1634 Mncnxxxxrv.
2200 1589 2469 1636 Pontificatus

1432 1644 1556 1689 nostri
1571 1647 1692 1690 Anno
1709 1647 1833 1690 tertio
1846 1675 1859 1688 .

1695 1765 1745 1824 J.
1763 1766 1816 1816 F.
1830 1767 1959 1818 Card.
1971 1768 2165 1820 Albanus
2179 1805 2192 1819 .

1490 1887 1549 1928 Ex
1565 1888 1659 1941 Reg.
1677 1888 1819 1929 Secret.
1834 1890 1957 1930 Brcv.
1974 1887 2105 1945 Apost.
2122 1888 2256 1946 mensis
2271 1919 2286 1944 ,
2313 1891 2361 1941 ζῇ·
2375 1894 2475 1936 anni

1539 1945 1751 2002 praed.sbl.
1770 1958 1839 1998 27·

2159 2089 2473 2109 —-=-,—-

1433 2212 1665 2262 Moniales
1697 2214 1899 2282 Collegii
1928 2214 2175 2265 Nobilium
2208 2218 2472 2286 Capucinas

1500 2299 1642 2350 prope
1668 2282 1921 2333 Ecclefiam
1951 2289 1997 2334 S.
2028 2289 2223 2337 Antonii
2252 2289 2278 2337 al
2296 2286 2472 2339 Castel-

1499 2354 1565 2410 lo,
1582 2353 1801 2403 Civitatis
1818 2358 2136 2415 Venetiarum,
2151 2358 2362 2408 omnibus
2379 2359 2470 2426 pri-

1504 2424 1720 2492 vilegiis,
1757 2425 2063 2495 Indulgentiis
2094 2463 2110 2485 ,
2147 2430 2255 2478 alias
2291 2431 2470 2480 Monia-

1503 2493 1622 2544 libus
1654 2494 1847 2544 Ordinis
1884 2502 1931 2546 S.
1953 2501 2002 2547 P.
2034 2498 2258 2549 Francisci
2288 2497 2470 2549 conces-

1503 2562 1558 2616 fis
1575 2600 1592 2624 ,
1631 2567 1700 2615 uti
1728 2564 1775 2617 ὅ(
1801 2567 2002 2638 gaudere
2029 2566 2151 2638 posse
2183 2569 2385 2621 declarat
2402 2607 2415 2620 .

1433 2697 1955 2763 CLEMENS
2029 2702 2298 2750 PAPA
2370 2703 2467 2751 xr.

1627 2810 1935 2886 Adecrpctuam
1952 2831 2014 2872 ret·
2027 2830 2251 2872 memoriam
2263 2857 2276 2870 .

1500 2941 1664 2999 Njunc‘ti
1693 2947 1822 2990 Nobis
1863 2947 2029 2990 coelitus
2071 2946 2286 2990 Pastoralis
2324 2946 2460 2991 officii

1514 3003 1618 3045 ratio
1644 3005 1817 3060 postulat
1841 3033 1856 3056 ‚
1898 3017 1941 3048 ut
1967 3010 2184 3052 Paternam
2209 3011 2465 3052 sacrarum-2

1433 3057 1647 3117 Virginum
1663 3094 1677 3116 ,
1708 3065 2018 3120 ὃερενοῑεωω
2035 3066 2257 3111 Mulierum
2289 3065 2463 3110 altiffimi

1428 3118 1628 3179 obsequiis
1654 3122 1724 3167 sub
1753 3125 1935 3170 arctioris
1965 3126 2055 3169 vitae
2081 3125 2288 3182 disciplina
2310 3124 2465 3166 manci-

1433 3190 1619 3236 patarum
1633 3212 1648 3235 ,
1663 3183 1886 3240 uberesque
1897 3186 2092 3227 bonorum
2103 3197 2273 3239 operum
2289 3182 2457 3231 fructus,

1432 3237 1731 3285 incrementum
1751 3243 1878 3288 dante
1895 3246 1987 3287 Deo
2001 3273 2015 3297 ‚
2034 3242 2184 3287 assidue
2199 3241 2388 3299 proferre
2408 3239 2470 3284 sa-

1437 3301 1667 3354 tagentium
1692 3317 1832 3347 curam
1850 3314 2044 3358 gerentes
2059 3332 2073 3356 ,
2091 3302 2162 3359 piis
2179 3330 2195 3352 ,
2227 3302 2263 3342 &
2279 3299 2464 3345 laudabi-

1433 3355 1538 3401 libus
1567 3374 1708 3406 earum
1731 3361 1940 3407 desideriis
1955 3391 1968 3414 ,
1999 3371 2191 3420 quantum
2213 3373 2304 3402 cum
2322 3360 2466 3402 Domi·

1433 3429 1489 3459 no
1502 3416 2004 3474 poffumus,favorabiliter
2025 3433 2245 3466 annuamus
2262 3452 2275 3462 .
2306 3419 2466 3463 Volen-

1433 3484 1496 3519 tes
1510 3478 1650 3535 itaque
1662 3481 1832 3524 Dilectis
1844 3482 1885 3526 in
1900 3480 2062 3524 Christo
2079 3478 2258 3523 Filiabus
2272 3479 2462 3525 Abbatis-

1438 3533 1513 3586 sae,
1538 3538 1579 3580 &
1606 3540 1854 3584 Monialibus
1873 3538 2054 3595 Collegii
2079 3538 2289 3583 Nobilium
2325 3542 2465 3594 Capu-

1437 3596 1540 3641 cinis
1557 3600 1813 3655 nuncupatis,
1831 3597 1996 3642 Ordinis
2011 3598 2143 3642 Sane'ti
2159 3599 2358 3643 francisci
2371 3611 2466 3654 pro-

1435 3671 1487 3713 pe
1513 3658 1736 3705 Ecclesiam
1759 3658 2079 3702 SanetiAntonii
2106 3658 2355 3710 aCasteHo,
2385 3658 2465 3699 &c-

1437 3728 1705 3776 nuncupatam
1720 3716 2460 3773 fiti,CivitatisVenetiarun1‚gratian1

1435 3776 1576 3820 facere
1606 3775 1821 3835 specialem
1851 3807 1865 3829 ,
1896 3779 1936 3820 δι
1956 3791 2097 3821 earum
2126 3777 2344 3834 singulares
2367 3789 2463 3832 per-

1435 3835 1547 3895 sonas
1571 3853 1592 3883 a
1613 3837 1815 3896 quibusvis
1834 3838 1911 3896 διε,
1939 3837 2176 3891 censentes,
2209 3835 2465 3938 suppl-igatiog

2291 3908 2330 3938 nt
2362 3907 2405 3937 us
