2774 4068
136 3550 202 3583 zib.
219 3548 284 3588 sup·
304 3545 334 3577 ἱη
351 3521 399 3610 Ι

138 3593 208 3622 Lat.
226 3589 313 3623 relat.

396 195 561 303 136

322 306 599 352 dinationibus
626 303 903 364 Apostolicis,
927 316 1088 349 necnon
1113 304 1268 348 Domus
1284 309 1366 349 Or-

321 367 429 411 dinis
457 367 779 424 praedictorum,
807 367 931 409 etiam
959 368 1362 422 Juramento,Con-

318 425 551 469 firmatione
579 425 819 482 Apostolica
836 454 852 478 ,
879 424 946 467 vel
976 423 1053 467 alia
1069 424 1208 479 quavis
1238 422 1364 468 firmi-

317 495 405 529 tate
434 487 640 530 roboratis
669 486 858 536 statutis,
889 486 928 527 &
966 481 1361 538 consuetudinibus,

318 545 555 602 ceterisque
582 545 798 589 contrariis
824 541 1168 601 quibuscumque.
1205 545 1362 588 Datum

320 606 467 648 Romae
497 605 605 661 apud
634 609 832 650 Sanctum
865 605 1038 646 Petrum
1080 600 1151 644 sub
1192 604 1360 647 Annulo

320 664 537 709 Piscatoris
553 693 568 717 ,
591 664 661 708 die
692 678 709 707 ι
723 678 758 707 1.
775 662 990 707 Februarii
1006 674 1232 706 mcxxxiv.
1251 665 1364 707 Pon-

322 722 500 770 tificatfis
524 724 665 770 Nostri
692 737 802 770 anno
832 721 1085 766 undecimo.

838 844 898 886 M.
926 840 979 883 A.
1003 839 1216 884 Maraldus
1231 869 1244 882 .

381 1022 485 1069 'Aut-
510 1023 554 1066 r‘n
586 1022 733 1064 Secret-
762 1022 877 1063 Brev.
908 1017 1042 1079 Apost-
1070 1019 1164 1075 Reg.
1178 1018 1297 1072 meast
1310 1019 1365 1072 ὠν

441 1079 761 1139 annipraed.fol.
781 1093 796 1122 1
806 1092 844 1131 7.
861 1079 905 1121 de
920 1092 995 1133 quo
1006 1085 1131 1120 Breve
1132 1076 1308 1136 format.
1321 1083 1365 1123 in

443 1140 567 1188 Arcb.
584 1141 683 1182 Gen.
698 1143 863 1183 Armar.
885 1140 1007 1181 Prov.
1022 1143 1065 1183 S.
1080 1136 1285 1181 Francisci
1297 1168 1308 1181 .

328 1283 580 1302 -μ
1256 1279 1374 1292 --

329 1435 699 1494 Demolitionem
715 1436 911 1504 antiquae
931 1434 1114 1487 Domfis
1134 1434 1338 1507 Eugubii
1351 1471 1368 1495 ,

403 1507 517 1562 fitfis
533 1510 861 1560 alienationem
879 1545 895 1568 ,
924 1506 974 1559 ὅ(
992 1526 1150 1557 rerum
1169 1506 1193 1556 ὲ
1214 1512 1372 1558 Domo

400 1582 587 1648 antiqua
613 1579 672 1632 ad
690 1597 860 1632 novam
886 1581 1236 1631 translationem
1265 1596 1374 1629 con-

403 1651 562 1704 firmat
581 1683 598 1700 .

335 1785 376 1827 Α
404 1782 546 1837 Tergo
559 1808 571 1822 .
609 1778 828 1824 Venerabili
854 1783 1002 1826 Fratri
1028 1780 1213 1838 Epifiopo
1243 1785 1375 1838 Euga-

400 1839 522 1884 bitto.
547 1838 626 1898 se'u
664 1839 820 1882 DileHo
858 1841 986 1893 Filio,
1014 1839 1096 1897 ejus
1132 1841 1283 1884 Vitario
1298 1868 1314 1892 ,

569 1898 912 1956 inspiritualibus
930 1897 1118 1942 Gener-ali
1130 1927 1141 1940 .

340 2017 395 2075 U
424 2021 537 2069 RB
567 2020 614 2068 A
643 2020 693 2067 N
724 2019 828 2073 US
902 2020 1119 2070 PAPA
1190 2020 1375 2068 VIII.

347 2144 582 2193 Venerabilis
600 2148 754 2190 Frater
767 2174 782 2197 ,
791 2146 870 2203 stu
886 2146 1044 2190 Dilebte
1058 2145 1146 2190 Pili
1159 2145 1352 2203 ,salutem
1364 2174 1379 2199 ,

518 2206 574 2257 (γ
588 2205 849 2264 Apostolicam
865 2205 1175 2252 Benediflionem
1186 2235 1199 2248 .

480 2328 595 2381 Uper
614 2338 695 2380 pro
719 2334 841 2382 parte
872 2325 1031 2369 Dilecti
1058 2324 1151 2368 Filii
1182 2326 1384 2368 Procura-

505 2384 605 2427 toris
633 2385 822 2427 Fratrum
850 2386 1061 2429 Minorum
1089 2385 1224 2429 Sancti
1257 2387 1384 2428 Fran-

340 2443 436 2486 eisci
461 2445 769 2500 Capucinorum
784 2455 1138 2500 nuncupatorum,
1169 2444 1384 2488 Nobisex-

339 2505 514 2561 poiitum
543 2499 648 2553 fuit,
678 2504 788 2559 quod
817 2502 968 2547 eisdem
1004 2503 1214 2546 Fratribus
1240 2507 1386 2559 Engu-

343 2563 450 2605 binis
476 2575 551 2618 pro
580 2562 889 2616 complemento
925 2577 1069 2606 eorum
1109 2561 1264 2607 Domfis
1298 2566 1387 2606 Re-

342 2622 499 2679 gularis
519 2650 533 2672 ,
564 2633 652 2677 quae
681 2621 732 2662 ad
761 2622 931 2677 praesens
959 2623 1231 2675 construitur,
1265 2622 1388 2665 maxi-

342 2681 408 2724 me
419 2677 687 2724 necessarium
701 2679 758 2722 est
773 2710 787 2732 ,
813 2694 856 2723 ut
869 2681 919 2724 ad
937 2680 1050 2724 illam
1064 2696 1235 2735 omnes,
1251 2684 1291 2724 &
1313 2682 1389 2724 sm-

343 2740 446 2798 gulae
481 2753 546 2782 res
569 2753 713 2782 eorum
749 2741 924 2797 antiquae
955 2739 1109 2783 Domus
1133 2742 1388 2798 Regularis,

344 2814 430 2857 quae
455 2798 535 2843 una
560 2812 654 2840 cum
684 2798 755 2840 fitu
783 2799 951 2842 dominii
994 2801 1110 2843 Sedis
1147 2801 1390 2857 Apostolicae

344 2860 520 2903 existunt
537 2886 551 2910 ,
574 2856 873 2902 transferantur
891 2889 902 2901 .
935 2861 1079 2920 Qare
1096 2861 1225 2904 Nobis
1254 2861 1391 2904 humi-

345 2919 442 2964 liter
458 2917 678 2976 supplicari
705 2917 805 2963 fecit
828 2918 959 2962 dictus
976 2923 1229 2966 Procurator
1250 2924 1390 2967 Gene-

1139 3103 1364 3170 ΝΟ

1135 186 1666 276 Provincia

1427 305 1549 356 ralis,
1582 315 1629 348 ut
1663 304 1707 347 in
1738 304 1938 361 praemiffis
1962 307 2228 364 opportune,
2271 308 2319 351 ut
2342 308 2477 363 infra,

1425 365 1680 421 providere,
1707 363 1760 407 de
1778 366 2030 424 benignitate
2056 366 2292 423 Apostolica
2332 368 2479 425 digna-

1425 438 1591 468 remur.
1626 426 1712 468 Nos
1748 425 1873 479 igitur
1908 427 2098 469 eumdem
2128 430 2474 484 Procuratorem,

1425 483 1633 541 dictosque
1665 485 1834 527 Fratres
1873 487 2111 541 Eugubinos
2143 487 2381 543 specialibus
2415 487 2477 530 fa-

1422 544 1619 589 veribus,
1647 544 1687 584 δι
1710 544 1852 598 gratiis
1889 545 2080 601 prosequi
2115 548 2333 597 volentes,
2373 547 2413 588 &
2449 549 2475 592 ὲ

1421 603 1626 659 quibusvis
1659 605 2089 647 excommunicationis
2118 635 2133 656 ,
2175 604 2470 662 suspenfionis,

1425 662 1684 706 &interdicti
1701 690 1714 713 ‚
1739 660 1907 718 aliisque
1925 663 2214 706 Ecclefiasticis
2230 664 2443 708 sententiis
2457 693 2472 718 ,

1426 720 1635 772 censuris,
1665 722 1704 762 &
1731 722 1864 776 poenis
1888 721 2027 777 aJure
2053 750 2067 773 ,
2103 725 2170 765 vel
2200 726 2248 767 ab
2278 723 2473 775 homine,

1425 781 1565 838 quavis
1587 778 1821 830 occasione,
1854 780 1922 821 vel
1960 783 2073 823 causa
2112 781 2233 833 latis,
2265 782 2290 824 fi
2326 783 2474 839 quibus

1424 838 1738 897 quomodolibet
1765 838 1948 882 innodati
1973 839 2180 891 existunt,
2210 842 2261 884 ad
2277 841 2467 885 effeEtum

1427 897 1682 956 praesentium
1702 897 1901 941 duntaxat
1915 899 2245 954 consequendum
2260 926 2275 949 a
2292 902 2474 944 harum..

1427 957 1531 1001 serie
1555 956 1817 1000 absolventes
1835 987 1849 1011 ‚
1875 958 1913 998 &
1942 958 2148 1001 absolutos
2186 957 2277 1001 fore
2302 961 2475 1004 censen-

1427 1026 1489 1060 tes
1516 1043 1531 1066 ,
1575 1012 1802 1072 hujusmodi
1849 1015 2211 1073 supplicationibus
2250 1018 2469 1072 inclinati,

1425 1076 1693 1119 fraternitati
1721 1077 1845 1126 Tuae,
1864 1078 2008 1119 Frater
2036 1075 2267 1133 Episcope,
2307 1078 2371 1120 vel
2398 1079 2470 1120 Di·-

1432 1133 1627 1178 scretioni
1657 1137 1779 1187 Tuae,
1804 1135 1880 1178 Fili
1909 1135 2076 1178 Vicat-ie
2099 1166 2114 1187 ,
2152 1150 2226 1191 per
2252 1139 2469 1192 praesentes

1430 1194 1752 1246 committimus,
1767 1193 2054 1238 &mandamus
2071 1223 2084 1246 ,
2101 1205 2298 1251 quatenus
2313 1195 2468 1240 eisdem

1432 1254 1643 1297 Fratribus
1676 1254 1935 1310 Eugubinis,
1967 1250 2032 1297 seu
2061 1254 2229 1296 illorum
2260 1256 2470 1310 Syndico,

1432 1313 1542 1370 quod
1567 1312 1716 1357 nedum
1744 1314 1850 1356 difta
1878 1315 2035 1356 Domus
2062 1313 2282 1368 Regularis
2309 1315 2477 1372 antiqua

1432 1372 1657 1423 demoliri,
1687 1371 1798 1415 illius
1817 1373 1911 1415 fitus
1941 1372 2090 1421 vendi,
2121 1387 2279 1416 necnon
2306 1389 2480 1427 omneS,

1431 1433 1472 1474 δι
1499 1432 1660 1488 fingulae
1684 1446 1746 1475 res
1774 1433 1967 1489 praedicstae
1982 1433 2020 1474 in
2037 1431 2128 1475 usus
2148 1461 2162 1483 ,
2177 1434 2214 1474 &
2231 1432 2477 1477 beneficium

1432 1491 1546 1534 dietae
1570 1505 1686 1534 novae
1699 1489 1854 1534 Domus
1871 1491 2087 1547 Regularis
2105 1490 2333 1548 hujusmodi
2351 1492 2480 1536 trans-

1431 1549 1561 1603 ferri,
1587 1550 1654 1592 sed
1679 1551 1804 1593 etiam
1831 1550 1912 1607 ipsa
1939 1555 2094 1592 Domus
2122 1551 2343 1607 Regularis
2372 1553 2478 1595 anti-

1432 1624 1511 1666 qua
1524 1609 1745 1657 demoliri,
1777 1609 1846 1652 seu
1868 1611 2143 1666 prophanari,
2172 1611 2212 1652 &
2228 1609 2277 1652 ad
2293 1614 2474 1667 propha-

1434 1684 1534 1722 noS,
1559 1683 1642 1712 non
1664 1679 1800 1712 tamen
1828 1669 2012 1712 sordidos
2042 1671 2132 1712 usus
2148 1699 2163 1720 ,
2196 1672 2474 1714 monumentis

1434 1738 1600 1781 tamen,
1627 1729 1667 1770 δε
1695 1727 1840 1771 offibus
1878 1739 2134 1774 mortuorum
2174 1730 2253 1773 una
2294 1744 2388 1772 curn
2414 1729 2477 1773 su-

1435 1786 1600 1845 perficie
1622 1797 1739 1830 terrae
1761 1786 1856 1830 alibi
1881 1787 2096 1831 collocatis
2113 1787 2284 1840 ,reduci
2309 1789 2469 1842 libere,

1436 1849 1478 1890 ἃ.
1506 1846 1619 1890 licite
1645 1845 1814 1904 poffint‚
1837 1848 1876 1889 &
1897 1847 2089 1897 valeant,
2105 1847 2328 1903 respective
2349 1849 2484 1894 licen-

1438 1907 1538 1950 tiam
1569 1906 1810 1949 auctoritate
1842 1907 1975 1951 nostra
2013 1908 2215 1950 concedas
2237 1936 2249 1948 .
2283 1910 2380 1950 Non
2409 1909 2483 1951 ob·

1439 1966 1660 2018 stantibus,
1689 1974 1891 2022 quatenus
1918 1980 2017 2022 opus
2051 1969 2126 2019 fit,
2162 1964 2232 2010 fel.
2270 1967 2483 2010 recordat.

1438 2024 1558 2069 Pauli
1584 2028 1666 2070 PP.
1682 2027 1742 2068 11.
1769 2023 2076 2068 Praedecefforis
2106 2026 2250 2077 nostri,
2277 2025 2330 2067 de
2355 2027 2480 2069 rebus

1442 2083 1633 2128 Ecclefiae
1665 2098 1746 2128 non
1775 2084 2030 2136 alienandis,
2060 2084 2230 2142 aliisque
2267 2084 2482 2129 Constitu-

1440 2144 1643 2194 tionibus,
1677 2145 1718 2186 δι
1742 2144 2081 2188 ordinationibus
2113 2142 2383 2200 Apostolicis‚
2410 2160 2481 2188 ce-

1439 2203 1620 2259 terisque
1648 2205 1866 2245 contrariis
1906 2203 2256 2260 quibuscumque.
2293 2204 2482 2249 Datum,

1439 2265 1581 2306 Romae
1606 2261 1713 2315 apud
1741 2264 1926 2306 Sanctam
1963 2264 2134 2305 Mariam
2175 2261 2376 2318 Majorem
2407 2262 2479 2306 sub

1444 2322 1615 2366 Annulo
1629 2321 1845 2366 Piscatoris
1861 2353 1875 2376 ,
1905 2320 1974 2363 die
1988 2336 2034 2364 vi
2049 2336 2081 2365 ι.
2097 2325 2208 2378 Sept.
2231 2336 2478 2365 MDcxxxtx.

1444 2378 1710 2428 pontificatus
1737 2381 1862 2426 nostri
1892 2394 1999 2424 anno
2021 2379 2390 2437 decimoseptimo.

1965 2561 2022 2602 Μ.
2049 2561 2103 2613 A.
2132 2558 2370 2603 Maraldus.

1509 2742 1658 2796 Autog.
1692 2742 1735 2784 in
1751 2737 1872 2783 Arch.
1902 2739 2047 2780 Secret.
2077 2740 2190 2780 Brev.
2219 2737 2352 2794 Apoll.
2384 2739 2481 2793 Reg.

1568 2799 1691 2861 mens-⁸
1706 2800 1758 2850 όν
1781 2796 1878 2840 anni
1893 2797 2110 2855 praed.fol.
2131 2808 2202 2852 45.
2215 2798 2260 2840 de
2274 2811 2349 2854 qao
2364 2802 2484 2842 Brev-

1555 2860 1690 2919 form.
1706 2859 1749 2903 in
1765 2856 1886 2903 Arch.
1902 2858 2120 2901 conventas
2131 2887 2143 2900 .

1456 3102 1706 3171 TA.

345 3245 420 3283 Pro
440 3242 591 3293 ejusdem
614 3255 721 3286 novae
744 3244 879 3285 fabricae
909 3247 1086 3287 beneficio
1102 3270 1117 3292 ,
1143 3245 1295 3285 concessa
1318 3245 1393 3284 sunt
1418 3243 1598 3283 Fratribus
1634 3243 1756 3281 rudera
1792 3242 1911 3291 putei,
1944 3244 1980 3281 in
2013 3241 2208 3292 poffeffione
2234 3243 2277 3284 ad
2302 3242 2338 3284 S·
2352 3237 2486 3280 Donati

705 3295 916 3336 Beneficium
947 3296 1156 3348 speftantis,
1183 3298 1339 3335 Decreto
1363 3295 1402 3336 S.
1421 3293 1733 3344 Congregationis
1752 3293 1910 3332 Concilii
1932 3293 2123 3342 loquente:

876 3408 1203 3476 Eminentiffi'mi
1216 3444 1234 3468 ,
1267 3426 1316 3458 ac
1349 3405 1715 3473 Reverendiffi'mt'
1744 3404 1926 3455 Domini
1940 3440 1953 3455 .

400 3522 448 3562 N
467 3527 618 3574 quadam
636 3523 821 3578 poffeffione
844 3536 946 3565 extra
973 3528 1169 3567 Civitatem
1181 3528 1337 3576 Eugubii
1348 3522 1543 3578 ,spetlum
1563 3523 1611 3563 ad
1633 3525 1674 3563 S.
1687 3523 1822 3562 Donati
1848 3520 2066 3570 beneficium
2093 3534 2158 3571 4¹⁴⁰
2181 3522 2223 3559 ὅθ
2241 3523 2332 3571 fam
2350 3525 2482 3575 gaud&

425 3572 660 3628 Illustriffimus
682 3577 856 3614 Dominus
869 3575 1053 3629 staffort·
1064 3579 1265 3628 ,reperitur
1283 3587 1413 3628 puteus
1425 3602 1438 3622 ‚
1463 3577 1507 3619 o·

1535 3574 1628 3612 muri
1651 3572 1831 3623 destruat,
1879 3573 1918 3610 ui
1949 3569 2044 3607 ditia
2075 3568 2257 3623 poffeffioni
2285 3587 2354 3612 non
2373 3575 2484 3625 solum

354 3633 422 3659 non
447 3627 644 3665 conducunt
659 3651 668 3665 ‚
707 3627 752 3663 ed
769 3636 910 3663 econtra
934 3627 1097 3666 damnum
1117 3627 1262 3676 causant
1275 3652 1289 3673 ,
1311 3636 1430 3678 utpote
1455 3624 1631 3663 culturam
1649 3620 1736 3674 sitas
1759 3623 1846 3672 impe
1871 3622 1979 3658 tentes
1993 3648 2001 3656 .

453 3672 607 3722 Cumque
626 3678 656 3713 F
683 3705 690 3712 .
718 3676 892 3724 Capacini
916 3675 956 3713 in
978 3677 1068 3714 ditia
1094 3678 1255 3716 Civitate
1280 3678 1500 3717 Conventum
1527 3673 1696 3722 ‘edificent
1708 3696 1722 3718 ,
1746 3669 1978 3722 Illustriffimus
2000 3667 2109 3708 dinus
2134 3671 2180 3707 iis
2204 3671 2334 3723 Iapides
2358 3674 2458 3724 putei
2479 3701 2491 3718 ‚

355 3720 399 3763 dr
421 3721 550 3758 rudera
573 3736 750 3763 murorum
772 3725 956 3770 concedit,
981 3725 1157 3765 dummodo
1182 3721 1245 3763 illa
1267 3728 1411 3778 expensis
1430 3726 1509 3776 suis
1530 3737 1548 3762 e
1573 3722 1721 3766 odiant,
1747 3720 1792 3763 ὰ
1823 3717 2028 3767 tranf‘ram
2043 3744 2053 3761 ν
2078 3732 2155 3757 “⁰7²
2200 3734 2238 3759 ἓν
2264 3723 2324 3761 7³⁰⁰
2348 3721 2483 3776 P⁰ffeffi⁰

355 3768 579 3814 melioretur,
603 3775 646 3814 &⁴
673 3773 844 3810 reddatur
861 3774 1044 3824 fertilior.
1069 3774 1301 3826 supplicatur
1316 3777 1424 3827 proin
1449 3774 1522 3814 ΞΕ.
1577 3770 1624 3816 V.
1646 3770 1750 3809 Ratis
1777 3767 1798 3806 ὸ
1819 3768 1929 3809 Patre
1964 3766 2161 3807 Provincia
2176 3782 2193 3807 e
2221 3781 2286 3822 pro
2313 3774 2455 3813 licentia
2473 3797 2490 3819 ,

354 3828 525 3868 quatenus
550 3829 631 3869 opus
642 3825 713 3872 fit.
737 3822 785 3860 Et
804 3831 916 3862 totum
940 3825 1014 3870 &c-

2362 3883 2432 3922 Die
