2774 4068
1160 237 1640 325 Romana.
2301 242 2403 353 85

332 362 447 409 nullo
478 360 604 405 modo
638 351 900 408 elemofiynas
926 364 1133 407 quarere,
1162 366 1233 399 aut
1261 370 1368 414 quae-

330 423 546 467 ssuationes
576 417 712 461 facere
740 421 940 468 poterunt
972 439 983 452 .
1032 412 1263 468 Hospitium
1293 430 1366 458 au·

329 495 420 525 tem
436 471 847 537 praedietum,Dilefto
859 469 965 513 Filio
982 470 1180 513 moderno
1196 500 1209 522 ,
1236 475 1276 515 δε
1291 487 1367 529 pro

328 550 516 597 tempore
527 531 713 579 existenti
729 529 916 573 Ministro
931 529 1177 573 Provinciali
1196 531 1366 574 Provin.

330 603 400 644 ciae
418 588 795 642 Romanae,Ordinis
809 586 1253 645 praedit‘ti,immediate
1280 588 1365 632 sub·-

328 647 814 762 sifiz‘sssffnsssssslh'sz's
830 647 970 751 {1233}
984 647 1364 756 fsslffss‘ssssflieiffl'}

325 789 397 819 cus
410 768 617 816 Saecularis
634 797 648 820 ,
680 766 747 810 vel
775 765 946 823 cujusvis
974 765 1146 809 Ordinis
1165 797 1181 819 ,
1211 766 1367 811 etiam..-

325 836 518 878 Fratrum
542 826 850 883 Capucinorum
877 825 1161 882 praedictorum
1186 827 1367 883 Regula·-

325 893 380 937 r'is
400 920 416 943 ,
429 883 432 886 ’
446 887 520 932 sub
535 899 778 944 quocunque
794 895 991 942 praetextu
1016 885 1237 941 recipiatur
1251 914 1265 937 ,
1297 884 1367 928 sed

327 950 398 996 {bii
423 944 671 992 Confefl‘arii
697 974 713 999 ,
746 945 787 986 Β(
815 943 1058 1000 Spirituales
1092 945 1333 989 Direaores
1351 970 1367 993 ·,

322 1021 552 1063 eorumque
575 1000 822 1051 Praelidens,
853 1016 900 1045 ac
923 1018 1028 1048 unus
1044 1032 1061 1054 ,
1093 1003 1158 1047 vel
1173 1004 1255 1047 duo
1267 1006 1367 1047 Fra-

329 1081 415 1114 tres
434 1066 525 1112 laici
549 1063 724 1122 praedicti
749 1063 790 1105 in
818 1062 897 1108 illo
910 1074 1250 1106 commorentur.

380 1130 669 1170 Decet-nentes
682 1121 843 1166 easdem
856 1120 1076 1178 praesentes
1099 1123 1257 1167 Literas
1274 1122 1370 1167 sem.

318 1200 397 1245 per
412 1184 574 1236 firmas,
602 1180 787 1233 validas,
820 1182 859 1223 &
889 1180 1072 1225 efficaces
1095 1183 1271 1227 existere
1289 1211 1304 1235 ,
1328 1183 1370 1224 δι

273 1290 278 1294 ,
321 1246 411 1290 fore
427 1274 442 1298 ,
473 1244 639 1298 suosque
662 1240 900 1297 plenarios,
928 1241 971 1285 δι,
994 1242 1179 1298 integros
1202 1240 1367 1286 effeflus

320 1303 485 1352 sortiri,
503 1303 546 1343 δι
558 1300 751 1344 obtinere
765 1330 782 1352 ,
812 1313 861 1342 ac
877 1298 990 1350 illis,
1002 1301 1053 1344 ad
1070 1315 1170 1358 quos
1187 1300 1338 1358 spenstat
1351 1328 1367 1351 ‚

319 1367 361 1408 δι
373 1377 447 1420 pro
461 1372 650 1417 tempore
664 1358 861 1415 spectabit
877 1384 893 1407 a
915 1359 1142 1414 plenissime
1170 1359 1366 1416 suffraga-

319 1426 354 1468 ri
366 1451 383 1476 ,
404 1423 446 1464 δι
464 1421 518 1464 ab
531 1420 591 1464 eis
610 1418 835 1475 respeffive
853 1418 1159 1462 inviolabiliter
1174 1419 1367 1464 observa-

320 1484 385 1535 ri,
416 1481 550 1537 sicque
566 1480 606 1522 in
629 1475 832 1536 praemissis
850 1506 864 1530 ‚
879 1491 952 1534 per
966 1478 1234 1537 quoscunque
1252 1478 1367 1535 Iudi-

319 1555 391 1587 ces
411 1539 656 1585 Ordinarios
675 1567 690 1590 ,
719 1539 759 1580 &
780 1536 1007 1595 Delegatos
1023 1567 1038 1590 ,
1070 1540 1197 1583 etiam
1215 1539 1368 1584 eaust-

319 1613 411 1645 rum
431 1598 578 1643 Palatii
597 1595 821 1653 Apostolici
839 1596 1068 1640 Auditores
1094 1597 1264 1653 judicari
1282 1627 1297 1650 ,
1327 1598 1369 1642 &

321 1658 484 1705 definiri
509 1655 695 1709 debere;
727 1668 774 1698 ac
798 1654 964 1699 irritum
992 1656 1033 1697 δι
1063 1658 1215 1709 inane,
1248 1657 1273 1700 fi
1305 1656 1371 1700 se·

323 1734 395 1764 cus
420 1718 542 1774 super
557 1717 617 1758 his
634 1743 649 1767 ,
680 1713 704 1756 ἃ
718 1726 952 1770 quoquam,
983 1716 1126 1772 quavis
1148 1717 1370 1761 auetorita-

322 1789 367 1821 te
379 1808 396 1830 ,
409 1776 588 1819 scienter
606 1803 622 1826 ,
653 1772 719 1815 vel
735 1773 980 1826 ignoranter
991 1775 1216 1832 contigerit
1233 1786 1370 1819 atten-

322 1836 432 1882 tari.
461 1836 559 1878 Non
571 1830 825 1875 obstantibus
843 1830 1044 1888 praemillis
1057 1862 1072 1885 ,
1093 1847 1140 1877 ac
1155 1834 1371 1878 Constitu·

323 1895 526 1945 tionibus,
555 1893 594 1934 8(
609 1890 952 1934 ordinationibus
968 1892 1219 1945 Apostolicis
1232 1923 1248 1947 ,
1271 1908 1371 1938 nec-

324 1969 407 2001 non
421 1951 671 2004 Provinciae,
701 1952 742 1995 δι
755 1951 923 1995 Ordinis
942 1948 1204 2008 prefatorum
1220 1983 1235 2006 ,
1263 1953 1368 1997 aliis-

325 2027 407 2072 que
423 2010 627 2071 quibusvis
646 2037 663 2060 ‚
692 2010 818 2056 etiam
842 2010 1107 2068 juramento,
1139 2011 1371 2057 Confirma-

325 2076 439 2118 tione
457 2070 687 2128 Apostolica
703 2096 720 2118 ‚
752 2069 818 2113 vel
835 2070 981 2128 quavis
996 2068 1192 2116 firmitate
1206 2072 1286 2116 alia
1303 2087 1372 2116 ro-

325 2134 479 2177 boratis
504 2129 656 2173 statutis
668 2155 683 2178 ,
714 2131 757 2180 ὅς
774 2127 1145 2175 consuetudinibus
1159 2159 1185 2180 r
1197 2132 1371 2188 privile-

327 2193 402 2248 giis
418 2205 579 2248 quoque
596 2218 610 2241 ,
624 2188 795 2232 indultis
811 2218 825 2241 ,
858 2189 985 2235 etiam
1013 2190 1165 2235 Literis
1193 2192 1368 2246 Aposto-

327 2252 416 2294 licis
430 2279 445 2302 ‚
465 2251 505 2294 in
537 2248 796 2292 contrarium
816 2246 1104 2304 praemifforum
1134 2250 1370 2307 quomodo-

328 2309 434 2354 libet
447 2306 657 2358 concessis,
673 2304 946 2358 confirmatis,
958 2307 1214 2350 &innovatis
1226 2337 1237 2349 .
1263 2309 1367 2368 Qi-

328 2369 404 2410 bus
417 2367 605 2411 omnibus
619 2392 634 2413 ‚
647 2367 688 2406 δι
707 2363 869 2418 singulis
885 2393 901 2415 ,
918 2365 1087 2407 illorum
1108 2375 1273 2408 tenores
1298 2379 1373 2422 pro

327 2426 484 2484 plene,
513 2424 554 2465 &
577 2422 825 2465 sufficienter
851 2422 1069 2479 expreffis,
1099 2437 1146 2465 ac
1173 2424 1227 2466 de
1244 2425 1375 2467 verbo

330 2485 382 2528 ad
413 2483 579 2527 verbum
595 2479 758 2524 insertis
773 2482 998 2531 habentes,
1019 2481 1103 2523 illis
1129 2482 1227 2524 aliis
1246 2483 1286 2524 in
1301 2483 1372 2527 suo

327 2545 477 2586 robore
491 2538 778 2597 permansuris,
791 2539 840 2581 ad
857 2537 1144 2594 praemifforum
1157 2539 1342 2583 effectum
1357 2570 1371 2593 ,

327 2603 404 2646 hac
420 2601 518 2644 vice
531 2598 729 2641 duntaxat
743 2596 977 2653 specialiter
990 2624 1005 2645 ,
1036 2601 1076 2641 &
1089 2598 1281 2654 express'e
1297 2599 1372 2643 de·

326 2672 531 2716 rogamus,
546 2655 797 2712 coeterisque
811 2657 1032 2702 contrariis
1050 2653 1370 2715 quibuscunque.

332 2723 488 2763 Datum
502 2719 643 2761 Romae
655 2716 762 2772 apud
791 2718 831 2758 S.
851 2720 1020 2760 Petrum
1037 2714 1107 2758 sub
1122 2717 1290 2759 Annulo
1305 2718 1373 2760 Pi-

331 2777 518 2825 statoris,
551 2774 629 2817 Die
648 2788 721 2818 xv.
742 2774 842 2831 Maij
860 2787 1133 2819 mncnxxxiv.
1155 2774 1375 2818 Pontifica—

329 2848 396 2880 tus
412 2834 547 2879 Nostri
561 2837 685 2878 Anno
698 2837 847 2877 octavo
862 2861 874 2873 .

948 2954 984 2995 1.
1001 2954 1056 2995 G.
1084 2949 1233 2995 slufius
1247 2982 1260 2994 .

392 3077 518 3115 Breve
534 3066 766 3129 formatum
790 3067 834 3110 in
851 3069 1024 3112 Archiae
1049 3068 1290 3111 Proviuclae.

334 3326 510 3380 Iisdem
553 3324 850 3392 Capellanis,
886 3319 1037 3373 Classe
1084 3322 1374 3376 Triremium

348 3421 350 3424 ¹
403 3413 563 3448 contra
599 3398 776 3447 Turcas
810 3408 1032 3453 exeunte,
1070 3390 1282 3461 speciales
1315 3393 1375 3447 sa.

408 3470 599 3521 cultates
621 3467 883 3535 impertitur
903 3499 915 3512 .

1131 3595 1351 3663 ΝΟ

1426 346 2031 408 lNNOCENTIUS
2083 357 2294 408 PAPA
2343 358 2453 408 xi.

1633 480 1704 525 Ad
1716 478 1913 539 suturam
1940 481 1998 521 rei
2029 484 2249 526 memor-Iam
2262 513 2275 525 .

1545 598 1840 640 TAnimarum
1871 594 2211 640 Christifidelium
2242 603 2281 643 in
2314 605 2463 649 nostra-

1574 669 1685 706 rum,
1713 654 1882 700 &Sedis
1897 653 2166 711 Apostolicae,
2197 656 2360 715 aliisque
2376 667 2464 706 uni.

1427 727 1564 759 tarum
1578 739 1593 762 2
1607 716 1647 756 ἃ.
1669 714 1939 758 uniendarum
1952 714 2203 758 Triremium
2218 745 2233 766 ,
2247 718 2288 758 δι
2299 720 2466 764 aliarum

1428 775 1591 818 navium
1618 774 1864 818 Bellicarum
1888 770 2027 816 Classe
2059 773 2298 829 propediem
2325 778 2364 819 in
2395 791 2467 820 au-

1426 833 1570 877 xilium
1601 833 1926 876 Christianorum
1960 844 2106 876 contra
2129 835 2285 877 Turcas
2303 864 2318 886 ‚
2346 835 2469 879 bene·

1427 894 1588 937 dicente
1625 895 1834 943 Domino,
1864 891 2142 949 navigatura,
2174 907 2249 948 pro
2281 904 2469 949 tempore

1428 950 1688 996 existentium
1713 979 1728 1002 ‚
1759 949 1874 994 saluti
1907 951 2070 995 uberius
2109 949 2265 993 consuli
2304 952 2468 1004 valeat,

1429 1015 1545 1055 Motu
1571 1016 1766 1066 proprio,
1797 1023 1843 1051 ac
1867 1023 1918 1050 ex
1944 1019 2059 1053 certa
2095 1008 2261 1053 scientia
2306 1011 2437 1053 nostra
2455 1041 2470 1063 ,

1431 1071 1602 1116 Dilectis
1637 1070 1750 1115 Filiis
1782 1067 1992 1112 Fratribus
2030 1069 2198 1111 Ordinis
2230 1069 2472 1112 Minorum.)

1432 1134 1472 1174 S.
1488 1128 1689 1174 Francisci
1705 1129 2012 1184 Capucinorum
2026 1126 2291 1171 Confeffariis
2304 1156 2319 1179 ,
2344 1129 2383 1168 &
2399 1128 2475 1184 spi-

1429 1190 1648 1234 ritualibus
1678 1187 1987 1240 Directoribus,
2008 1187 2048 1229 in
2082 1186 2220 1230 locum
2250 1188 2475 1241 Presbyte-

1429 1263 1572 1292 rorum
1602 1247 1846 1292 saecularium
1876 1244 2202 1301 capellanorum
2220 1246 2364 1290 Claflis
2382 1246 2477 1288 Tri·

1429 1309 1601 1352 remium
1629 1305 1936 1351 Pontificiarum
1955 1304 2183 1363 hujusmodi
2197 1308 2222 1351 a
2236 1306 2366 1349 Nobis
2382 1301 2475 1347 sub-

1429 1367 1612 1423 rogatis,
1654 1380 1795 1409 omnes
1822 1396 1839 1417 ,
1880 1366 1921 1406 &
1956 1364 2134 1422 singulos
2173 1363 2475 1409 Christifideles

1427 1425 1572 1471 Classis
1599 1425 1792 1482 praedictae
1816 1428 1839 1468 a
1864 1422 2074 1481 quibusvis
2100 1437 2247 1467 eorum
2265 1423 2474 1480 peccatis,

1429 1485 1696 1536 criminibus,
1741 1483 1960 1528 exceffibus
1984 1513 1998 1534 ‚
2040 1484 2079 1524 &
2124 1483 2315 1534 delictis,
2347 1483 2475 1525 etiam

1428 1544 1692 1602 quantumvis
1718 1543 1939 1599 gravibus,
1969 1545 2007 1585 &
2037 1543 2273 1586 enormibus
2292 1572 2305 1594 ,
2334 1556 2380 1584 ac
2405 1544 2475 1586 Se·

1428 1605 1471 1647 di
1486 1603 1729 1662 Apostolicae
1741 1603 1964 1648 reservatis
1977 1629 1992 1651 ‚
2013 1602 2139 1644 etiam
2154 1601 2193 1644 in
2212 1600 2342 1646 literis
2360 1602 2477 1657 Apo-

1430 1664 1611 1717 stolicis,
1643 1677 1730 1720 quae
1771 1660 1840 1704 die
1879 1664 2022 1706 Coenae
2054 1661 2219 1704 Domini
2252 1660 2334 1715 legi
2376 1673 2474 1703 con-

1431 1722 1688 1774 sueverunt,
1718 1721 1960 1776 contentis,
1996 1718 2243 1776 poenitentia
2278 1717 2473 1771 salutari,

1431 1786 1469 1827 &
1496 1783 1618 1834 aliis,
1650 1795 1737 1837 quae
1761 1778 2010 1838 injungenda
2038 1777 2220 1831 fuerint,
2251 1778 2308 1820 eis
2341 1777 2476 1835 injun-

1431 1843 1532 1895 ctis,
1566 1842 1607 1884 in
1637 1839 1731 1884 foro
1748 1838 2005 1883 conscientiae
2031 1839 2245 1883 dumtaxat
2261 1836 2478 1882 absolven-

1429 1901 1505 1953 di,
1537 1899 1727 1957 illisque,
1759 1908 1806 1942 ut
1834 1897 2175 1955 quadragesimae,
2206 1899 2247 1940 &
2271 1896 2360 1939 aliis
2379 1896 2475 1939 anni

1429 1961 1686 2018 temporibus
1709 1990 1725 2014 ,
1768 1959 1911 2014 quibus
1949 1960 2037 2001 esus
2080 1956 2377 2001 laniciniorum
2418 1955 2476 1998 est

1431 2020 1696 2078 prohibitus,
1729 2017 1937 2061 lacticiniis
1974 2015 2240 2073 huiusmodi,
2272 2013 2476 2071 absque..-

1430 2079 1520 2123 ullo
1547 2077 1806 2122 conscientiae
1831 2074 2050 2131 scrupulo,
2082 2076 2121 2118 in
2162 2076 2306 2118 eadem
2338 2072 2474 2116 Clalle

1433 2136 1541 2182 vesci
1580 2134 1751 2194 possint,
1782 2133 2067 2181 concedendi,
2099 2148 2174 2176 nec
2200 2146 2283 2175 non
2324 2136 2472 2175 Sacro-

1431 2199 1608 2242 sanstum
1643 2191 1764 2237 Milsae
1789 2190 2041 2238 Sacrificium
2086 2191 2189 2234 hori
2229 2189 2314 2248 post
2352 2191 2478 2232 meri·

1430 2258 1540 2301 diem
1566 2252 1810 2297 celebrandi
1837 2249 2080 2293 facultatem
2108 2250 2160 2294 ad
2198 2264 2350 2294 annum
2382 2263 2479 2307 pro·

1435 2316 1588 2359 ximum
1635 2311 1836 2354 duntaxat
1859 2309 2098 2354 duraturam
2114 2339 2129 2361 ,
2159 2308 2239 2367 quii
2266 2319 2402 2352 tamen
2418 2308 2477 2350 uti

1436 2386 1517 2416 non
1544 2369 1689 2428 poffint
1707 2399 1721 2422 ,
1753 2369 1820 2411 nifi
1849 2379 1968 2411 extra
1998 2370 2156 2411 Statum
2186 2368 2362 2411 nostrum
2386 2370 2475 2417 Ec-

1435 2430 1701 2475 clesiasticum
1728 2427 1919 2478 tantum,
1949 2427 2194 2470 auctoritate
2218 2427 2471 2486 Apostolica,

1432 2500 1580 2533 tenore
1608 2486 1864 2542 praesentium
1894 2485 2184 2541 impertimur,
2217 2500 2390 2529 necnon
2413 2484 2476 2526 iis-

1431 2547 1527 2590 dem
1559 2544 1713 2589 Christi
1739 2544 1950 2589 Fidelibus
1969 2546 2006 2586 in
2023 2546 2166 2587 mortis
2185 2546 2364 2588 articulo
2377 2557 2481 2586 con·

1432 2605 1619 2657 stirmis,
1650 2614 1774 2660 atque
1812 2603 1852 2644 in
1886 2603 2153 2658 expeditione
2189 2614 2332 2647 contra
2367 2604 2469 2644 Tur-

1436 2679 1503 2709 cas
1533 2662 1838 2711 morientibus,
1878 2662 2076 2704 contritis
2120 2671 2284 2708 tamen,
2332 2660 2471 2713 plena-

1434 2726 1540 2767 riam
1565 2719 1750 2762 omnium
1774 2726 2041 2772 peccatorum
2069 2715 2238 2759 suorum
2253 2717 2475 2771 Indulgen-

1443 2783 1571 2829 tiam,
1595 2779 1636 2819 δι
1660 2773 1931 2818 remissionem
1951 2773 2282 2818 misericorditer
2319 2775 2357 2817 in
2387 2778 2471 2817 Do·

1442 2840 1555 2881 mino
1582 2834 1871 2878 concedimus.
1905 2836 1999 2875 Non
2027 2833 2272 2876 obstantibus
2297 2835 2471 2889 Aposto-

1442 2897 1550 2944 licis,
1564 2896 1663 2936 acin
1680 2890 1984 2935 Universalibus
1996 2917 2011 2940 a
2043 2892 2442 2949 Provincialibusque
2457 2922 2470 2943 ,

1437 2957 1478 2998 &
1506 2950 1778 3009 synodalibus
1805 2950 2005 2993 Conciliis
2031 2951 2155 2994 editis
2181 2951 2468 3007 generalibus,

1439 3014 1507 3057 vel
1531 3010 1771 3070 specialibus
1796 3007 2167 3052 Constitutionibus
2185 3036 2200 3059 ,
2231 3010 2271 3050 δι
2291 3011 2470 3053 Ordina-

1437 3073 1644 3122 tionibus,
1678 3067 1914 3123 caeterisque
1951 3069 2167 3111 contrariis
2209 3068 2465 3123 quibuscum-

1438 3145 1520 3188 que
1536 3161 1546 3172 .
1579 3133 1730 3172 Datum
1750 3129 1891 3170 Romae
1916 3126 2023 3183 apud
2051 3131 2091 3171 S.
2109 3130 2282 3170 Petrum
2298 3127 2367 3169 sub
2381 3130 2465 3168 An-

1437 3190 1536 3232 nulo
1551 3186 1768 3231 Piscator-is
1785 3184 1855 3230 die
1871 3185 2331 3242 xv.M·jimncixxx1v.
2345 3187 2453 3228 Pon-

1437 3247 1610 3295 tificatus
1635 3246 1757 3290 nostri
1786 3258 1893 3288 anno
1918 3247 2091 3290 oc'tavo.

2020 3367 2055 3410 1.
2085 3367 2139 3408 G.
2171 3363 2322 3407 Slufius
2335 3393 2348 3407 .

1495 3491 1622 3532 Breve
1634 3484 1809 3546 format.
1836 3486 1879 3527 r‘n
1909 3483 2031 3528 Arcb.
2062 3481 2295 3526 Provimiae.

1445 3604 1682 3668 TA.

343 3747 416 3790 Ut.
442 3759 518 3795 ‘1¹¹⁸
544 3749 742 3799 Hospitium
768 3747 834 3784 ¹¹⁰0
868 3746 1090 3804 Pontificium
1120 3755 1326 3805 concernunt
1342 3774 1352 3791 .
1378 3754 1599 3792 commodius
1620 3754 1663 3792 nd
1691 3765 1812 3792 manus
1829 3753 2040 3797 habeantur,
2066 3751 2323 3802 subjunguntur
2350 3750 2404 3785 hic
2428 3749 2464 3784 ⁸<

390 3798 559 3833 nonnulla
581 3800 727 3837 Deci-:ta
751 3795 898 3855 desuper
922 3798 1127 3854 in-regonlam
1152 3797 1479 3847 edita‚&quorum
1494 3806 1608 3850 prlmo
1633 3804 1703 3842 ts.
1720 3803 2007 3849 Congregnione
2031 3801 2140 3850 Epise.
2162 3805 2195 3839 δι
2223 3798 2467 3848 Regula-&a

390 3856 575 3891 emanue,
605 3848 644 3885 S.
679 3847 925 3884 eucharistiam
965 3858 1002 3884 m
1033 3847 1097 3883 illo
1116 3844 1297 3892 sffervnri,
1331 3860 1450 3890 curam
1476 3854 1509 3889 S.
1534 3851 1774 3901 Supelleelilis
1795 3854 1816 3889 a
1851 3852 1947 3903 Rev.
1971 3853 2120 3891 Camer-
2155 3849 2359 3902 Apossolica
2387 3847 2467 3886 sub.

2311 3896 2410 3933 mini·
