2774 4068
1037 193 1584 288 nearchiae.

507 340 1141 419 oncant-o

445 517 581 569 Secrae
608 514 951 588 Congregationis
983 516 1168 568 Concilii
1188 554 1201 567 .
1236 519 1261 592 J

307 682 366 730 In
398 674 551 728 Causa
582 678 803 737 Funeris,
843 675 1058 729 Cadaver
1099 675 1158 726 ad
1189 677 1345 728 Eccle-

373 745 486 798 fiam
522 747 704 800 Domus
756 749 974 800 Civitatis
1014 745 1177 801 AEfinae
1221 745 1343 796 sine-³

371 821 589 870 Fratrum
610 819 899 873 associatione
926 816 1257 887 transportari,
1293 816 1343 869 <Sc

371 891 547 941 ratione
573 893 762 957 Qartae
787 888 1020 941 Funeralis
1051 890 1078 938 a
1110 893 1343 939 Reveren-

370 958 553 1012 diffimo
580 964 801 1031 Capitulo
830 959 1121 1030 probationes
1154 960 1342 1011 interim

372 1033 640 1099 coadjuvari
665 1032 889 1099 jubetur.

603 1173 762 1245 AEfina
786 1174 993 1230 Funerum
1012 1210 1025 1224 .

389 1313 501 1362 OS'I'
530 1313 688 1358 obitum
709 1314 916 1359 Dominici
933 1313 1135 1372 Capponii
1152 1344 1168 1366 ,
1194 1313 1265 1372 qui
1297 1313 1338 1357 in

296 1314 385 1428 P
418 1371 508 1431 ejus
535 1374 738 1429 postrema
764 1372 1027 1431 dispositione
1058 1373 1341 1417 demandave-

296 1443 365 1474 rat
376 1459 392 1484 ,
406 1442 449 1475 ut
462 1431 548 1490 ejus
565 1433 758 1479 Cadaver
773 1432 1060 1491 asportandum
1072 1432 1171 1478 esset
1187 1432 1238 1476 ad
1259 1433 1339 1476 Ec-

293 1488 459 1534 clesiam
475 1492 641 1536 Patr-um
655 1493 1170 1552 Capucinornm2Civitatis
1182 1491 1338 1545 ffifinae,

293 1563 387 1591 cum
412 1547 676 1596 associatione
694 1554 867 1599 Parochi
879 1583 895 1606 ,
921 1554 962 1597 δι
978 1553 1156 1598 Sacristae
1179 1553 1335 1596 Cathe-

293 1606 449 1661 dralis,
473 1624 636 1656 necnon
654 1611 944 1656 confratribus
975 1618 1016 1657 S.
1041 1612 1174 1657 Luciae
1189 1610 1333 1657 dunta-

295 1676 365 1711 xat
377 1697 391 1721 ,
406 1670 447 1711 δι
464 1668 503 1712 in
514 1670 659 1715 eadem
674 1671 854 1714 Ecclesia
870 1672 1181 1716 tumulandum:
1209 1672 1329 1728 joan-

293 1740 367 1769 nes
386 1728 559 1784 Baptista
573 1757 588 1778 a
602 1731 642 1773 δι
658 1727 835 1773 Thomas
853 1731 905 1773 de
924 1731 1082 1774 Colinis
1097 1761 1113 1783 ,
1130 1731 1224 1774 dieti
1251 1733 1335 1773 Do-

294 1786 431 1829 minici
448 1788 644 1832 Haeredes
657 1819 672 1842 ‚
701 1800 896 1833 curarunt
911 1788 998 1831 fieri
1018 1784 1333 1846 asportationem

294 1845 528 1890 Cadaveris
543 1848 592 1891 ad
609 1849 757 1893 dictam
771 1847 992 1893 Ecclefiam
1008 1853 1175 1893 Parrum
1197 1851 1337 1906 Capu·

295 1904 552 1959 cinorum‚ad
569 1921 752 1953 normam
771 1909 1096 1953 Testamentaria·
1111 1909 1337 1966 dispositio-

294 1963 355 2005 nis
369 1990 384 2013 ,
397 1965 462 2007 cui
483 1977 620 2010 tamen
636 1967 722 2012 sese
739 1969 1019 2026 opposuerunt
1036 1970 1241 2012 Parochus
1255 1996 1270 2020 ‚
1295 1969 1335 2012 &-

294 2024 532 2080 Capitulum
548 2024 660 2070 dietae
675 2028 940 2072 Cathedralis
956 2058 971 2082 ,
1003 2028 1305 2086 praetendentes
1321 2056 1337 2081 ‚

294 2083 403 2138 qnod
422 2086 563 2128 Patres
578 2089 781 2143 Capucini
798 2118 812 2141 ‚
825 2088 979 2131 etiamsi
998 2104 1076 2132 non
1093 2089 1224 2131 vocati
1242 2117 1257 2141 ,
1272 2101 1335 2130 ac.

293 2140 449 2186 cedere
468 2143 671 2189 deberent
700 2147 750 2189 ad
779 2147 969 2190 eamdem
1001 2148 1223 2191 Ecclesiam
1252 2150 1334 2190 Ca-

295 2200 530 2245 thedralem
546 2232 559 2256 ‚
578 2218 654 2259 pro
674 2204 848 2250 levando
870 2207 1051 2249 Parocho
1065 2236 1079 2258 ,
1094 2208 1133 2248 δι
1146 2207 1223 2248 una
1239 2220 1330 2248 cum

292 2258 366 2302 isto
390 2261 538 2306 deinde
559 2262 787 2318 procedere
802 2262 854 2305 ad
875 2261 1146 2307 associandum
1168 2269 1330 2320 Corpus

292 2316 486 2363 Defuneti
500 2348 515 2371 ,
541 2321 591 2364 ad
612 2320 789 2377 ipsorum
804 2321 1027 2365 Ecclesiam
1041 2352 1057 2374 ,
1070 2325 1111 2366 δι
1124 2323 1298 2368 ulterius
1312 2354 1328 2376 ,

293 2377 405 2434 quod
420 2377 555 2422 eidem
572 2381 764 2424 Parocho
779 2379 971 2425 solvenda
988 2379 1086 2426 effet
1101 2394 1243 2440 quarta
1251 2384 1327 2425 Fu-

293 2437 442 2480 neralis
456 2459 468 2476 .
502 2438 598 2494 Qui
614 2439 782 2496 quidem
807 2440 1080 2494 controversia
1101 2442 1151 2483 ad
1170 2444 1200 2485 E
1208 2441 1334 2498 pisco-

291 2509 388 2551 pum
402 2493 542 2540 delata
558 2525 571 2546 ,
603 2498 673 2540 isle
698 2513 772 2555 per
799 2498 891 2541 mod
901 2513 966 2542 um
996 2501 1237 2556 provisionis
1251 2526 1265 2548 a
1293 2502 1333 2543 &

292 2554 374 2597 sine
394 2554 630 2611 praejudicio
654 2556 802 2614 jurium
819 2559 999 2602 Par-tium
1016 2587 1030 2609 ‚
1055 2558 1215 2615 sepeliri
1235 2558 1338 2615 juffit

289 2613 440 2656 dietum
456 2615 650 2659 Cadaver
663 2618 702 2659 in
725 2615 892 2673 ipsamet
910 2617 1157 2662 Cathedrali
1175 2648 1190 2670 ‚
1217 2620 1257 2660 δι
1271 2629 1334 2660 to·

1405 311 1724 368 supradiciotum
1749 306 1804 352 de
1817 305 2005 354 (tonnis,
2033 309 2286 369 infrascripta
2315 227 2434 358 o3u³0i2

1406 373 1495 415 EF..
1515 372 1610 415 VV.
1630 367 1869 413 resolvenda
1885 380 2190 422 proponuntur:

1466 430 1623 482 Primo,
1636 442 1684 471 an
1696 429 1889 471 Cadaver
1901 424 2103 482 quondam
2118 431 2317 472 Dominici
2333 435 2438 488 Cap-

1404 489 1514 544 ponii
1529 487 1572 530 sit
1588 484 1944 541 transportandum
1960 483 2191 529 abEcclesia
2206 491 2439 534 cathedra.

1406 546 1434 588 li
1461 546 1512 589 ad
1529 544 1752 590 Ecclesiam
1778 547 1947 593 Parrum
1978 543 2282 598 Capucinorum
2309 563 2436 596 cum„

1404 604 1666 649 associatione
1683 630 1698 655 ‚
1719 604 1784 647 vel
1800 601 1904 655 fine,
1924 599 2164 644 eorumdem
2185 605 2376 646 Parrum?

1405 661 1600 707 Secundo
1614 690 1630 713 ,
1666 676 1712 703 an
1745 662 1932 706 Parocho
1946 660 2060 702 dietae
2079 660 2338 703 Cathedralis
2361 662 2438 706 de·

1405 722 1550 765 beatur
1573 731 1715 775 quarta
1731 719 1928 763 funeralis
1946 746 1961 769 ‚
1986 718 2023 759 in
2038 717 2125 761 casu
2143 721 2221 761 ὅτε.

1398 829 1401 831 ‚
1463 781 1543 822 De'e
1560 791 1598 819 a.
1619 778 1843 822 Decembris
1877 790 1996 828 1702.
2026 779 2148 820 Sacra
2179 782 2438 834 Congregaeio

1402 833 1795 893 Emireentisp'morum
1810 842 1849 883 S.
1858 840 1904 880 R.
1913 840 1955 880 Ε.
1975 837 2438 889 Εσνᾰίηαίἱιιηι,ί”οηεὶὶἰί

1410 894 1634 939 Tridentini
1663 899 1928 952 Interpretum
1942 924 1955 946 ‚
1989 894 2056 936 Ad
2075 897 2254 951 primum
2276 897 2435 949 respon-

1403 954 1464 998 dit
1490 953 1727 1011 affirmative
1754 955 1885 1010 quoad
1903 952 2080 1010 primam
2100 982 2115 1006 ,
2141 955 2324 1015 negative
2343 956 2437 998 vepd

1399 1014 1742 1072 quoadficundam
1749 1023 1910 1069 partem
1929 1043 1940 1056 .

1457 1072 1739 1130 Adseeundum
1752 1071 1906 1131 destulit
1918 1070 2205 1129 resblmionem3
2226 1071 2271 1119 ζῇ·
2285 1073 2433 1129 censuit

1397 1131 1683 1189 coadjuvandas
1696 1130 1766 1190 ff·
1770 1131 2021 1188 probationes
2031 1129 2152 1186 fiepcr
2168 1130 2439 1186 confictudine

1398 1191 1572 1247 allegata
1579 1199 1654 1246 per
1671 1192 1897 1247 Capitulum
1914 1219 1927 1240 ,
1941 1185 2125 1247 'afflgnaeto
2135 1187 2255 1230 eidem
2267 1195 2439 1234 termino

1398 1249 1527 1297 trium
1539 1249 1721 1302 mensium
1736 1250 1790 1292 ad
1791 1248 1988 1311 firmiter
1999 1246 2248 1305 probandum
2261 1278 2274 1291 .

1539 1368 1581 1422 B
1586 1368 1730 1420 .Card.
1747 1370 2018 1425 Panciaticus
2033 1366 2267 1439 PraefiHus
2281 1404 2296 1418 .

1457 1502 1592 1548 Locus
1624 1506 1668 1554 ÷
1701 1499 1834 1558 Sigmi
1849 1530 1862 1543 .
1895 1496 1899 1499 ’

1451 1621 1499 1677 ⁴J.
1516 1623 1573 1663 D·
1595 1618 1801 1664 Thomatus
1816 1616 1944 1678 Episc-
1962 1619 2099 1674 (ῥῖναι.
2120 1616 2161 1656 S.
2179 1618 2223 1659 C.
2243 1620 2286 1661 C.
2303 1617 2411 1658 seer.

1455 1732 1516 1772 Ex
1531 1732 1625 1784 Reg.
1639 1726 1705 1774 seu
1719 1725 1790 1768 lib.
1806 1738 1875 1775 52.
1893 1731 2132 1782 congregat.
2147 1724 2267 1783 mens:
2279 1724 2327 1773 (5
2345 1724 2444 1764 anni

1502 1785 1716 1846 praed.fol.
1732 1799 1785 1841 42
1789 1800 1831 1843 9.

1598 2022 2238 2069 DECRETO

1462 2142 1597 2193 Sacrae
1613 2141 1863 2211 congregat.
1883 2140 2075 2211 Epfiop.
2090 2141 2145 2189 (J
2162 2139 2369 2208 Regular.

1390 2274 1543 2328 Causa
1561 2268 1892 2342 quaestuationis
1911 2271 2026 2321 inter
2040 2268 2307 2321 Provincias
2323 2271 2372 2318 S·
2388 2271 2438 2318 P.

1459 2342 1718 2404 francisci,
1753 2342 1803 2395 &
1841 2342 2063 2393 Marchiae
2100 2340 2157 2390 ad
2207 2340 2437 2390 Eminent.

1467 2416 1768 2469 cardinalem
1798 2413 2118 2466 Protestorem
2151 2410 2435 2461 remittitur.

1459 2561 1498 2601 N
1515 2553 1645 2602 Causa
1673 2562 1865 2598 vertente
1891 2555 1970 2598 διε.
2006 2553 2213 2611 Rcst'duum
2243 2554 2436 2602 Decretl,

1488 2618 1541 2668 ῥ’
1553 2615 1767 2671 aliafinem
1782 2613 1898 2669 hujus
1917 2614 2043 2668 causae
2056 2613 2327 2654 concernentia
2349 2609 2436 2651 vide

290 2682 372 2715 tam
387 2677 563 2719 cerama
579 2675 794 2719 Testatore
819 2676 1003 2720 relictam
1028 2676 1176 2734 deponi
1204 2675 1330 2734 penes
1377 2674 1514 2737 stepra
1529 2674 1614 2733 fol.
1634 2684 1727 2720 150·

289 2730 502 2775 sacristam
515 2732 697 2791 ejusdem
713 2735 897 2791 Capituli
915 2764 927 2776 .

349 2789 442 2832 Post
469 2792 551 2834 haec
581 2795 683 2836 vero
715 2794 1023 2837 recurrentibus
1051 2795 1098 2838 ad
1126 2798 1332 2838 Sacram

292 2850 673 2904 Congregationem
693 2853 934 2896 Haeredibus
946 2852 1183 2908 supradietis
1198 2883 1211 2903 ‚
1226 2853 1338 2902 datae,

293 2905 464 2949 fuerunt
491 2906 616 2950 solitae
642 2910 769 2954 litetae
797 2925 872 2967 pro
892 2909 1179 2956 informatione
1195 2911 1329 2956 eidem

294 2964 500 3020 Episcopo
513 2995 528 3018 ‚
588 2967 628 3009 ui
655 2969 790 3025 quoad
807 2969 1110 3015 associationem
1138 2970 1332 3015 Cadave-

295 3039 386 3067 rum
427 3026 483 3067 ait
498 3054 512 3078 ,
537 3039 556 3067 a
590 3024 669 3068 esse
699 3026 901 3084 quoddam
945 3030 1168 3073 Decretum
1200 3033 1333 3073 Sacrae

294 3085 634 3140 congregationis
652 3086 842 3134 Rittium,
856 3098 931 3141 pro
946 3088 1132 3132 omnibus
1150 3091 1332 3144 Regula-

294 3144 409 3187 ribus
426 3143 535 3187 illius
551 3145 741 3196 Civitatis
763 3142 993 3200 impressum
1011 3146 1052 3189 in
1067 3147 1234 3204 synodo
1245 3148 1333 3192 cla-

297 3217 350 3246 rae
369 3217 490 3247 mem.
507 3203 738 3247 Cardinalis
766 3203 974 3247 Petruccii
989 3203 1072 3255 ,sui
1088 3204 1333 3250 Antecelso·

296 3263 378 3315 ris,
412 3265 451 3306 in
466 3277 546 3319 quo
562 3263 736 3315 habetur
749 3290 764 3313 ,
784 3262 895 3318 quod
911 3264 1137 3317 Regulam
1154 3266 1332 3309 accede-

297 3334 345 3364 re
368 3321 548 3365 debeant
576 3322 627 3364 ad
657 3321 881 3366 Ecclesiam
908 3324 1203 3369 cathedralem
1220 3353 1235 3376 ,
1266 3323 1332 3368 seu

294 3380 578 3424 parochialem
592 3409 607 3432 ‚
639 3397 716 3424 non
733 3390 867 3423 autem
881 3385 1096 3436 expectare
1110 3398 1183 3440 per
1200 3384 1303 3427 viam
1317 3413 1331 3436 ,

295 3449 367 3481 aut
397 3443 510 3483 recto
540 3442 704 3484 tramite
742 3441 804 3482 ire
841 3437 891 3481 ad
919 3438 1083 3484 domum
1111 3441 1301 3487 Desuneti
1314 3472 1328 3484 .

296 3499 396 3552 Quo
408 3502 511 3543 vero
525 3499 575 3542 ad
591 3510 772 3557 quartam
788 3497 1014 3540 funeralem
1029 3515 1045 3552 ·,
1060 3498 1193 3545 asserit
1211 3502 1330 3556 vige-

297 3556 398 3598 rein
412 3557 517 3600 dieta
533 3560 716 3602 Civitate
733 3556 1072 3600 consuetudinem
1090 3587 1104 3609 ‚
1128 3573 1215 3602 eam
1241 3560 1329 3601 exi-

298 3613 420 3670 gendi
432 3645 449 3666 ,
463 3616 616 3660 etiamsi
633 3619 852 3661 Cadavera
866 3615 1120 3660 tumulentur
1136 3618 1174 3658 in
1188 3618 1329 3661 Eccle.

298 3674 362 3715 fiis
380 3673 646 3728 Regularium
662 3676 984 3720 Mendicantium
999 3704 1013 3726 ‚
1041 3686 1085 3717 ut
1100 3689 1150 3718 ex
1173 3674 1328 3730 deposi-

297 3731 477 3774 tionibus
490 3731 555 3774 sex
572 3735 820 3786 Testiuni,ab
835 3733 980 3778 eodem
998 3733 1197 3791 Episcopo
1212 3732 1333 3776 transl

298 3790 415 3837 miffis
430 3821 442 3832 .
472 3790 637 3847 Quibus
654 3794 841 3837 omnibus
858 3794 1025 3837 attentis
1042 3792 1091 3837 ad
1109 3792 1332 3835 instantiam

1592 2867 2290 2950 neena-ro>

1463 3026 1598 3078 Sacra
1629 3021 1829 3091 Congreg.
1860 3019 2098 3090 Epfiopor.
2119 3021 2175 3069 &⁶
2204 3017 2362 3087 Regul.

1392 3144 1726 3200 Monasterium
1769 3141 2049 3191 Monialium
2086 3140 2301 3191 Civitatis
2333 3141 2431 3187 Au-

1460 3219 1653 3268 ximanae
1671 3230 1779 3262 cum
1796 3209 2022 3263 Clausura
2038 3210 2206 3262 institui
2227 3245 2241 3267 ,
2277 3206 2325 3258 ὅ(
2344 3209 2430 3256 eri-

1459 3289 1544 3359 gi,
1570 3286 1619 3338 <St
1641 3282 1964 3335 Fundatricem
1997 3301 2102 3333 cum
2132 3281 2228 3329 aliis
2261 3279 2428 3329 Puellis

1462 3359 1521 3409 ad
1541 3358 1584 3407 id
1604 3351 1867 3412 transferri,
1902 3352 2154 3404 Ordinatio
2182 3350 2271 3399 loci
2301 3365 2427 3399 com-

1458 3431 1661 3482 mittitur
1681 3462 1693 3478 .

1469 3559 1575 3602 Aera
1603 3556 1884 3610 Congregatio
1902 3548 2124 3598 Effiorum,
2150 3549 2191 3591 δε
2220 3546 2422 3590 Rn'wrum

1493 3619 1533 3660 S.
1551 3619 1603 3658 R.
1622 3617 1667 3657 E.
1683 3612 1962 3656 Cardinalium
1979 3618 2119 3663 negot:
2141 3609 2179 3649 &
2201 3606 2418 3651 consultat.

1391 3674 1523 3727 Episc-
1538 3676 1579 3715 &
1603 3671 1753 3728 Regul.
1771 3668 1975 3724 praeposita
1989 3693 2004 3716 ,
2028 3667 2188 3710 attenti
2218 3667 2421 3708 relatione

1395 3731 1548 3775 Vicarii
1563 3730 1780 3775 Generalis
1798 3724 2051 3773 Auximani.
2082 3723 2288 3768 referente
2318 3721 2419 3764 Ειῖιο

1390 3787 1446 3832 de
1490 3789 1660 3841 Abdita,
1697 3785 1850 3830 censuit
1889 3785 2259 3834 committendum,
2301 3790 2417 3834 prout

2264 3852 2363 3895 prae-
