2762 4108
1086 232 1609 320 Veneta.

264 363 387 409 quam
397 347 468 392 tibi
477 345 705 395 eonstiterit
717 341 912 387 fabricam
923 342 1101 399 pre-‘listi
1115 349 1308 391 noviMo-

264 409 428 453 nallerii
442 422 534 451 euru
543 402 724 451 necteus
736 430 752 454 ,
763 402 985 456 campanili
998 431 1015 453 ,
1027 405 1156 447 choro
1165 433 1179 455 ,
1197 404 1307 449 refe-

264 469 423 519 (torio,
447 461 694 510 dormitorio
707 489 722 512 ,
754 459 880 503 hortis
896 489 911 512 ,
926 461 965 502 δι
980 458 1116 516 spatiis
1132 489 1149 512 ‚
1163 476 1308 507 nume-

264 527 326 570 tis
350 525 535 568 omnibns
562 518 642 564 effe
655 516 908 570 absolutam,
933 520 977 561 δε
1003 517 1309 575 suppellectili,

263 581 498 633 tnnl'ncra,
524 592 644 636 quam
665 578 873 636 prophana
893 576 1139 622 sufficienter
1155 579 1301 622 instru-

264 647 403 692 eum,
423 652 581 684 necnon
608 650 662 679 ex
684 634 954 692 eleemosynis
976 637 1136 694 piorum
1168 639 1300 680 Bene·

263 700 465 746 fastum
484 694 711 740 duodecim
738 693 965 750 Religiosaa
992 695 1212 739 commode
1240 696 1301 737 su.

262 757 430 808 stennri
445 754 556 813 polse
571 782 588 806 ,
609 764 806 799 renovata
828 764 967 798 umen
976 754 1233 811 obligatione
1259 753 1301 797 in

263 818 393 862 forma
415 814 547 859 valida
569 827 643 869 per
665 816 750 857 asta
765 814 904 856 Curiae
932 812 1179 869 Episcopalis
1199 826 1303 869 prae-

263 884 521 923 narratarum
546 872 807 916 Familiarum
843 873 884 914 in
917 873 1024 915 omni
1057 872 1149 915 casu
1172 900 1188 923 ,
1249 884 1302 912 uo

264 935 530 989 eleemosynae
540 930 627 988 ipfis
640 945 722 974 non
738 928 1099 986 suppetant,dandi
1114 959 1129 981 ,
1159 931 1199 972 δι
1237 929 1302 972 01-

264 991 390 1037 vendi
406 990 568 1047 lingulis
584 987 778 1045 annisipli
794 988 1045 1033 Monasterio
1056 1018 1071 1040 ,
1093 990 1137 1034 δι
1152 988 1303 1032 Mania.

263 1053 386 1100 libus,
396 1051 463 1094 vel
479 1063 616 1093 earum
632 1048 819 1106 legitimo
831 1048 1096 1091 Procax-atari
1112 1047 1305 1091 stamnum

263 1110 443 1169 pecunia
467 1105 727 1153 necefl'ariam
742 1121 820 1163 pro
845 1120 984 1150 earum
1001 1107 1312 1158 sustentatione,

267 1167 555 1213 &Monasterii
576 1165 915 1216 manutentione,
943 1166 995 1208 ad
1019 1167 1188 1222 petitam
1209 1178 1309 1220 pre·

269 1227 367 1271 dieti
389 1225 570 1281 Collegii
597 1224 921 1268 declarationem
949 1225 990 1266 in
1016 1224 1307 1268 Monasterium

268 1284 441 1331 formale
455 1283 524 1327 sub
540 1282 700 1339 Regula
712 1283 1013 1336 Capncinarum
1029 1284 1306 1333 S.Clarae‚Or-

268 1345 375 1389 dinis
391 1346 429 1387 S·
445 1342 664 1393 Francisci,
681 1342 722 1383 δι
734 1341 977 1397 subjectione
994 1341 1216 1386 Ordinatio
1230 1355 1306 1398 pro

268 1398 1311 1516 &mx-zssa‘f‘sszssozzz'ssil‘zauff‘&25:522ssss

269 1524 371 1567 tiato
388 1518 592 1576 Episcopo
604 1518 699 1562 duas
717 1519 912 1563 Moniales
925 1517 1104 1576 ejusdem
1120 1518 1307 1571 Ordinis,

273 1581 446 1639 ipsarum
460 1589 595 1621 tamen
609 1605 624 1627 ,
639 1579 680 1621 δι
697 1576 905 1620 Ordinarii
924 1578 1002 1621 loci
1026 1578 1220 1621 consensu
1237 1591 1320 1621 ac··

273 1638 471 1687 cedente,
485 1634 789 1687 transferendi,
821 1637 877 1679 ita
890 1649 1054 1689 tamen,
1079 1648 1124 1679 ut
1145 1636 1318 1680 transla-

276 1699 338 1741 tio
352 1694 431 1751 ipsa
445 1697 552 1738 recta
569 1695 628 1736 via
640 1723 655 1748 ,
678 1692 880 1751 &absque
903 1695 986 1738 ulla
1005 1695 1056 1738 ad
1073 1706 1318 1739 extraneum

275 1758 416 1801 locum
427 1751 997 1806 diverlione.‚comitant1bus
1027 1755 1203 1798 honestis
1231 1757 1322 1797 Ma·

276 1815 408 1860 tronis
425 1842 440 1865 ,
470 1827 534 1864 ac,
547 1814 573 1854 li
593 1811 808 1855 commode
824 1811 910 1855 fieri
929 1811 1039 1869 ponit
1058 1841 1073 1864 ,
1100 1813 1320 1868 proximio-

275 1875 389 1919 ribus
402 1870 721 1928 consanguineis
745 1872 988 1915 Monialium
1012 1871 1317 1915 transferenda·

276 1947 367 1977 rum
380 1930 450 1973 fiat
463 1959 478 1982 ,
506 1944 592 1987 quae
605 1929 772 1987 quidem
793 1929 833 1973 in
858 1931 967 1973 dicto
992 1944 1098 1973 novo
1112 1930 1318 1974 Monaste-

278 1993 344 2035 rio
368 2003 442 2046 per
465 1989 701 2033 sexennium
716 1998 902 2040 tantum,
933 1988 957 2031 li
984 1989 1140 2033 tamdiu
1167 2004 1243 2045 pro
1256 1988 1319 2030 in·

279 2048 534 2094 troducenda
551 2077 566 2099 ‚
591 2049 632 2090 δι
646 2048 882 2093 stabilienda
910 2048 1107 2105 Regulari
1127 2047 1319 2103 Discipli-

279 2123 333 2153 na
364 2105 630 2151 necelsarium
657 2107 914 2161 reputabitur
941 2134 956 2157 ‚
986 2118 1319 2158 commorentur,

281 2169 325 2210 in
339 2166 505 2222 reliquis
519 2167 619 2208 vero
633 2179 679 2208 ea
693 2166 832 2208 omnia
849 2194 863 2217 ,
877 2179 967 2221 quae
981 2179 1055 2220 per
1072 2170 1217 2208 Sacros
1234 2168 1320 2208 Ca-

282 2237 411 2269 nones
423 2252 438 2275 ⁴.
462 2227 631 2268 sacrum
648 2224 882 2265 Concilium
901 2223 1327 2274 Tridentinum,Con-

282 2283 513 2326 stitutiones
533 2281 780 2335 apostolicas
792 2309 805 2332 ,
819 2279 1038 2323 &Ordinis
1051 2281 1228 2337 predicti
1242 2281 1327 2324 cir-

287 2356 333 2385 ca
362 2339 585 2395 hujusmodi
601 2351 798 2380 novorum
814 2338 1153 2382 Monasteriorum
1170 2339 1325 2383 sancli-

285 2399 524 2445 monialium
548 2398 776 2440 erectiones
805 2396 1030 2453 praescripta
1057 2398 1143 2441 sunt
1167 2428 1183 2450 ,
1223 2396 1323 2440 reli-

287 2458 399 2516 giose
422 2457 660 2502 serventur.
694 2457 833 2500 Romae
856 2457 1104 2513 13.Januarii
1127 2470 1199 2509 171
1207 2469 1252 2512 9.

466 2576 539 2635 10:
570 2574 810 2625 cardinalis
844 2573 1118 2625 paraeciam
1137 2611 1150 2625 .

349 2710 410 2752 Ex
441 2707 538 2760 Reg-
563 2701 799 2745 Montanum
814 2731 829 2754 ,
854 2706 995 2746 secret.
1021 2706 1108 2746 Sat.
1135 2706 1326 2761 Congo-eg.

409 2766 529 2820 inens:
540 2789 556 2814 ,
580 2763 629 2811 θ’
652 2766 749 2805 anni
767 2762 896 2817 praed.

501 3013 1135 3058 DECRETO

529 3132 623 3182 Sac.
654 3130 854 3202 Congu-eg.
886 3129 1067 3181 concilii
1090 3165 1102 3178 .

305 3258 465 3308 Onera
481 3248 726 3302 Missarum
746 3286 762 3309 ‚
800 3246 1229 3301 Anniversariorum
1244 3281 1261 3304 ‚
1288 3243 1338 3297 ὅ(

371 3340 563 3393 precum
605 3339 662 3372 ex
711 3322 982 3370 alienatione
1019 3313 1293 3369 Conventus
1321 3351 1338 3374 ,

373 3393 422 3448 δε
439 3393 669 3443 bonorum
690 3388 939 3459 Suppressae
960 3390 1212 3456 Religionis
1233 3391 1336 3437 San·

375 3464 440 3515 &i
474 3465 760 3529 Hieronymi
779 3463 836 3511 de
871 3457 1039 3510 Fesulis
1060 3457 1341 3508 Monialibus*

378 3535 627 3603 Capucinis
661 3534 959 3583 Venetiarurn
994 3526 1343 3578 incumbentia..

382 3606 429 3654 in
457 3604 805 3653 celebrationem
832 3599 1068 3651 menstrua:
1093 3594 1267 3655 Missae,
1294 3595 1345 3648 δι

384 3674 779 3725 Communionem
815 3670 1130 3723 menstruatim
1175 3669 1344 3735 pariter

384 3744 410 3793 ὃ
437 3742 719 3792 Monialibus
750 3741 1000 3792 faciendam
1032 3776 1047 3798 ,
1094 3756 1174 3788 nec
1215 3755 1346 3786 non...

383 3812 698 3883 quotidianam
710 3814 1021 3863 recitationem
1037 3808 1196 3879 psalmi
1208 3805 1348 3859 Mise-

2243 259 2295 314 0
2313 266 2338 309 t

1436 366 1536 398 rere
1549 344 1640 428 ἃς.
1657 342 1901 429 converti,
1938 259 2408 398 Patriarcbae3ioidem

1436 429 1778 469 committitur.

1760 539 2008 589 venetiarum
2022 569 2035 583 .

1447 656 1646 714 Uppressi
1683 658 1737 705 de
1771 673 1881 704 anno
1915 659 2040 715 1669.
2072 673 2145 713 per
2173 655 2201 700 s.
2232 673 2285 700 m.
2309 660 2414 703 Cle-

1461 727 1641 760 mentem
1683 720 1758 762 tx.
1798 718 2022 775 Religione
2075 721 2118 760 S.
2168 718 2413 773 Hieronymi

1361 781 1416 820 de
1450 774 1631 827 Fesulis,
1662 779 1906 820 Conventus
1935 804 1949 827 ,
1978 777 2018 819 δι
2058 778 2163 819 bona
2198 776 2416 832 ejusdem-2

1362 834 1574 879 existentia
1603 835 1643 877 in
1667 834 1803 878 Insula
1831 834 2025 879 Civitatis
2043 836 2413 888 Venetiarum,per

1364 893 1570 939 Nuncium
1583 902 1709 939 ‚tunc
1726 894 1925 949 temporis
1942 893 2224 948 Apostolicum
2245 895 2374 944 ,alien
2392 906 2414 935 a

1364 963 1406 997 ta
1421 950 1588 996 suerunt
1613 951 1743 996 nobili
1761 953 1931 996 Mulieri
1945 952 2078 995 Clarae
2106 951 2257 995 Duodo
2274 952 2418 1003 pretio

1368 1015 1630 1055 Ducatorum
1649 1023 1802 1061 tosoo·
1821 1026 1907 1069 quae
1918 1013 2042 1061 bona,
2067 1010 2221 1054 Mulier
2235 1009 2422 1065 predicta

1368 1070 1582 1127 acquifivit
1611 1084 1688 1127 pro
1718 1071 1911 1129 portione
1939 1071 2104 1112 nomine
2134 1069 2419 1113 Monialium,

1367 1129 1670 1186 Capucinarum
1702 1158 1716 1182 ,
1757 1130 1800 1172 δι
1829 1143 1908 1187 pro
1945 1129 2023 1174 alia
2070 1130 2262 1185 portione
2297 1127 2422 1180 suiip-

1368 1187 1442 1231 fius
1457 1187 1629 1240 favore,
1661 1188 1908 1245 subindeque
1937 1188 2069 1232 {hluto
2094 1186 2117 1231 ἃ
2146 1183 2414 1229 Benefastori

1368 1248 1440 1290 bus
1454 1248 1609 1292 dietarii
1627 1248 1868 1292 Monialium
1882 1248 2018 1305 pretio
2032 1246 2203 1302 praefatae
2222 1244 2387 1289 Mulieri
2405 1268 2421 1292 ‚

1368 1317 1414 1350 ut
1445 1305 1558 1348 diae
1588 1306 1788 1350 Moniales
1813 1306 2064 1348 commodius
2092 1306 2130 1347 in
2147 1304 2328 1351 clausura
2361 1302 2422 1343 vi·

1370 1378 1472 1409 vere
1502 1363 1685 1422 possent,
1715 1365 1862 1409 eadem
1887 1364 2037 1408 Mulier
2065 1374 2197 1408 totum
2225 1361 2423 1406 favore-a

1371 1423 1610 1468 Monialium
1627 1423 1764 1467 cellit.
1797 1427 1982 1475 Verum,
1996 1425 2089 1479 quia
2114 1424 2152 1465 in
2167 1422 2423 1466 alienatione

1367 1481 1554 1540 praedista
1575 1482 1731 1527 diversa
1751 1482 1954 1527 Missurum
1969 1496 2096 1524 onera
2112 1511 2128 1532 ,
2151 1495 2224 1523 nec
2241 1493 2321 1522 non
2338 1482 2426 1520 An-

1369 1540 1689 1585 niven-sariorum
1705 1542 1914 1584 oratrices
1943 1539 2011 1582 libi
2026 1539 2278 1583 accollarunt
2294 1568 2307 1589 ,
2338 1550 2428 1592 qua:

1381 1599 1506 1657 usque
1535 1600 1670 1643 adhuc
1687 1599 1876 1643 fideliter
1902 1599 2214 1654 adimplentur3
2250 1600 2299 1639 lit
2316 1598 2428 1638 ulte-

1376 1660 1463 1703 rius
1486 1658 1600 1702 diste
1626 1659 1830 1703 Moniales
1862 1669 2061 1702 tenentur
2088 1657 2138 1700 ad
2166 1670 2265 1700 onus
2292 1655 2431 1711 quoti·

1384 1718 1454 1761 die
1481 1719 1682 1761 recitandi
1706 1717 1894 1761 Officium
1925 1719 1968 1761 B.
1986 1721 2044 1761 Μ.
2065 1719 2116 1760 V.
2132 1721 2302 1771 septem
2324 1711 2432 1756 Psal-

1380 1791 1471 1820 mos
1500 1778 1817 1820 poenitentiales
1847 1806 1864 1828 ,
1905 1778 1946 1818 δι
1985 1775 2172 1832 vesperas
2207 1772 2434 1816 Defuncto-

1380 1850 1500 1885 rum,
1532 1837 1570 1880 &
1603 1836 1726 1878 semel
1757 1835 1796 1877 in
1819 1834 1962 1878 Mense
1990 1846 2103 1878 certa
2121 1832 2432 1877 determinata„

1379 1894 1451 1938 die
1467 1896 1675 1950 integrum
1690 1893 1881 1937 Officium
1899 1892 2198 1937 DefunCtorum
2211 1917 2226 1941 ‚
2259 1893 2299 1933 δι
2315 1893 2344 1934 P
2361 1888 2435 1930 sal-

1380 1967 1467 1994 mos
1494 1953 1837 2004 poenitentiales,
1867 1967 1946 1995 nec
1974 1955 2035 1995 his
2068 1951 2336 1995 Orationibus
2368 1947 2433 1989 di-

1379 2013 1446 2055 &ae
1467 2011 1670 2055 Moniales
1692 2013 1930 2054 incumbere
1956 2011 2124 2062 valent,
2145 2010 2243 2052 dum
2259 2022 2307 2050 ex
2325 2007 2434 2047 obli·

1380 2070 1544 2127 gatione
1559 2070 1728 2126 propriae
1753 2069 2088 2124 Regulae‚Choro
2107 2065 2419 2113 adlhioaenlias

1384 2129 1548 2172 vocales
1574 2156 1588 2179 ‚
1618 2129 1658 2169 δι
1684 2129 1883 2171 mentales
1912 2141 1985 2182 per
2012 2127 2133 2169 horas
2159 2125 2306 2169 decem
2333 2152 2346 2175 ,
2377 2124 2420 2165 δε

1389 2188 1498 2231 ultra
1516 2186 1678 2241 lingulis
1694 2186 1837 2230 diebus
1858 2184 2089 2241 adimplete
2113 2195 2310 2227 tenentur
2324 2211 2338 2233 ‚
2373 2181 2435 2224 ul-

1391 2257 1457 2290 tra
1474 2259 1599 2301 opera
1626 2243 1788 2287 servilia
1805 2272 1819 2294 ,
1849 2258 1932 2301 quae
1957 2243 2138 2300 praestant
2159 2243 2199 2284 in
2219 2239 2431 2285 communi

1389 2304 1440 2346 ad
1459 2305 1551 2345 vitae
1581 2301 1909 2346 sustentationem
1922 2302 2169 2353 necellaria;
2204 2300 2434 2355 supplicant

1386 2362 1479 2406 ideo
1492 2375 1568 2417 pro
1580 2363 1708 2417 gratia
1732 2361 2072 2405 commutationis
2095 2361 2297 2401 dictarum
2328 2357 2435 2400 obli·

1382 2421 1588 2476 gationum
1611 2420 1651 2463 in
1679 2435 1799 2463 unam
1816 2416 1970 2463 Missam
1998 2416 2219 2461 solemnem
2244 2446 2259 2468 ‚
2291 2415 2436 2475 quoli-

1382 2481 1452 2521 bet
1474 2492 1580 2521 anno
1593 2479 1884 2523 celebrandam
1898 2508 1914 2529 ,
1947 2477 2010 2521 vel
2039 2477 2077 2519 in
2095 2476 2341 2518 menstruam
2359 2480 2432 2518 ba-

1386 2537 1681 2639 cramdentalem
1708 2537 2052 2584 communionem
2096 2535 2148 2578 ab
2185 2533 2339 2576 eisdem
2373 2531 2432 2575 sa-

1387 2610 1481 2641 cten
1514 2611 1604 2639 am.

1507 2656 1742 2698 Patriarcha
1762 2661 1951 2694 enarrata
1985 2648 2200 2693 confirmat
2227 2676 2243 2699 ,
2273 2649 2432 2691 censet-

1386 2726 1467 2769 que
1477 2713 1690 2755 Oratrices
1702 2709 1997 2758 exaudiendas,
2014 2721 2106 2749 cum
2134 2707 2248 2748 ‹1161ae
2270 2706 2431 2760 obliga-

1387 2773 1521 2814 tiones
1545 2770 1765 2815 evidenter
1799 2777 2023 2823 appareant
2050 2763 2295 2820 impoffibnlis
2328 2776 2432 2805 exe-

1387 2830 1563 2873 cutionis
1580 2829 1634 2872 ob
1646 2826 2075 2882 incompatibilitatem
2103 2826 2142 2865 in
2156 2822 2336 2865 restricto
2354 2821 2434 2861 lin·

1396 2887 1590 2944 gulorum
1618 2888 1776 2931 dierum
1794 2895 1983 2939 tempore
2001 2896 2095 2926 cum
2114 2883 2310 2931 coeteris,
2342 2878 2433 2935 qui-

1395 2948 1469 2991 bus
1484 2959 1535 2989 ex
1554 2946 1704 3002 regulae
1716 2942 1971 2999 obligatione
1984 2950 2179 2985 tenentur
2190 2967 2203 2980 .

1459 3052 1538 3094 Die
1547 3063 1587 3101 5.
1603 3052 1753 3109 Aprilis
1774 3061 1895 3103 ¹73²·
1911 3051 2035 3090 satra
2049 3048 2307 3102 congregatio
2326 3047 2428 3087 Con·

1399 3110 1507 3160 citii,
1537 3120 1693 3152 attenta
1714 3108 1904 3151 relatione
1923 3107 2163 3149 Patrtarchae
2188 3107 2432 3149 Venetiarmn

1399 3182 1465 3211 cen
1483 3172 1572 3220 ult,
1583 3168 1616 3216 li
1630 3164 1865 3222 Sanfltffimo
1886 3169 2051 3208 Domino
2067 3168 2127 3208 No
2165 3177 2210 3206 ro
2220 3164 2435 3217 placuerit,

1399 3230 1436 3268 et
1482 3241 1519 3269 tn
1550 3225 1793 3269 Patrtartbae
1827 3224 2023 3266 committi
2037 3233 2092 3279 po
2124 3238 2142 3263 e
2169 3249 2184 3272 ‚
2215 3231 2261 3262 ut
2285 3248 2300 3271 ,
2333 3222 2435 3260 verit

1396 3285 1645 3343 existentibus
1672 3283 1852 3326 narratis
1877 3312 1892 3333 ‚
1926 3291 2007 3337 pro
2023 3286 2097 3339 suo
2126 3278 2300 3323 arbitrio
2327 3305 2342 3330 ‚
2386 3275 2436 3324 θ’

1396 3344 1626 3401 conscientia
1654 3340 1903 3386 Oratrtcibm
1927 3342 2130 3396 indulgeat
2151 3367 2165 3390 ,
2203 3345 2249 3380 ut
2275 3337 2352 3378 lm
2379 3334 2436 3376 i!-

1397 3404 1528 3445 larum
1556 3413 1718 3458 precum
1746 3429 1761 3451 ,
1801 3401 1855 3440 ad
1888 3412 1984 3454 quas
2037 3395 2131 3454 tpsae
2166 3404 2349 3438 tenentur
2386 3405 2435 3436 ese

1399 3465 1607 3503 enuntiata
1631 3457 1867 3516 obligatione
1890 3484 1904 3505 ,
1934 3470 2053 3498 unam
2086 3453 2240 3511 Mg‘fflm
2262 3452 2434 3503 tettan,

1401 3519 1573 3575 quolibet
1583 3519 1706 3574 meust
1717 3523 1761 3560 in
1775 3530 1910 3559 earum
1928 3513 2088 3570 Ecctesta
2103 3510 2437 3571 celebrat-isocen

1403 3572 1680 3628 debeanncune
1693 3577 1953 3632 applicatione
1973 3570 2165 3631 sacrificii
2187 3580 2262 3625 pre
2281 3571 2436 3611 anima-

1402 3634 1470 3678 bus
1488 3635 1759 3679 Fundanum
1773 3634 1963 3675 amorum
1975 3644 2152 3682 onerum,
2165 3630 2302 3671 addua
2316 3628 2436 3669 etiam

1403 3692 1663 3750 applttatione
1686 3693 1799 3735 unius
1816 3689 2097 3733 communionis
2127 3687 2300 3743 quolibet
2315 3684 2437 3737 mensi

1396 3762 1472 3811 per
1487 3750 1587 3811 ipſsn
1605 3751 1793 3795 Mani-les
1802 3745 2014 3806 faciende,
2029 3761 2097 3791 nee
2115 3760 2189 3788 non
2205 3743 2436 3801 quotidmna

1405 3810 1635 3855 recitatione
1658 3809 1798 3869 Isstlnn'
1813 3821 1870 3850 :z
1895 3807 2085 3865 Mtferere
2105 3820 2163 3852 ς
2183 3817 2269 3847 tuan
2291 3806 2439 3844 oratio-

2331 3870 2379 3900 ne
