<?xml version="1.0" encoding="UTF-8"?>
<!DOCTYPE html PUBLIC "-//W3C//DTD XHTML 1.0 Transitional//EN"
    "http://www.w3.org/TR/xhtml1/DTD/xhtml1-transitional.dtd">
<html xmlns="http://www.w3.org/1999/xhtml" xml:lang="en" lang="en">
 <head>
  <title>
</title>
<meta http-equiv="Content-Type" content="text/html;charset=utf-8" />
  <meta name='ocr-system' content='tesseract 3.04.00' />
  <meta name='ocr-capabilities' content='ocr_page ocr_carea ocr_par ocr_line ocrx_word'/>
</head>
<body>
  <div class='ocr_page' id='page_1' title='image "./bullariumordinis02cath/bullariumordinis02cath_0240.png"; bbox 0 0 2774 4068; ppageno 0'>
   <div class='ocr_carea' id='block_1_1' title="bbox 328 177 2485 1439">
    <p class='ocr_par' dir='ltr' id='par_1_1' title="bbox 412 177 2264 297">
     <span class='ocr_line' id='line_1_1' title="bbox 412 177 2264 297; baseline -0.002 -24"><span class='ocrx_word' id='word_1_1' title='bbox 412 213 582 297; x_wconf 84' lang='lat'><em>170</em></span> <span class='ocrx_word' id='word_1_2' title='bbox 1130 177 1320 267; x_wconf 86' lang='lat' dir='ltr'><em>Pro</em></span> <span class='ocrx_word' id='word_1_3' title='bbox 1339 181 1506 266; x_wconf 80' lang='lat' dir='ltr'><em>vin</em></span> <span class='ocrx_word' id='word_1_4' title='bbox 1531 179 1617 266; x_wconf 83' lang='lat' dir='ltr'><em>ci</em></span> <span class='ocrx_word' id='word_1_5' title='bbox 1635 207 1694 270; x_wconf 79' lang='lat' dir='ltr'><em>a</em></span> <span class='ocrx_word' id='word_1_6' title='bbox 2237 185 2264 210; x_wconf 78' lang='lat'><em>⁶</em></span> 
     </span>
    </p>

    <p class='ocr_par' dir='ltr' id='par_1_2' title="bbox 340 289 2485 584">
     <span class='ocr_line' id='line_1_2' title="bbox 403 289 2475 372; baseline 0.003 -21"><span class='ocrx_word' id='word_1_7' title='bbox 403 289 414 298; x_wconf 24' lang='grc' dir='ltr'>ι</span> <span class='ocrx_word' id='word_1_8' title='bbox 489 303 596 352; x_wconf 83' lang='lat' dir='ltr'><em>Fuit</em></span> <span class='ocrx_word' id='word_1_9' title='bbox 612 302 658 349; x_wconf 88' lang='lat' dir='ltr'><em>in</em></span> <span class='ocrx_word' id='word_1_10' title='bbox 674 296 991 352; x_wconf 84' lang='lat' dir='ltr'><em>bacProvincia</em></span> <span class='ocrx_word' id='word_1_11' title='bbox 998 298 1492 367; x_wconf 80' lang='lat' dir='ltr'><em>primaDomus,quamF</em></span> <span class='ocrx_word' id='word_1_12' title='bbox 1492 314 1627 350; x_wconf 89' lang='lat' dir='ltr'><em>ratres</em></span> <span class='ocrx_word' id='word_1_13' title='bbox 1646 299 1858 351; x_wconf 78' lang='lat' dir='ltr'><em>Camerini</em></span> <span class='ocrx_word' id='word_1_14' title='bbox 1872 301 2150 372; x_wconf 86' lang='lat' dir='ltr'><em>collegialiter</em></span> <span class='ocrx_word' id='word_1_15' title='bbox 2163 299 2475 369; x_wconf 69' lang='lat' dir='ltr'><em>inhabitabant,</em></span> 
     </span>
     <span class='ocr_line' id='line_1_3' title="bbox 345 369 2482 448; baseline -0.002 -24"><span class='ocrx_word' id='word_1_16' title='bbox 345 378 466 443; x_wconf 73' lang='lat' dir='ltr'><em>cujus</em></span> <span class='ocrx_word' id='word_1_17' title='bbox 494 375 637 433; x_wconf 88' lang='lat' dir='ltr'><em>muri,</em></span> <span class='ocrx_word' id='word_1_18' title='bbox 658 369 791 423; x_wconf 57' lang='lat' dir='ltr'><em>Cibo&amp;</em></span> <span class='ocrx_word' id='word_1_19' title='bbox 815 371 1076 422; x_wconf 82' lang='lat' dir='ltr'><em>liberalitate</em></span> <span class='ocrx_word' id='word_1_20' title='bbox 1101 370 1312 421; x_wconf 65' lang='lat' dir='ltr'><em>exs‘iruc‘li</em></span> <span class='ocrx_word' id='word_1_21' title='bbox 1322 405 1339 428; x_wconf 88' lang='lat'>‚</span> <span class='ocrx_word' id='word_1_22' title='bbox 1351 375 1572 438; x_wconf 81' lang='lat' dir='ltr'><em>primaevae</em></span> <span class='ocrx_word' id='word_1_23' title='bbox 1584 372 1887 442; x_wconf 80' lang='lat' dir='ltr'><em>simplicitatis</em></span> <span class='ocrx_word' id='word_1_24' title='bbox 1904 373 2110 441; x_wconf 77' lang='lat' dir='ltr'><em>spiritum</em></span> <span class='ocrx_word' id='word_1_25' title='bbox 2130 374 2263 424; x_wconf 86' lang='lat' dir='ltr'><em>adbuc</em></span> <span class='ocrx_word' id='word_1_26' title='bbox 2289 378 2482 448; x_wconf 71' lang='lat' dir='ltr'><em>praefife..</em></span> 
     </span>
     <span class='ocr_line' id='line_1_4' title="bbox 343 442 2485 518; baseline 0.001 -21"><span class='ocrx_word' id='word_1_27' title='bbox 343 463 470 507; x_wconf 88' lang='lat' dir='ltr'><em>runt,</em></span> <span class='ocrx_word' id='word_1_28' title='bbox 499 451 564 497; x_wconf 74' lang='lat'><em>&amp;</em></span> <span class='ocrx_word' id='word_1_29' title='bbox 581 445 632 496; x_wconf 89' lang='lat' dir='ltr'><em>de</em></span> <span class='ocrx_word' id='word_1_30' title='bbox 660 463 739 514; x_wconf 88' lang='lat' dir='ltr'><em>quo</em></span> <span class='ocrx_word' id='word_1_31' title='bbox 760 445 1001 512; x_wconf 71' lang='lat' dir='ltr'><em>preclarum</em></span> <span class='ocrx_word' id='word_1_32' title='bbox 1028 442 1207 493; x_wconf 85' lang='lat' dir='ltr'><em>Ordinis</em></span> <span class='ocrx_word' id='word_1_33' title='bbox 1239 443 1512 512; x_wconf 78' lang='lat' dir='ltr'><em>Cistercietfis</em></span> <span class='ocrx_word' id='word_1_34' title='bbox 1536 444 1678 495; x_wconf 83' lang='lat' dir='ltr'><em>Decus</em></span> <span class='ocrx_word' id='word_1_35' title='bbox 1691 480 1709 505; x_wconf 91' lang='lat'>‚</span> <span class='ocrx_word' id='word_1_36' title='bbox 1740 463 1789 502; x_wconf 83' lang='lat' dir='ltr'><em>ac</em></span> <span class='ocrx_word' id='word_1_37' title='bbox 1820 444 1968 495; x_wconf 86' lang='lat' dir='ltr'><em>Abbas</em></span> <span class='ocrx_word' id='word_1_38' title='bbox 1993 446 2281 498; x_wconf 84' lang='lat' dir='ltr'><em>Ferdinandus</em></span> <span class='ocrx_word' id='word_1_39' title='bbox 2310 446 2485 518; x_wconf 52' lang='lat' dir='ltr'><em>Ughcla</em></span> 
     </span>
     <span class='ocr_line' id='line_1_5' title="bbox 340 513 1653 584; baseline -0.001 -16"><span class='ocrx_word' id='word_1_40' title='bbox 340 519 409 569; x_wconf 90' lang='lat' dir='ltr'><em>lus</em></span> <span class='ocrx_word' id='word_1_41' title='bbox 435 515 600 568; x_wconf 49' lang='lat' dir='ltr'><em>tom-³1.</em></span> <span class='ocrx_word' id='word_1_42' title='bbox 637 513 780 566; x_wconf 81' lang='lat' dir='ltr'><em>Italiae</em></span> <span class='ocrx_word' id='word_1_43' title='bbox 798 515 930 566; x_wconf 83' lang='lat' dir='ltr'><em>Sacrae</em></span> <span class='ocrx_word' id='word_1_44' title='bbox 950 514 1046 584; x_wconf 78' lang='lat' dir='ltr'><em>fil.</em></span> <span class='ocrx_word' id='word_1_45' title='bbox 1076 515 1186 565; x_wconf 80' lang='lat' dir='ltr'><em>mihi</em></span> <span class='ocrx_word' id='word_1_46' title='bbox 1222 531 1338 579; x_wconf 87' lang='lat'>592.</span> <span class='ocrx_word' id='word_1_47' title='bbox 1377 519 1444 564; x_wconf 87' lang='lat' dir='ltr'><em>ita</em></span> <span class='ocrx_word' id='word_1_48' title='bbox 1463 514 1622 584; x_wconf 78' lang='lat' dir='ltr'><em>stribit</em></span> <span class='ocrx_word' id='word_1_49' title='bbox 1640 553 1653 567; x_wconf 90' lang='lat'><strong>.</strong></span> 
     </span>
    </p>

    <p class='ocr_par' dir='ltr' id='par_1_3' title="bbox 337 584 2475 1228">
     <span class='ocr_line' id='line_1_6' title="bbox 488 584 2475 654; baseline 0.001 -13"><span class='ocrx_word' id='word_1_50' title='bbox 488 592 709 641; x_wconf 87' lang='lat' dir='ltr'><em>Duorum</em></span> <span class='ocrx_word' id='word_1_51' title='bbox 733 584 790 639; x_wconf 87' lang='lat' dir='ltr'><em>ab</em></span> <span class='ocrx_word' id='word_1_52' title='bbox 810 588 940 643; x_wconf 85' lang='lat' dir='ltr'><em>Urbe</em></span> <span class='ocrx_word' id='word_1_53' title='bbox 978 587 1330 654; x_wconf 74' lang='lat' dir='ltr'><em>(Camerinerfi)</em></span> <span class='ocrx_word' id='word_1_54' title='bbox 1367 588 1637 638; x_wconf 82' lang='lat' dir='ltr'><em>milliarium</em></span> <span class='ocrx_word' id='word_1_55' title='bbox 1668 587 1950 646; x_wconf 86' lang='lat' dir='ltr'><em>interva110,</em></span> <span class='ocrx_word' id='word_1_56' title='bbox 1987 588 2341 641; x_wconf 89' lang='lat' dir='ltr'><em>celeberrimum</em></span> <span class='ocrx_word' id='word_1_57' title='bbox 2362 595 2475 643; x_wconf 84' lang='lat' dir='ltr'><em>Fra-</em></span> 
     </span>
     <span class='ocr_line' id='line_1_7' title="bbox 339 655 2467 730; baseline 0 -18"><span class='ocrx_word' id='word_1_58' title='bbox 339 673 468 727; x_wconf 81' lang='lat' dir='ltr'><em>trum</em></span> <span class='ocrx_word' id='word_1_59' title='bbox 494 661 850 730; x_wconf 86' lang='lat' dir='ltr'><em>Capucinorum</em></span> <span class='ocrx_word' id='word_1_60' title='bbox 869 657 1199 726; x_wconf 84' lang='lat' dir='ltr'><em>Monasterium</em></span> <span class='ocrx_word' id='word_1_61' title='bbox 1229 655 1421 719; x_wconf 79' lang='lat' dir='ltr'><em>visitur,</em></span> <span class='ocrx_word' id='word_1_62' title='bbox 1455 658 1505 707; x_wconf 88' lang='lat' dir='ltr'><em>in</em></span> <span class='ocrx_word' id='word_1_63' title='bbox 1531 676 1623 727; x_wconf 88' lang='lat' dir='ltr'><em>quo</em></span> <span class='ocrx_word' id='word_1_64' title='bbox 1640 660 1884 711; x_wconf 87' lang='lat' dir='ltr'><em>Clemente</em></span> <span class='ocrx_word' id='word_1_65' title='bbox 1903 661 2025 709; x_wconf 90' lang='lat' dir='ltr'>V11.</span> <span class='ocrx_word' id='word_1_66' title='bbox 2062 659 2316 726; x_wconf 87' lang='lat' dir='ltr'><em>Pontifice‚</em></span> <span class='ocrx_word' id='word_1_67' title='bbox 2345 680 2467 714; x_wconf 86' lang='lat' dir='ltr'><em>nova</em></span> 
     </span>
     <span class='ocr_line' id='line_1_8' title="bbox 341 727 2471 800; baseline 0.001 -18"><span class='ocrx_word' id='word_1_68' title='bbox 341 733 695 800; x_wconf 86' lang='lat' dir='ltr'><em>Capucinorum</em></span> <span class='ocrx_word' id='word_1_69' title='bbox 729 729 1060 791; x_wconf 60' lang='lat' dir='ltr'><em>Reformati05</em></span> <span class='ocrx_word' id='word_1_70' title='bbox 1107 746 1204 798; x_wconf 88' lang='lat' dir='ltr'><em>quae</em></span> <span class='ocrx_word' id='word_1_71' title='bbox 1242 741 1397 779; x_wconf 88' lang='lat' dir='ltr'><em>tantos</em></span> <span class='ocrx_word' id='word_1_72' title='bbox 1439 731 1613 799; x_wconf 84' lang='lat' dir='ltr'><em>peperit</em></span> <span class='ocrx_word' id='word_1_73' title='bbox 1649 727 1916 780; x_wconf 86' lang='lat' dir='ltr'><em>Christianae</em></span> <span class='ocrx_word' id='word_1_74' title='bbox 1959 730 2197 799; x_wconf 86' lang='lat' dir='ltr'><em>Religioni</em></span> <span class='ocrx_word' id='word_1_75' title='bbox 2242 731 2421 785; x_wconf 71' lang='lat' dir='ltr'><em>frustus</em></span> <span class='ocrx_word' id='word_1_76' title='bbox 2451 770 2471 795; x_wconf 83' lang='lat'>‚</span> 
     </span>
     <span class='ocr_line' id='line_1_9' title="bbox 339 796 2464 871; baseline 0.001 -17"><span class='ocrx_word' id='word_1_77' title='bbox 339 801 527 854; x_wconf 86' lang='lat' dir='ltr'><em>emerfit</em></span> <span class='ocrx_word' id='word_1_78' title='bbox 546 839 563 863; x_wconf 91' lang='lat'><em>‚</em></span> <span class='ocrx_word' id='word_1_79' title='bbox 598 802 804 871; x_wconf 86' lang='lat' dir='ltr'><em>adeoque</em></span> <span class='ocrx_word' id='word_1_80' title='bbox 831 801 921 853; x_wconf 84' lang='lat' dir='ltr'><em>sese</em></span> <span class='ocrx_word' id='word_1_81' title='bbox 949 819 1034 871; x_wconf 88' lang='lat' dir='ltr'><em>per</em></span> <span class='ocrx_word' id='word_1_82' title='bbox 1060 815 1211 851; x_wconf 86' lang='lat' dir='ltr'><em>totam</em></span> <span class='ocrx_word' id='word_1_83' title='bbox 1240 804 1477 869; x_wconf 88' lang='lat' dir='ltr'>Europam</span> <span class='ocrx_word' id='word_1_84' title='bbox 1510 796 1730 860; x_wconf 81' lang='lat' dir='ltr'><em>diffudit,</em></span> <span class='ocrx_word' id='word_1_85' title='bbox 1768 813 1822 850; x_wconf 90' lang='lat' dir='ltr'><em>ut</em></span> <span class='ocrx_word' id='word_1_86' title='bbox 1849 800 2006 850; x_wconf 90' lang='lat' dir='ltr'><em>nullus</em></span> <span class='ocrx_word' id='word_1_87' title='bbox 2031 800 2197 852; x_wconf 88' lang='lat' dir='ltr'><em>nobilis</em></span> <span class='ocrx_word' id='word_1_88' title='bbox 2226 801 2282 854; x_wconf 91' lang='lat' dir='ltr'><em>fit</em></span> <span class='ocrx_word' id='word_1_89' title='bbox 2306 805 2464 865; x_wconf 87' lang='lat' dir='ltr'><em>locus,</em></span> 
     </span>
     <span class='ocr_line' id='line_1_10' title="bbox 337 871 2469 943; baseline 0 -18"><span class='ocrx_word' id='word_1_90' title='bbox 337 875 386 926; x_wconf 86' lang='lat' dir='ltr'><em>in</em></span> <span class='ocrx_word' id='word_1_91' title='bbox 420 891 514 942; x_wconf 88' lang='lat' dir='ltr'><em>quo</em></span> <span class='ocrx_word' id='word_1_92' title='bbox 540 873 738 943; x_wconf 85' lang='lat' dir='ltr'><em>piiffima</em></span> <span class='ocrx_word' id='word_1_93' title='bbox 766 875 843 923; x_wconf 89' lang='lat' dir='ltr'><em>illa</em></span> <span class='ocrx_word' id='word_1_94' title='bbox 869 874 1063 923; x_wconf 84' lang='lat' dir='ltr'><em>Familia</em></span> <span class='ocrx_word' id='word_1_95' title='bbox 1083 908 1099 932; x_wconf 93' lang='lat'>,</span> <span class='ocrx_word' id='word_1_96' title='bbox 1135 871 1406 922; x_wconf 84' lang='lat' dir='ltr'><em>admiranda</em></span> <span class='ocrx_word' id='word_1_97' title='bbox 1436 873 1666 922; x_wconf 85' lang='lat' dir='ltr'><em>virtutum</em></span> <span class='ocrx_word' id='word_1_98' title='bbox 1695 872 1910 939; x_wconf 87' lang='lat' dir='ltr'><em>exempla</em></span> <span class='ocrx_word' id='word_1_99' title='bbox 1940 888 2029 920; x_wconf 88' lang='lat' dir='ltr'><em>non</em></span> <span class='ocrx_word' id='word_1_100' title='bbox 2056 873 2283 941; x_wconf 87' lang='lat' dir='ltr'><em>explicet.</em></span> <span class='ocrx_word' id='word_1_101' title='bbox 2323 876 2469 932; x_wconf 86' lang='lat' dir='ltr'><em>Unde</em></span> 
     </span>
     <span class='ocr_line' id='line_1_11' title="bbox 338 941 2468 1015; baseline 0.001 -20"><span class='ocrx_word' id='word_1_102' title='bbox 338 962 431 995; x_wconf 86' lang='lat' dir='ltr'><em>non</em></span> <span class='ocrx_word' id='word_1_103' title='bbox 464 944 679 1015; x_wconf 88' lang='lat' dir='ltr'><em>ignobilis</em></span> <span class='ocrx_word' id='word_1_104' title='bbox 714 946 758 993; x_wconf 90' lang='lat' dir='ltr'><em>in</em></span> <span class='ocrx_word' id='word_1_105' title='bbox 787 946 1128 1001; x_wconf 87' lang='lat' dir='ltr'><em>Camerinum,</em></span> <span class='ocrx_word' id='word_1_106' title='bbox 1166 941 1192 992; x_wconf 71' lang='grc' dir='ltr'>ὃ</span> <span class='ocrx_word' id='word_1_107' title='bbox 1226 960 1317 1009; x_wconf 85' lang='lat' dir='ltr'><em>quo</em></span> <span class='ocrx_word' id='word_1_108' title='bbox 1347 944 1382 992; x_wconf 87' lang='lat' dir='ltr'><em>is</em></span> <span class='ocrx_word' id='word_1_109' title='bbox 1420 941 1558 993; x_wconf 90' lang='lat' dir='ltr'><em>Ordo</em></span> <span class='ocrx_word' id='word_1_110' title='bbox 1588 943 1774 1010; x_wconf 85' lang='lat' dir='ltr'><em>erupit,</em></span> <span class='ocrx_word' id='word_1_111' title='bbox 1807 943 1958 1012; x_wconf 85' lang='lat' dir='ltr'><em>gloria</em></span> <span class='ocrx_word' id='word_1_112' title='bbox 1989 941 2171 993; x_wconf 85' lang='lat' dir='ltr'><em>derivat</em></span> <span class='ocrx_word' id='word_1_113' title='bbox 2199 979 2216 1002; x_wconf 94' lang='lat'><strong>,</strong></span> <span class='ocrx_word' id='word_1_114' title='bbox 2253 961 2344 1012; x_wconf 88' lang='lat' dir='ltr'><em>prae</em></span> <span class='ocrx_word' id='word_1_115' title='bbox 2380 957 2468 998; x_wconf 73' lang='lat' dir='ltr'><em>cae-¹</em></span> 
     </span>
     <span class='ocr_line' id='line_1_12' title="bbox 337 1000 2467 1082; baseline 0.001 -15"><span class='ocrx_word' id='word_1_116' title='bbox 337 1016 449 1067; x_wconf 90' lang='lat' dir='ltr'><em>teris</em></span> <span class='ocrx_word' id='word_1_117' title='bbox 480 1014 692 1066; x_wconf 89' lang='lat' dir='ltr'><em>omnibus</em></span> <span class='ocrx_word' id='word_1_118' title='bbox 711 1012 736 1063; x_wconf 73' lang='lat' dir='ltr'><em>ai</em></span> <span class='ocrx_word' id='word_1_119' title='bbox 752 1000 948 1066; x_wconf 75' lang='lat' dir='ltr'><em>Sumrrlo</em></span> <span class='ocrx_word' id='word_1_120' title='bbox 965 1014 1171 1065; x_wconf 82' lang='lat' dir='ltr'><em>Numine</em></span> <span class='ocrx_word' id='word_1_121' title='bbox 1205 1012 1323 1063; x_wconf 90' lang='lat' dir='ltr'><em>illud</em></span> <span class='ocrx_word' id='word_1_122' title='bbox 1347 1014 1572 1073; x_wconf 71' lang='lat' dir='ltr'><em>elesturn,</em></span> <span class='ocrx_word' id='word_1_123' title='bbox 1596 1012 1943 1081; x_wconf 86' lang='lat' dir='ltr'><em>delibatumque</em></span> <span class='ocrx_word' id='word_1_124' title='bbox 1959 1010 2083 1064; x_wconf 84' lang='lat' dir='ltr'><em>fuiffe</em></span> <span class='ocrx_word' id='word_1_125' title='bbox 2098 1048 2115 1072; x_wconf 91' lang='lat'><strong>,</strong></span> <span class='ocrx_word' id='word_1_126' title='bbox 2134 1017 2180 1065; x_wconf 87' lang='lat' dir='ltr'><em>in</em></span> <span class='ocrx_word' id='word_1_127' title='bbox 2200 1033 2299 1082; x_wconf 88' lang='lat' dir='ltr'><em>quo</em></span> <span class='ocrx_word' id='word_1_128' title='bbox 2311 1015 2349 1065; x_wconf 87' lang='lat' dir='ltr'><em>is</em></span> <span class='ocrx_word' id='word_1_129' title='bbox 2376 1031 2467 1069; x_wconf 87' lang='lat' dir='ltr'><em>ter-</em></span> 
     </span>
     <span class='ocr_line' id='line_1_13' title="bbox 339 1082 2469 1156; baseline 0 -18"><span class='ocrx_word' id='word_1_130' title='bbox 339 1085 492 1138; x_wconf 83' lang='lat' dir='ltr'><em>restris</em></span> <span class='ocrx_word' id='word_1_131' title='bbox 524 1082 794 1145; x_wconf 86' lang='lat' dir='ltr'><em>Paradisus,</em></span> <span class='ocrx_word' id='word_1_132' title='bbox 833 1089 1049 1156; x_wconf 85' lang='lat' dir='ltr'><em>Religio,</em></span> <span class='ocrx_word' id='word_1_133' title='bbox 1086 1087 1269 1151; x_wconf 80' lang='lat' dir='ltr'><em>inquam</em></span> <span class='ocrx_word' id='word_1_134' title='bbox 1296 1119 1312 1143; x_wconf 94' lang='lat'><strong>,</strong></span> <span class='ocrx_word' id='word_1_135' title='bbox 1353 1083 1470 1135; x_wconf 85' lang='lat' dir='ltr'><em>adeo</em></span> <span class='ocrx_word' id='word_1_136' title='bbox 1498 1085 1706 1151; x_wconf 83' lang='lat' dir='ltr'><em>inclyta,</em></span> <span class='ocrx_word' id='word_1_137' title='bbox 1741 1083 1920 1136; x_wconf 85' lang='lat' dir='ltr'><em>divinas</em></span> <span class='ocrx_word' id='word_1_138' title='bbox 1942 1083 2128 1136; x_wconf 86' lang='lat' dir='ltr'><em>delicias</em></span> <span class='ocrx_word' id='word_1_139' title='bbox 2154 1083 2237 1136; x_wconf 91' lang='lat' dir='ltr'><em>sub</em></span> <span class='ocrx_word' id='word_1_140' title='bbox 2256 1087 2337 1135; x_wconf 91' lang='lat' dir='ltr'><em>illo</em></span> <span class='ocrx_word' id='word_1_141' title='bbox 2362 1090 2469 1139; x_wconf 77' lang='lat' dir='ltr'><em>vitae</em></span> 
     </span>
     <span class='ocr_line' id='line_1_14' title="bbox 337 1154 1173 1228; baseline -0.006 -20"><span class='ocrx_word' id='word_1_142' title='bbox 337 1159 497 1228; x_wconf 85' lang='lat' dir='ltr'><em>rigore.</em></span> <span class='ocrx_word' id='word_1_143' title='bbox 533 1157 783 1227; x_wconf 85' lang='lat' dir='ltr'><em>asperrimo</em></span> <span class='ocrx_word' id='word_1_144' title='bbox 804 1157 926 1209; x_wconf 87' lang='lat' dir='ltr'><em>Orbi</em></span> <span class='ocrx_word' id='word_1_145' title='bbox 957 1154 1139 1205; x_wconf 88' lang='lat' dir='ltr'><em>afferret</em></span> <span class='ocrx_word' id='word_1_146' title='bbox 1160 1190 1173 1203; x_wconf 90' lang='lat'><strong>.</strong></span> 
     </span>
    </p>

    <p class='ocr_par' dir='ltr' id='par_1_4' title="bbox 328 1225 2477 1439">
     <span class='ocr_line' id='line_1_15' title="bbox 479 1225 2477 1299; baseline 0.001 -22"><span class='ocrx_word' id='word_1_147' title='bbox 479 1228 554 1282; x_wconf 85' lang='lat' dir='ltr'><em>Ab</em></span> <span class='ocrx_word' id='word_1_148' title='bbox 589 1230 667 1278; x_wconf 90' lang='lat' dir='ltr'><em>hac</em></span> <span class='ocrx_word' id='word_1_149' title='bbox 693 1227 929 1278; x_wconf 82' lang='lat' dir='ltr'><em>Provincia</em></span> <span class='ocrx_word' id='word_1_150' title='bbox 955 1263 971 1286; x_wconf 94' lang='lat'><strong>,</strong></span> <span class='ocrx_word' id='word_1_151' title='bbox 1012 1242 1089 1294; x_wconf 84' lang='lat' dir='ltr'><em>per</em></span> <span class='ocrx_word' id='word_1_152' title='bbox 1127 1225 1435 1294; x_wconf 68' lang='lat' dir='ltr'><em>Commfftrios</em></span> <span class='ocrx_word' id='word_1_153' title='bbox 1459 1264 1475 1285; x_wconf 92' lang='lat'>‚</span> <span class='ocrx_word' id='word_1_154' title='bbox 1500 1227 1576 1295; x_wconf 83' lang='lat' dir='ltr'><em>seu</em></span> <span class='ocrx_word' id='word_1_155' title='bbox 1606 1226 1783 1278; x_wconf 75' lang='lat' dir='ltr'><em>Fratres</em></span> <span class='ocrx_word' id='word_1_156' title='bbox 1801 1263 1817 1287; x_wconf 89' lang='lat'><strong>,</strong></span> <span class='ocrx_word' id='word_1_157' title='bbox 1833 1247 1888 1277; x_wconf 85' lang='lat' dir='ltr'><em>ex</em></span> <span class='ocrx_word' id='word_1_158' title='bbox 1903 1229 1983 1278; x_wconf 88' lang='lat' dir='ltr'><em>illa</em></span> <span class='ocrx_word' id='word_1_159' title='bbox 1998 1229 2210 1293; x_wconf 85' lang='lat' dir='ltr'><em>Oriundos</em></span> <span class='ocrx_word' id='word_1_160' title='bbox 2225 1261 2238 1286; x_wconf 94' lang='lat'>,</span> <span class='ocrx_word' id='word_1_161' title='bbox 2254 1227 2477 1299; x_wconf 65' lang='lat' dir='ltr'><em>fiandatas,</em></span> 
     </span>
     <span class='ocr_line' id='line_1_16' title="bbox 328 1293 2471 1371; baseline 0 -22"><span class='ocrx_word' id='word_1_162' title='bbox 328 1298 456 1371; x_wconf 68' lang='lat' dir='ltr'><em>jaff</em></span> <span class='ocrx_word' id='word_1_163' title='bbox 480 1299 735 1350; x_wconf 74' lang='lat' dir='ltr'><em>Provincias</em></span> <span class='ocrx_word' id='word_1_164' title='bbox 754 1333 771 1356; x_wconf 94' lang='lat'>,</span> <span class='ocrx_word' id='word_1_165' title='bbox 804 1298 1037 1349; x_wconf 88' lang='lat' dir='ltr'><em>Romanam</em></span> <span class='ocrx_word' id='word_1_166' title='bbox 1051 1333 1067 1357; x_wconf 90' lang='lat'>,</span> <span class='ocrx_word' id='word_1_167' title='bbox 1095 1295 1140 1347; x_wconf 84' lang='lat' dir='ltr'><em>S.</em></span> <span class='ocrx_word' id='word_1_168' title='bbox 1158 1298 1316 1366; x_wconf 85' lang='lat' dir='ltr'><em>Angeli</em></span> <span class='ocrx_word' id='word_1_169' title='bbox 1330 1335 1346 1359; x_wconf 93' lang='lat'><strong>,</strong></span> <span class='ocrx_word' id='word_1_170' title='bbox 1382 1297 1646 1366; x_wconf 79' lang='lat' dir='ltr'><em>Brixienfim</em></span> <span class='ocrx_word' id='word_1_171' title='bbox 1662 1335 1679 1358; x_wconf 88' lang='lat'><strong>,</strong></span> <span class='ocrx_word' id='word_1_172' title='bbox 1716 1299 1912 1350; x_wconf 88' lang='lat' dir='ltr'><em>Venetam</em></span> <span class='ocrx_word' id='word_1_173' title='bbox 1931 1336 1947 1359; x_wconf 94' lang='lat'><strong>,</strong></span> <span class='ocrx_word' id='word_1_174' title='bbox 1982 1293 2339 1367; x_wconf 83' lang='lat' dir='ltr'><em>Mediolanensem</em></span> <span class='ocrx_word' id='word_1_175' title='bbox 2358 1336 2375 1360; x_wconf 89' lang='lat'>,</span> <span class='ocrx_word' id='word_1_176' title='bbox 2391 1300 2471 1359; x_wconf 48' lang='lat' dir='ltr'><em>Ia?</em></span> 
     </span>
     <span class='ocr_line' id='line_1_17' title="bbox 338 1369 2468 1439; baseline 0 -18"><span class='ocrx_word' id='word_1_177' title='bbox 338 1370 523 1439; x_wconf 89' lang='lat' dir='ltr'><em>nuensem</em></span> <span class='ocrx_word' id='word_1_178' title='bbox 537 1406 554 1430; x_wconf 93' lang='lat'><strong>,</strong></span> <span class='ocrx_word' id='word_1_179' title='bbox 593 1369 866 1420; x_wconf 84' lang='lat' dir='ltr'><em>Flandricam</em></span> <span class='ocrx_word' id='word_1_180' title='bbox 891 1376 983 1420; x_wconf 61' lang='lat' dir='ltr'><em>&amp;a</em></span> <span class='ocrx_word' id='word_1_181' title='bbox 998 1405 1014 1430; x_wconf 96' lang='lat'>‚</span> <span class='ocrx_word' id='word_1_182' title='bbox 1049 1369 1106 1420; x_wconf 76' lang='lat'><em>&amp;</em></span> <span class='ocrx_word' id='word_1_183' title='bbox 1147 1374 1237 1420; x_wconf 88' lang='lat' dir='ltr'><em>tria</em></span> <span class='ocrx_word' id='word_1_184' title='bbox 1260 1369 1460 1438; x_wconf 85' lang='lat' dir='ltr'><em>Capitula</em></span> <span class='ocrx_word' id='word_1_185' title='bbox 1486 1370 1711 1422; x_wconf 85' lang='lat' dir='ltr'><em>Generalia</em></span> <span class='ocrx_word' id='word_1_186' title='bbox 1734 1374 1781 1422; x_wconf 85' lang='lat' dir='ltr'><em>in</em></span> <span class='ocrx_word' id='word_1_187' title='bbox 1804 1389 1849 1422; x_wconf 91' lang='lat' dir='ltr'><em>ea</em></span> <span class='ocrx_word' id='word_1_188' title='bbox 1878 1372 2086 1421; x_wconf 85' lang='lat' dir='ltr'><em>celebrata</em></span> <span class='ocrx_word' id='word_1_189' title='bbox 2112 1407 2129 1430; x_wconf 89' lang='lat'>,</span> <span class='ocrx_word' id='word_1_190' title='bbox 2169 1371 2379 1421; x_wconf 87' lang='lat' dir='ltr'><em>Cronicha</em></span> <span class='ocrx_word' id='word_1_191' title='bbox 2411 1373 2468 1431; x_wconf 52' lang='lat' dir='ltr'><em>ils</em></span> 
     </span>
    </p>
   </div>
   <div class='ocr_carea' id='block_1_2' title="bbox 297 1438 2467 1868">
    <p class='ocr_par' dir='ltr' id='par_1_5' title="bbox 335 1438 984 1511">
     <span class='ocr_line' id='line_1_18' title="bbox 335 1438 984 1511; baseline -0.003 -18"><span class='ocrx_word' id='word_1_192' title='bbox 335 1443 422 1493; x_wconf 87' lang='lat' dir='ltr'><em>lius</em></span> <span class='ocrx_word' id='word_1_193' title='bbox 451 1442 653 1511; x_wconf 74' lang='lat' dir='ltr'><em>testantur</em></span> <span class='ocrx_word' id='word_1_194' title='bbox 678 1438 956 1493; x_wconf 88' lang='lat' dir='ltr'><em>Monumenta</em></span> <span class='ocrx_word' id='word_1_195' title='bbox 971 1477 984 1491; x_wconf 89' lang='lat'><strong>.</strong></span> 
     </span>
    </p>

    <p class='ocr_par' dir='ltr' id='par_1_6' title="bbox 335 1510 2467 1727">
     <span class='ocr_line' id='line_1_19' title="bbox 476 1510 2466 1582; baseline -0.001 -18"><span class='ocrx_word' id='word_1_196' title='bbox 476 1511 592 1572; x_wconf 65' lang='grc' dir='ltr'><em>ΕΗ,</em></span> <span class='ocrx_word' id='word_1_197' title='bbox 628 1513 684 1562; x_wconf 65' lang='lat'><em>(¹9⁵</em></span> <span class='ocrx_word' id='word_1_198' title='bbox 711 1513 839 1578; x_wconf 69' lang='lat' dir='ltr'><em>hqjus</em></span> <span class='ocrx_word' id='word_1_199' title='bbox 870 1512 1112 1564; x_wconf 83' lang='lat' dir='ltr'><em>Provinciae</em></span> <span class='ocrx_word' id='word_1_200' title='bbox 1141 1512 1288 1564; x_wconf 88' lang='lat' dir='ltr'><em>Proles</em></span> <span class='ocrx_word' id='word_1_201' title='bbox 1302 1549 1317 1573; x_wconf 95' lang='lat'><strong>,</strong></span> <span class='ocrx_word' id='word_1_202' title='bbox 1355 1513 1434 1564; x_wconf 85' lang='lat' dir='ltr'><em>Fr.</em></span> <span class='ocrx_word' id='word_1_203' title='bbox 1449 1512 1703 1581; x_wconf 87' lang='lat' dir='ltr'><em>Seraphinus</em></span> <span class='ocrx_word' id='word_1_204' title='bbox 1722 1513 1775 1562; x_wconf 90' lang='lat' dir='ltr'><em>ab</em></span> <span class='ocrx_word' id='word_1_205' title='bbox 1797 1513 1953 1582; x_wconf 75' lang='lat' dir='ltr'><em>Afiulo</em></span> <span class='ocrx_word' id='word_1_206' title='bbox 1971 1550 1986 1572; x_wconf 95' lang='lat'><strong>,</strong></span> <span class='ocrx_word' id='word_1_207' title='bbox 2012 1514 2088 1581; x_wconf 71' lang='lat' dir='ltr'><em>stu</em></span> <span class='ocrx_word' id='word_1_208' title='bbox 2119 1510 2277 1572; x_wconf 88' lang='lat' dir='ltr'><em>Monte</em></span> <span class='ocrx_word' id='word_1_209' title='bbox 2304 1514 2466 1564; x_wconf 82' lang='lat' dir='ltr'><em>Grana·</em></span> 
     </span>
     <span class='ocr_line' id='line_1_20' title="bbox 335 1582 2467 1652; baseline -0.001 -17"><span class='ocrx_word' id='word_1_210' title='bbox 335 1587 402 1635; x_wconf 84' lang='lat' dir='ltr'><em>rio</em></span> <span class='ocrx_word' id='word_1_211' title='bbox 417 1619 433 1644; x_wconf 90' lang='lat'><strong>,</strong></span> <span class='ocrx_word' id='word_1_212' title='bbox 469 1583 629 1635; x_wconf 88' lang='lat' dir='ltr'><em>Laicus</em></span> <span class='ocrx_word' id='word_1_213' title='bbox 646 1619 664 1643; x_wconf 88' lang='lat'><strong>,</strong></span> <span class='ocrx_word' id='word_1_214' title='bbox 698 1587 767 1633; x_wconf 87' lang='lat' dir='ltr'><em>cui</em></span> <span class='ocrx_word' id='word_1_215' title='bbox 795 1584 1032 1652; x_wconf 74' lang='lat' dir='ltr'><em>Apostolica</em></span> <span class='ocrx_word' id='word_1_216' title='bbox 1055 1584 1179 1634; x_wconf 80' lang='lat' dir='ltr'><em>Sedes</em></span> <span class='ocrx_word' id='word_1_217' title='bbox 1206 1582 1355 1635; x_wconf 77' lang='lat' dir='ltr'><em>Sacros</em></span> <span class='ocrx_word' id='word_1_218' title='bbox 1371 1589 1473 1651; x_wconf 88' lang='lat' dir='ltr'><em>jam</em></span> <span class='ocrx_word' id='word_1_219' title='bbox 1504 1585 1699 1635; x_wconf 83' lang='lat' dir='ltr'><em>decrevit</em></span> <span class='ocrx_word' id='word_1_220' title='bbox 1726 1586 1900 1634; x_wconf 84' lang='lat' dir='ltr'><em>Altaris</em></span> <span class='ocrx_word' id='word_1_221' title='bbox 1927 1586 2101 1635; x_wconf 88' lang='lat' dir='ltr'><em>honores</em></span> <span class='ocrx_word' id='word_1_222' title='bbox 2118 1619 2136 1644; x_wconf 90' lang='lat'>,</span> <span class='ocrx_word' id='word_1_223' title='bbox 2175 1586 2230 1634; x_wconf 66' lang='grc' dir='ltr'><em>ὠ·</em></span> <span class='ocrx_word' id='word_1_224' title='bbox 2256 1588 2374 1650; x_wconf 84' lang='lat' dir='ltr'><em>cujus</em></span> <span class='ocrx_word' id='word_1_225' title='bbox 2391 1585 2467 1634; x_wconf 85' lang='lat' dir='ltr'><em>Se-</em></span> 
     </span>
     <span class='ocr_line' id='line_1_21' title="bbox 338 1655 1835 1727; baseline 0 -21"><span class='ocrx_word' id='word_1_226' title='bbox 338 1656 555 1719; x_wconf 84' lang='lat' dir='ltr'><em>raphicam</em></span> <span class='ocrx_word' id='word_1_227' title='bbox 585 1656 730 1706; x_wconf 89' lang='lat' dir='ltr'><em>Vitam</em></span> <span class='ocrx_word' id='word_1_228' title='bbox 747 1691 764 1715; x_wconf 93' lang='lat'><strong>,</strong></span> <span class='ocrx_word' id='word_1_229' title='bbox 800 1655 923 1725; x_wconf 82' lang='lat' dir='ltr'><em>quast</em></span> <span class='ocrx_word' id='word_1_230' title='bbox 943 1660 1120 1706; x_wconf 88' lang='lat' dir='ltr'><em>omnium</em></span> <span class='ocrx_word' id='word_1_231' title='bbox 1146 1656 1407 1727; x_wconf 84' lang='lat' dir='ltr'><em>Linguarum</em></span> <span class='ocrx_word' id='word_1_232' title='bbox 1437 1656 1585 1722; x_wconf 74' lang='lat' dir='ltr'><em>Typus</em></span> <span class='ocrx_word' id='word_1_233' title='bbox 1614 1656 1808 1706; x_wconf 87' lang='lat' dir='ltr'><em>extendit</em></span> <span class='ocrx_word' id='word_1_234' title='bbox 1822 1693 1835 1706; x_wconf 91' lang='lat'><strong>.</strong></span> 
     </span>
    </p>

    <p class='ocr_par' dir='ltr' id='par_1_7' title="bbox 297 1724 2450 1868">
     <span class='ocr_line' id='line_1_22' title="bbox 297 1724 2450 1798; baseline -0.001 -20"><span class='ocrx_word' id='word_1_235' title='bbox 297 1790 299 1792; x_wconf 12' lang='lat' dir='ltr'>V</span> <span class='ocrx_word' id='word_1_236' title='bbox 475 1727 604 1778; x_wconf 86' lang='lat' dir='ltr'><em>Alios</em></span> <span class='ocrx_word' id='word_1_237' title='bbox 627 1727 829 1796; x_wconf 70' lang='lat' dir='ltr'><em>sanguine</em></span> <span class='ocrx_word' id='word_1_238' title='bbox 858 1764 874 1786; x_wconf 95' lang='lat'>‚</span> <span class='ocrx_word' id='word_1_239' title='bbox 911 1727 1098 1777; x_wconf 69' lang='lat' dir='ltr'><em>doflrina</em></span> <span class='ocrx_word' id='word_1_240' title='bbox 1113 1764 1130 1787; x_wconf 92' lang='lat'><strong>,</strong></span> <span class='ocrx_word' id='word_1_241' title='bbox 1166 1729 1221 1777; x_wconf 79' lang='lat'><em>&amp;</em></span> <span class='ocrx_word' id='word_1_242' title='bbox 1245 1734 1406 1795; x_wconf 86' lang='lat' dir='ltr'><em>pietate</em></span> <span class='ocrx_word' id='word_1_243' title='bbox 1427 1727 1603 1797; x_wconf 74' lang='lat' dir='ltr'><em>insignes</em></span> <span class='ocrx_word' id='word_1_244' title='bbox 1624 1725 1866 1778; x_wconf 83' lang='lat' dir='ltr'><em>Provinciae</em></span> <span class='ocrx_word' id='word_1_245' title='bbox 1887 1728 2017 1793; x_wconf 82' lang='lat' dir='ltr'><em>hujus</em></span> <span class='ocrx_word' id='word_1_246' title='bbox 2056 1724 2182 1777; x_wconf 87' lang='lat' dir='ltr'><em>Viros</em></span> <span class='ocrx_word' id='word_1_247' title='bbox 2206 1746 2353 1798; x_wconf 87' lang='lat' dir='ltr'><em>magno</em></span> <span class='ocrx_word' id='word_1_248' title='bbox 2377 1746 2450 1777; x_wconf 82' lang='lat' dir='ltr'><em>nu·</em></span> 
     </span>
     <span class='ocr_line' id='line_1_23' title="bbox 333 1797 1667 1868; baseline -0.003 -18"><span class='ocrx_word' id='word_1_249' title='bbox 333 1801 445 1850; x_wconf 83' lang='lat' dir='ltr'><em>mero</em></span> <span class='ocrx_word' id='word_1_250' title='bbox 466 1798 696 1867; x_wconf 87' lang='lat' dir='ltr'><em>producunt</em></span> <span class='ocrx_word' id='word_1_251' title='bbox 720 1799 909 1848; x_wconf 84' lang='lat' dir='ltr'><em>Annales</em></span> <span class='ocrx_word' id='word_1_252' title='bbox 925 1835 943 1858; x_wconf 93' lang='lat'><strong><em>,</em></strong></span> <span class='ocrx_word' id='word_1_253' title='bbox 978 1801 1136 1868; x_wconf 84' lang='lat' dir='ltr'><em>aliique</em></span> <span class='ocrx_word' id='word_1_254' title='bbox 1163 1801 1341 1851; x_wconf 87' lang='lat' dir='ltr'><em>Ordinis</em></span> <span class='ocrx_word' id='word_1_255' title='bbox 1369 1799 1503 1849; x_wconf 74' lang='lat' dir='ltr'><em>nos‘iri</em></span> <span class='ocrx_word' id='word_1_256' title='bbox 1530 1797 1667 1848; x_wconf 82' lang='lat' dir='ltr'><em>libri.</em></span> 
     </span>
    </p>
   </div>
   <div class='ocr_carea' id='block_1_3' title="bbox 479 1928 986 1984">
    <p class='ocr_par' dir='ltr' id='par_1_8' title="bbox 479 1928 986 1984">
     <span class='ocr_line' id='line_1_24' title="bbox 479 1928 986 1984; baseline 0 -5"><span class='ocrx_word' id='word_1_257' title='bbox 479 1928 673 1980; x_wconf 82' lang='lat' dir='ltr'><em>Continet</em></span> <span class='ocrx_word' id='word_1_258' title='bbox 702 1931 955 1984; x_wconf 76' lang='lat' dir='ltr'><em>‘Provincia</em></span> <span class='ocrx_word' id='word_1_259' title='bbox 972 1967 986 1979; x_wconf 89' lang='lat'><strong>.</strong></span> 
     </span>
    </p>
   </div>
   <div class='ocr_carea' id='block_1_4' title="bbox 612 2061 1407 2196">
    <p class='ocr_par' dir='ltr' id='par_1_9' title="bbox 612 2061 1407 2196">
     <span class='ocr_line' id='line_1_25' title="bbox 617 2061 1162 2110; baseline -0.004 0"><span class='ocrx_word' id='word_1_260' title='bbox 617 2061 778 2110; x_wconf 87' lang='lat' dir='ltr'><em>Domos</em></span> <span class='ocrx_word' id='word_1_261' title='bbox 805 2061 1008 2110; x_wconf 87' lang='lat' dir='ltr'><em>Fratrum</em></span> <span class='ocrx_word' id='word_1_262' title='bbox 1047 2077 1103 2110; x_wconf 66' lang='grc' dir='ltr'><em>ιι</em></span> <span class='ocrx_word' id='word_1_263' title='bbox 1119 2080 1162 2109; x_wconf 92' lang='lat'><em>1.</em></span> 
     </span>
     <span class='ocr_line' id='line_1_26' title="bbox 612 2130 1407 2196; baseline -0.001 -15"><span class='ocrx_word' id='word_1_264' title='bbox 612 2130 862 2196; x_wconf 84' lang='lat' dir='ltr'><em>Miffloncm</em></span> <span class='ocrx_word' id='word_1_265' title='bbox 892 2147 1019 2180; x_wconf 89' lang='lat' dir='ltr'><em>extra</em></span> <span class='ocrx_word' id='word_1_266' title='bbox 1049 2130 1323 2181; x_wconf 83' lang='lat' dir='ltr'><em>Provinciam</em></span> <span class='ocrx_word' id='word_1_267' title='bbox 1362 2150 1382 2183; x_wconf 91' lang='lat'>1</span> <span class='ocrx_word' id='word_1_268' title='bbox 1396 2167 1407 2180; x_wconf 93' lang='lat'><em>.</em></span> 
     </span>
    </p>
   </div>
   <div class='ocr_carea' id='block_1_5' title="bbox 610 2199 2112 2412">
    <p class='ocr_par' dir='ltr' id='par_1_10' title="bbox 610 2199 2112 2412">
     <span class='ocr_line' id='line_1_27' title="bbox 610 2199 2112 2270; baseline 0 -19"><span class='ocrx_word' id='word_1_269' title='bbox 610 2201 810 2269; x_wconf 78' lang='lat' dir='ltr'><em>Hospicia</em></span> <span class='ocrx_word' id='word_1_270' title='bbox 825 2239 840 2260; x_wconf 91' lang='lat'>,</span> <span class='ocrx_word' id='word_1_271' title='bbox 864 2203 943 2270; x_wconf 73' lang='grc' dir='ltr'><em>[ἐκ</em></span> <span class='ocrx_word' id='word_1_272' title='bbox 968 2202 1106 2269; x_wconf 49' lang='lat' dir='ltr'><em>Asida</em></span> <span class='ocrx_word' id='word_1_273' title='bbox 1124 2217 1201 2269; x_wconf 88' lang='lat' dir='ltr'><em>pro</em></span> <span class='ocrx_word' id='word_1_274' title='bbox 1226 2200 1533 2253; x_wconf 84' lang='lat' dir='ltr'><em>Itinerantibus</em></span> <span class='ocrx_word' id='word_1_275' title='bbox 1547 2236 1562 2260; x_wconf 93' lang='lat'><strong>,</strong></span> <span class='ocrx_word' id='word_1_276' title='bbox 1598 2206 1654 2249; x_wconf 59' lang='grc' dir='ltr'><em>δέ</em></span> <span class='ocrx_word' id='word_1_277' title='bbox 1684 2199 2026 2269; x_wconf 71' lang='lat' dir='ltr'><em>Quaestuantibns</em></span> <span class='ocrx_word' id='word_1_278' title='bbox 2062 2219 2112 2251; x_wconf 87' lang='lat' dir='ltr'><em>v.</em></span> 
     </span>
     <span class='ocr_line' id='line_1_28' title="bbox 611 2271 1846 2343; baseline 0.002 -21"><span class='ocrx_word' id='word_1_279' title='bbox 611 2271 878 2339; x_wconf 83' lang='lat' dir='ltr'><em>Monasteria</em></span> <span class='ocrx_word' id='word_1_280' title='bbox 908 2272 1170 2324; x_wconf 86' lang='lat' dir='ltr'><em>Monialium</em></span> <span class='ocrx_word' id='word_1_281' title='bbox 1195 2274 1347 2343; x_wconf 83' lang='lat' dir='ltr'><em>Capuc.</em></span> <span class='ocrx_word' id='word_1_282' title='bbox 1366 2272 1516 2341; x_wconf 69' lang='lat' dir='ltr'><em>striiie</em></span> <span class='ocrx_word' id='word_1_283' title='bbox 1542 2272 1696 2337; x_wconf 81' lang='lat' dir='ltr'><em>talium</em></span> <span class='ocrx_word' id='word_1_284' title='bbox 1732 2289 1752 2319; x_wconf 91' lang='lat'>1</span> <span class='ocrx_word' id='word_1_285' title='bbox 1771 2291 1788 2322; x_wconf 89' lang='lat'>1</span> <span class='ocrx_word' id='word_1_286' title='bbox 1804 2292 1846 2337; x_wconf 55' lang='grc' dir='ltr'><em>ι,</em></span> 
     </span>
     <span class='ocr_line' id='line_1_29' title="bbox 612 2343 1019 2412; baseline 0.007 -20"><span class='ocrx_word' id='word_1_287' title='bbox 612 2343 755 2412; x_wconf 58' lang='lat' dir='ltr'><em>Largi·</em></span> <span class='ocrx_word' id='word_1_288' title='bbox 769 2346 919 2395; x_wconf 87' lang='lat' dir='ltr'><em>talium</em></span> <span class='ocrx_word' id='word_1_289' title='bbox 940 2362 1019 2395; x_wconf 89' lang='lat' dir='ltr'><em>1v.</em></span> 
     </span>
    </p>
   </div>
   <div class='ocr_carea' id='block_1_6' title="bbox 1518 2482 2456 2499">
    <p class='ocr_par' dir='ltr' id='par_1_11' title="bbox 1518 2482 2456 2499">
     <span class='ocr_line' id='line_1_30' title="bbox 1518 2482 2456 2499; baseline 0.001 -2"><span class='ocrx_word' id='word_1_290' title='bbox 1518 2482 2456 2499; x_wconf 71' lang='lat'>———————————-</span> 
     </span>
    </p>
   </div>
   <div class='ocr_carea' id='block_1_7' title="bbox 1032 2485 1264 2500">
    <p class='ocr_par' dir='ltr' id='par_1_12' title="bbox 1032 2485 1264 2500">
     <span class='ocr_line' id='line_1_31' title="bbox 1032 2485 1264 2500; baseline 0 0"><span class='ocrx_word' id='word_1_291' title='bbox 1032 2485 1264 2500; x_wconf 95' lang='lat' dir='ltr'><em> </em></span> 
     </span>
    </p>
   </div>
   <div class='ocr_carea' id='block_1_8' title="bbox 330 2483 561 2499">
    <p class='ocr_par' dir='ltr' id='par_1_13' title="bbox 330 2483 561 2499">
     <span class='ocr_line' id='line_1_32' title="bbox 330 2483 561 2499; baseline 0 1569"><span class='ocrx_word' id='word_1_292' title='bbox 330 2483 561 2499; x_wconf 95' lang='lat' dir='ltr'><em> </em></span> 
     </span>
    </p>
   </div>
   <div class='ocr_carea' id='block_1_9' title="bbox 1283 2488 1517 2503">
    <p class='ocr_par' dir='ltr' id='par_1_14' title="bbox 1283 2488 1517 2503">
     <span class='ocr_line' id='line_1_33' title="bbox 1283 2488 1517 2503; baseline 0 1565"><span class='ocrx_word' id='word_1_293' title='bbox 1283 2488 1517 2503; x_wconf 95' lang='lat' dir='ltr'><em> </em></span> 
     </span>
    </p>
   </div>
   <div class='ocr_carea' id='block_1_10' title="bbox 1420 2577 2466 2747">
    <p class='ocr_par' dir='ltr' id='par_1_15' title="bbox 1420 2577 2466 2747">
     <span class='ocr_line' id='line_1_34' title="bbox 1421 2577 2464 2637; baseline -0.001 -14"><span class='ocrx_word' id='word_1_294' title='bbox 1421 2580 1594 2637; x_wconf 83' lang='lat' dir='ltr'><em>positum</em></span> <span class='ocrx_word' id='word_1_295' title='bbox 1615 2577 1899 2635; x_wconf 84' lang='lat' dir='ltr'><em>fuit‚qualiter</em></span> <span class='ocrx_word' id='word_1_296' title='bbox 1914 2578 1997 2635; x_wconf 85' lang='lat' dir='ltr'><em>ipse</em></span> <span class='ocrx_word' id='word_1_297' title='bbox 2017 2580 2235 2635; x_wconf 86' lang='lat' dir='ltr'><em>Exponens</em></span> <span class='ocrx_word' id='word_1_298' title='bbox 2250 2607 2263 2630; x_wconf 83' lang='lat'>‚</span> <span class='ocrx_word' id='word_1_299' title='bbox 2278 2578 2375 2623; x_wconf 71' lang='lat' dir='ltr'><em>aliirs</em></span> <span class='ocrx_word' id='word_1_300' title='bbox 2393 2591 2464 2622; x_wconf 80' lang='lat' dir='ltr'><em>&#39;ze-</em></span> 
     </span>
     <span class='ocr_line' id='line_1_35' title="bbox 1420 2637 2462 2693; baseline -0.003 -10"><span class='ocrx_word' id='word_1_301' title='bbox 1420 2642 1464 2683; x_wconf 91' lang='lat' dir='ltr'><em>lo</em></span> <span class='ocrx_word' id='word_1_302' title='bbox 1490 2640 1723 2681; x_wconf 85' lang='lat' dir='ltr'><em>devotionis</em></span> <span class='ocrx_word' id='word_1_303' title='bbox 1738 2637 1956 2690; x_wconf 76' lang='lat' dir='ltr'><em>accensus,</em></span> <span class='ocrx_word' id='word_1_304' title='bbox 1974 2651 2049 2693; x_wconf 88' lang='lat' dir='ltr'><em>pro</em></span> <span class='ocrx_word' id='word_1_305' title='bbox 2078 2649 2299 2693; x_wconf 85' lang='lat' dir='ltr'><em>augmento</em></span> <span class='ocrx_word' id='word_1_306' title='bbox 2321 2639 2462 2680; x_wconf 85' lang='lat' dir='ltr'><em>Divini</em></span> 
     </span>
     <span class='ocr_line' id='line_1_36' title="bbox 1426 2696 2466 2747; baseline -0.003 -5"><span class='ocrx_word' id='word_1_307' title='bbox 1426 2696 1577 2742; x_wconf 76' lang='lat' dir='ltr'><em>Cultfis</em></span> <span class='ocrx_word' id='word_1_308' title='bbox 1603 2698 1801 2740; x_wconf 85' lang='lat' dir='ltr'><em>nonnulla</em></span> <span class='ocrx_word' id='word_1_309' title='bbox 1828 2697 1932 2740; x_wconf 84' lang='lat' dir='ltr'><em>bona</em></span> <span class='ocrx_word' id='word_1_310' title='bbox 1956 2696 2107 2739; x_wconf 77' lang='lat' dir='ltr'><em>stabilia</em></span> <span class='ocrx_word' id='word_1_311' title='bbox 2130 2698 2402 2747; x_wconf 80' lang='lat' dir='ltr'><em>adhaerentia,</em></span> <span class='ocrx_word' id='word_1_312' title='bbox 2428 2699 2466 2739; x_wconf 67' lang='grc' dir='ltr'><em>ὃς</em></span> 
     </span>
    </p>
   </div>
   <div class='ocr_carea' id='block_1_11' title="bbox 448 2579 1236 2635">
    <p class='ocr_par' dir='ltr' id='par_1_16' title="bbox 448 2579 1236 2635">
     <span class='ocr_line' id='line_1_37' title="bbox 448 2579 1236 2635; baseline 0.001 -3"><span class='ocrx_word' id='word_1_313' title='bbox 448 2579 669 2632; x_wconf 62' lang='lat' dir='ltr'><em>mediato</em></span> <span class='ocrx_word' id='word_1_314' title='bbox 702 2582 832 2635; x_wconf 82' lang='lat' dir='ltr'><em>Vivae</em></span> <span class='ocrx_word' id='word_1_315' title='bbox 871 2582 996 2633; x_wconf 88' lang='lat' dir='ltr'><em>Vocis</em></span> <span class='ocrx_word' id='word_1_316' title='bbox 1024 2583 1207 2633; x_wconf 89' lang='lat' dir='ltr'><em>Oraculo</em></span> <span class='ocrx_word' id='word_1_317' title='bbox 1224 2620 1236 2633; x_wconf 93' lang='lat'><strong>.</strong></span> 
     </span>
    </p>
   </div>
   <div class='ocr_carea' id='block_1_12' title="bbox 328 2701 1367 3129">
    <p class='ocr_par' dir='ltr' id='par_1_17' title="bbox 328 2701 1367 3129">
     <span class='ocr_line' id='line_1_38' title="bbox 328 2701 1367 2771; baseline 0.004 -21"><span class='ocrx_word' id='word_1_318' title='bbox 328 2704 539 2751; x_wconf 88' lang='lat' dir='ltr'><em>Domum</em></span> <span class='ocrx_word' id='word_1_319' title='bbox 566 2704 806 2771; x_wconf 85' lang='lat' dir='ltr'><em>antiquam</em></span> <span class='ocrx_word' id='word_1_320' title='bbox 836 2701 1017 2753; x_wconf 91' lang='lat' dir='ltr'><em>Montis</em></span> <span class='ocrx_word' id='word_1_321' title='bbox 1048 2704 1233 2753; x_wconf 84' lang='lat' dir='ltr'><em>Veteris</em></span> <span class='ocrx_word' id='word_1_322' title='bbox 1259 2721 1367 2755; x_wconf 86' lang='lat' dir='ltr'><em>ven-</em></span> 
     </span>
     <span class='ocr_line' id='line_1_39' title="bbox 397 2771 1366 2843; baseline 0.005 -23"><span class='ocrx_word' id='word_1_323' title='bbox 397 2771 477 2831; x_wconf 88' lang='lat' dir='ltr'><em>di,</em></span> <span class='ocrx_word' id='word_1_324' title='bbox 513 2772 561 2825; x_wconf 72' lang='grc'><em>8(</em></span> <span class='ocrx_word' id='word_1_325' title='bbox 583 2793 637 2824; x_wconf 87' lang='lat' dir='ltr'><em>ex</em></span> <span class='ocrx_word' id='word_1_326' title='bbox 669 2777 818 2843; x_wconf 89' lang='lat' dir='ltr'><em>pretio</em></span> <span class='ocrx_word' id='word_1_327' title='bbox 846 2775 952 2825; x_wconf 77' lang='lat' dir='ltr'><em>inde</em></span> <span class='ocrx_word' id='word_1_328' title='bbox 981 2772 1194 2834; x_wconf 58' lang='lat' dir='ltr'><em>redaOEto,</em></span> <span class='ocrx_word' id='word_1_329' title='bbox 1231 2776 1366 2825; x_wconf 88' lang='lat' dir='ltr'><em>reite-</em></span> 
     </span>
     <span class='ocr_line' id='line_1_40' title="bbox 391 2842 1362 2916; baseline 0.005 -24"><span class='ocrx_word' id='word_1_330' title='bbox 391 2842 611 2913; x_wconf 87' lang='lat' dir='ltr'><em>ratisque,</em></span> <span class='ocrx_word' id='word_1_331' title='bbox 630 2850 689 2896; x_wconf 92' lang='lat' dir='ltr'><em>D.</em></span> <span class='ocrx_word' id='word_1_332' title='bbox 705 2845 913 2916; x_wconf 88' lang='lat' dir='ltr'><em>Prosperi</em></span> <span class='ocrx_word' id='word_1_333' title='bbox 932 2846 989 2896; x_wconf 88' lang='lat' dir='ltr'><em>de</em></span> <span class='ocrx_word' id='word_1_334' title='bbox 1009 2845 1273 2897; x_wconf 87' lang='lat' dir='ltr'><em>Comitibus</em></span> <span class='ocrx_word' id='word_1_335' title='bbox 1289 2864 1362 2897; x_wconf 87' lang='lat' dir='ltr'><em>ex·</em></span> 
     </span>
     <span class='ocr_line' id='line_1_41' title="bbox 393 2914 1359 2984; baseline 0.004 -20"><span class='ocrx_word' id='word_1_336' title='bbox 393 2914 538 2984; x_wconf 73' lang='lat' dir='ltr'><em>pensis</em></span> <span class='ocrx_word' id='word_1_337' title='bbox 566 2920 777 2970; x_wconf 89' lang='lat' dir='ltr'><em>Domum</em></span> <span class='ocrx_word' id='word_1_338' title='bbox 815 2935 987 2970; x_wconf 86' lang='lat' dir='ltr'><em>novam</em></span> <span class='ocrx_word' id='word_1_339' title='bbox 1026 2919 1073 2966; x_wconf 87' lang='lat' dir='ltr'><em>in</em></span> <span class='ocrx_word' id='word_1_340' title='bbox 1107 2916 1359 2968; x_wconf 84' lang='lat' dir='ltr'><em>salubriore</em></span> 
     </span>
     <span class='ocr_line' id='line_1_42' title="bbox 392 2987 1362 3052; baseline 0.005 -17"><span class='ocrx_word' id='word_1_341' title='bbox 392 2987 498 3037; x_wconf 89' lang='lat' dir='ltr'><em>Situ</em></span> <span class='ocrx_word' id='word_1_342' title='bbox 528 2989 758 3049; x_wconf 89' lang='lat' dir='ltr'><em>construi,</em></span> <span class='ocrx_word' id='word_1_343' title='bbox 794 2992 987 3042; x_wconf 88' lang='lat' dir='ltr'><em>Vicario</em></span> <span class='ocrx_word' id='word_1_344' title='bbox 1021 2991 1242 3040; x_wconf 86' lang='lat' dir='ltr'><em>Generali</em></span> <span class='ocrx_word' id='word_1_345' title='bbox 1270 2995 1362 3052; x_wconf 53' lang='lat' dir='ltr'><em>Raf</em></span> 
     </span>
     <span class='ocr_line' id='line_1_43' title="bbox 392 3059 976 3129; baseline 0.007 -21"><span class='ocrx_word' id='word_1_346' title='bbox 392 3059 603 3128; x_wconf 79' lang='lat' dir='ltr'><em>vignan&#39;ae</em></span> <span class='ocrx_word' id='word_1_347' title='bbox 629 3063 976 3129; x_wconf 80' lang='lat' dir='ltr'><em>committitur.</em></span> 
     </span>
    </p>
   </div>
   <div class='ocr_carea' id='block_1_13' title="bbox 322 3157 1363 3208">
    <p class='ocr_par' dir='ltr' id='par_1_18' title="bbox 322 3157 1363 3208">
     <span class='ocr_line' id='line_1_44' title="bbox 322 3157 1363 3208; baseline 0.009 -10"><span class='ocrx_word' id='word_1_348' title='bbox 322 3157 561 3205; x_wconf 84' lang='lat' dir='ltr'>GUIDO</span> <span class='ocrx_word' id='word_1_349' title='bbox 610 3159 982 3208; x_wconf 87' lang='lat' dir='ltr'>ASCANIUS</span> <span class='ocrx_word' id='word_1_350' title='bbox 1040 3162 1363 3207; x_wconf 86' lang='lat' dir='ltr'>SFORTIA</span> 
     </span>
    </p>
   </div>
   <div class='ocr_carea' id='block_1_14' title="bbox 323 3264 1362 3376">
    <p class='ocr_par' dir='ltr' id='par_1_19' title="bbox 323 3264 1362 3376">
     <span class='ocr_line' id='line_1_45' title="bbox 323 3264 1362 3319; baseline 0.002 -9"><span class='ocrx_word' id='word_1_351' title='bbox 323 3264 540 3313; x_wconf 77' lang='lat' dir='ltr'><em>S-Eusebii</em></span> <span class='ocrx_word' id='word_1_352' title='bbox 569 3271 780 3315; x_wconf 76' lang='lat' dir='ltr'><em>Diaconus</em></span> <span class='ocrx_word' id='word_1_353' title='bbox 796 3269 1031 3316; x_wconf 81' lang='lat' dir='ltr'><em>Cardinalis</em></span> <span class='ocrx_word' id='word_1_354' title='bbox 1066 3269 1120 3315; x_wconf 88' lang='lat' dir='ltr'><em>de</em></span> <span class='ocrx_word' id='word_1_355' title='bbox 1151 3275 1193 3317; x_wconf 84' lang='lat' dir='ltr'><em>S.</em></span> <span class='ocrx_word' id='word_1_356' title='bbox 1206 3271 1362 3319; x_wconf 75' lang='lat' dir='ltr'><em>Flora..</em></span> 
     </span>
     <span class='ocr_line' id='line_1_46' title="bbox 590 3331 1096 3376; baseline -0.004 -2"><span class='ocrx_word' id='word_1_357' title='bbox 590 3333 702 3375; x_wconf 81' lang='lat' dir='ltr'><em>s-R.</em></span> <span class='ocrx_word' id='word_1_358' title='bbox 718 3335 770 3375; x_wconf 85' lang='lat' dir='ltr'><em>E.</em></span> <span class='ocrx_word' id='word_1_359' title='bbox 800 3331 1064 3376; x_wconf 73' lang='lat' dir='ltr'><em>Camerarius</em></span> <span class='ocrx_word' id='word_1_360' title='bbox 1082 3358 1096 3372; x_wconf 86' lang='lat'><strong>.</strong></span> 
     </span>
    </p>
   </div>
   <div class='ocr_carea' id='block_1_15' title="bbox 380 3435 1299 3621">
    <p class='ocr_par' dir='ltr' id='par_1_20' title="bbox 380 3435 1299 3621">
     <span class='ocr_line' id='line_1_47' title="bbox 380 3435 1299 3500; baseline -0.002 -13"><span class='ocrx_word' id='word_1_361' title='bbox 380 3437 604 3493; x_wconf 20' lang='lat' dir='ltr'><em>*Venerabili</em></span> <span class='ocrx_word' id='word_1_362' title='bbox 637 3435 729 3487; x_wconf 79' lang='lat' dir='ltr'><em>Viro</em></span> <span class='ocrx_word' id='word_1_363' title='bbox 751 3446 808 3486; x_wconf 89' lang='lat' dir='ltr'><em>D.</em></span> <span class='ocrx_word' id='word_1_364' title='bbox 828 3442 979 3487; x_wconf 77' lang='lat' dir='ltr'><em>Vitario</em></span> <span class='ocrx_word' id='word_1_365' title='bbox 994 3438 1241 3500; x_wconf 76' lang='lat' dir='ltr'><em>Ravignanae</em></span> <span class='ocrx_word' id='word_1_366' title='bbox 1254 3443 1299 3485; x_wconf 79' lang='lat' dir='ltr'><em>in</em></span> 
     </span>
     <span class='ocr_line' id='line_1_48' title="bbox 450 3498 1238 3554; baseline 0.004 -14"><span class='ocrx_word' id='word_1_367' title='bbox 450 3498 736 3553; x_wconf 71' lang='lat' dir='ltr'><em>spiritualibus</em></span> <span class='ocrx_word' id='word_1_368' title='bbox 763 3504 952 3547; x_wconf 76' lang='lat' dir='ltr'><em>Generah·</em></span> <span class='ocrx_word' id='word_1_369' title='bbox 989 3500 1208 3545; x_wconf 81' lang='lat' dir='ltr'><em>ordinario</em></span> <span class='ocrx_word' id='word_1_370' title='bbox 1222 3531 1238 3554; x_wconf 79' lang='lat'>,</span> 
     </span>
     <span class='ocr_line' id='line_1_49' title="bbox 474 3558 1192 3621; baseline 0.007 -23"><span class='ocrx_word' id='word_1_371' title='bbox 474 3558 651 3613; x_wconf 72' lang='lat' dir='ltr'><em>sblutem</em></span> <span class='ocrx_word' id='word_1_372' title='bbox 664 3567 708 3605; x_wconf 80' lang='lat' dir='ltr'><em>in</em></span> <span class='ocrx_word' id='word_1_373' title='bbox 722 3567 890 3607; x_wconf 77' lang='lat' dir='ltr'><em>Domino</em></span> <span class='ocrx_word' id='word_1_374' title='bbox 890 3564 1192 3621; x_wconf 78' lang='lat' dir='ltr'><em>stmpiternam.</em></span> 
     </span>
    </p>
   </div>
   <div class='ocr_carea' id='block_1_16' title="bbox 313 3646 1360 3831">
    <p class='ocr_par' dir='ltr' id='par_1_21' title="bbox 313 3646 1360 3831">
     <span class='ocr_line' id='line_1_50' title="bbox 427 3646 1360 3706; baseline 0.003 -16"><span class='ocrx_word' id='word_1_375' title='bbox 427 3646 521 3689; x_wconf 83' lang='lat' dir='ltr'><em>Ro</em></span> <span class='ocrx_word' id='word_1_376' title='bbox 551 3655 668 3703; x_wconf 80' lang='lat' dir='ltr'><em>parte</em></span> <span class='ocrx_word' id='word_1_377' title='bbox 696 3654 946 3697; x_wconf 84' lang='lat' dir='ltr'><em>Illustrisiimi</em></span> <span class='ocrx_word' id='word_1_378' title='bbox 976 3653 1142 3696; x_wconf 87' lang='lat' dir='ltr'><em>Domini</em></span> <span class='ocrx_word' id='word_1_379' title='bbox 1171 3650 1360 3706; x_wconf 86' lang='lat' dir='ltr'><em>Prosperi</em></span> 
     </span>
     <span class='ocr_line' id='line_1_51' title="bbox 332 3708 1359 3767; baseline -0.006 -10"><span class='ocrx_word' id='word_1_380' title='bbox 332 3743 334 3745; x_wconf 32' lang='lat' dir='ltr'>v</span> <span class='ocrx_word' id='word_1_381' title='bbox 440 3720 490 3749; x_wconf 72' lang='lat' dir='ltr'><em>CX</em></span> <span class='ocrx_word' id='word_1_382' title='bbox 506 3708 735 3755; x_wconf 80' lang='lat' dir='ltr'><em>Comitibus</em></span> <span class='ocrx_word' id='word_1_383' title='bbox 747 3715 899 3757; x_wconf 88' lang='lat' dir='ltr'><em>Montis</em></span> <span class='ocrx_word' id='word_1_384' title='bbox 911 3711 1250 3764; x_wconf 82' lang='lat' dir='ltr'><em>Veteris‚nu11ius</em></span> <span class='ocrx_word' id='word_1_385' title='bbox 1264 3711 1359 3767; x_wconf 62' lang='lat' dir='ltr'><em>Die.</em></span> 
     </span>
     <span class='ocr_line' id='line_1_52' title="bbox 313 3764 1347 3831; baseline -0.009 -11"><span class='ocrx_word' id='word_1_386' title='bbox 313 3764 439 3819; x_wconf 63' lang='lat'><em>‘³⁸⁶⁸’</em></span> <span class='ocrx_word' id='word_1_387' title='bbox 472 3767 599 3813; x_wconf 85' lang='lat' dir='ltr'><em>Nobis</em></span> <span class='ocrx_word' id='word_1_388' title='bbox 617 3784 744 3826; x_wconf 88' lang='lat' dir='ltr'><em>nuper</em></span> <span class='ocrx_word' id='word_1_389' title='bbox 759 3773 800 3815; x_wconf 89' lang='lat' dir='ltr'><em>in</em></span> <span class='ocrx_word' id='word_1_390' title='bbox 822 3778 998 3818; x_wconf 85' lang='lat' dir='ltr'><em>Camera</em></span> <span class='ocrx_word' id='word_1_391' title='bbox 1011 3771 1246 3831; x_wconf 72' lang='lat' dir='ltr'><em>Apostolica</em></span> <span class='ocrx_word' id='word_1_392' title='bbox 1274 3783 1347 3812; x_wconf 83' lang='lat' dir='ltr'><em>ex-</em></span> 
     </span>
    </p>
   </div>
   <div class='ocr_carea' id='block_1_17' title="bbox 1416 2756 2469 3870">
    <p class='ocr_par' dir='ltr' id='par_1_22' title="bbox 1416 2756 2469 3870">
     <span class='ocr_line' id='line_1_53' title="bbox 1425 2756 2468 2802; baseline -0.003 -1"><span class='ocrx_word' id='word_1_393' title='bbox 1425 2757 1716 2802; x_wconf 80' lang='lat' dir='ltr'><em>circumvicina</em></span> <span class='ocrx_word' id='word_1_394' title='bbox 1748 2757 1876 2799; x_wconf 87' lang='lat' dir='ltr'><em>rurali</em></span> <span class='ocrx_word' id='word_1_395' title='bbox 1894 2756 2083 2799; x_wconf 84' lang='lat' dir='ltr'><em>Ecclefiae</em></span> <span class='ocrx_word' id='word_1_396' title='bbox 2098 2756 2138 2798; x_wconf 89' lang='lat' dir='ltr'><em>in</em></span> <span class='ocrx_word' id='word_1_397' title='bbox 2156 2757 2387 2799; x_wconf 89' lang='lat' dir='ltr'><em>Territorio</em></span> <span class='ocrx_word' id='word_1_398' title='bbox 2402 2756 2468 2798; x_wconf 90' lang='lat' dir='ltr'><em>di-</em></span> 
     </span>
     <span class='ocr_line' id='line_1_54' title="bbox 1422 2814 2469 2869; baseline -0.003 -9"><span class='ocrx_word' id='word_1_399' title='bbox 1422 2818 1476 2860; x_wconf 71' lang='lat' dir='ltr'><em>‹fti</em></span> <span class='ocrx_word' id='word_1_400' title='bbox 1501 2817 1584 2860; x_wconf 87' lang='lat' dir='ltr'><em>loci</em></span> <span class='ocrx_word' id='word_1_401' title='bbox 1599 2816 1754 2860; x_wconf 89' lang='lat' dir='ltr'><em>Montis</em></span> <span class='ocrx_word' id='word_1_402' title='bbox 1772 2817 1940 2858; x_wconf 86' lang='lat' dir='ltr'><em>Veteris</em></span> <span class='ocrx_word' id='word_1_403' title='bbox 1959 2842 1973 2864; x_wconf 67' lang='lat' dir='ltr'><em>a</em></span> <span class='ocrx_word' id='word_1_404' title='bbox 1995 2829 2101 2857; x_wconf 89' lang='lat' dir='ltr'><em>nunc</em></span> <span class='ocrx_word' id='word_1_405' title='bbox 2118 2814 2346 2869; x_wconf 71' lang='lat' dir='ltr'><em>vulgariter</em></span> <span class='ocrx_word' id='word_1_406' title='bbox 2361 2830 2469 2858; x_wconf 88' lang='lat' dir='ltr'><em>nun-</em></span> 
     </span>
     <span class='ocr_line' id='line_1_55' title="bbox 1419 2874 2464 2934; baseline -0.002 -15"><span class='ocrx_word' id='word_1_407' title='bbox 1419 2886 1575 2934; x_wconf 85' lang='lat' dir='ltr'><em>cupatae</em></span> <span class='ocrx_word' id='word_1_408' title='bbox 1602 2880 1820 2919; x_wconf 76' lang='lat' dir='ltr'><em>Conventus</em></span> <span class='ocrx_word' id='word_1_409' title='bbox 1833 2905 1849 2926; x_wconf 86' lang='lat'>,</span> <span class='ocrx_word' id='word_1_410' title='bbox 1883 2875 1932 2923; x_wconf 58' lang='grc' dir='ltr'><em>ἐς</em></span> <span class='ocrx_word' id='word_1_411' title='bbox 1951 2874 2115 2931; x_wconf 63' lang='grc' dir='ltr'><em>Εετίψὶι</em></span> <span class='ocrx_word' id='word_1_412' title='bbox 2140 2878 2429 2931; x_wconf 84' lang='lat' dir='ltr'><em>Capucinorum</em></span> <span class='ocrx_word' id='word_1_413' title='bbox 2448 2902 2464 2927; x_wconf 86' lang='lat'>,</span> 
     </span>
     <span class='ocr_line' id='line_1_56' title="bbox 1422 2934 2464 2994; baseline -0.003 -15"><span class='ocrx_word' id='word_1_414' title='bbox 1422 2951 1500 2994; x_wconf 83' lang='lat' dir='ltr'><em>pro</em></span> <span class='ocrx_word' id='word_1_415' title='bbox 1518 2935 1813 2978; x_wconf 61' lang='lat' dir='ltr'><em>construetione</em></span> <span class='ocrx_word' id='word_1_416' title='bbox 1827 2934 2044 2977; x_wconf 81' lang='lat' dir='ltr'><em>Cellarum</em></span> <span class='ocrx_word' id='word_1_417' title='bbox 2058 2963 2071 2986; x_wconf 81' lang='lat'>‚</span> <span class='ocrx_word' id='word_1_418' title='bbox 2102 2935 2142 2975; x_wconf 88' lang='lat'>&amp;</span> <span class='ocrx_word' id='word_1_419' title='bbox 2158 2934 2372 2977; x_wconf 87' lang='lat' dir='ltr'><em>commoda</em></span> <span class='ocrx_word' id='word_1_420' title='bbox 2391 2936 2464 2977; x_wconf 74' lang='lat' dir='ltr'><em>ha·</em></span> 
     </span>
     <span class='ocr_line' id='line_1_57' title="bbox 1421 2993 2466 3050; baseline -0.006 -11"><span class='ocrx_word' id='word_1_421' title='bbox 1421 2997 1624 3041; x_wconf 81' lang='lat' dir='ltr'><em>bitatione</em></span> <span class='ocrx_word' id='word_1_422' title='bbox 1645 2995 1844 3038; x_wconf 64' lang='lat' dir='ltr'><em>dietorum</em></span> <span class='ocrx_word' id='word_1_423' title='bbox 1862 2995 2049 3046; x_wconf 79' lang='lat' dir='ltr'><em>Fratrum</em></span> <span class='ocrx_word' id='word_1_424' title='bbox 2065 2993 2466 3050; x_wconf 87' lang='lat' dir='ltr'><em>Capucinorum,ibi-</em></span> 
     </span>
     <span class='ocr_line' id='line_1_58' title="bbox 1425 3052 2468 3113; baseline -0.008 -13"><span class='ocrx_word' id='word_1_425' title='bbox 1425 3056 1521 3100; x_wconf 87' lang='lat' dir='ltr'><em>dem</em></span> <span class='ocrx_word' id='word_1_426' title='bbox 1538 3070 1612 3113; x_wconf 90' lang='lat' dir='ltr'><em>pro</em></span> <span class='ocrx_word' id='word_1_427' title='bbox 1628 3063 1816 3112; x_wconf 86' lang='lat' dir='ltr'><em>tempore</em></span> <span class='ocrx_word' id='word_1_428' title='bbox 1829 3052 2087 3097; x_wconf 85' lang='lat' dir='ltr'><em>refidentium</em></span> <span class='ocrx_word' id='word_1_429' title='bbox 2104 3082 2118 3105; x_wconf 81' lang='lat'><strong>‚</strong></span> <span class='ocrx_word' id='word_1_430' title='bbox 2137 3053 2191 3097; x_wconf 90' lang='lat' dir='ltr'><em>de</em></span> <span class='ocrx_word' id='word_1_431' title='bbox 2207 3052 2377 3108; x_wconf 85' lang='lat' dir='ltr'><em>propriis</em></span> <span class='ocrx_word' id='word_1_432' title='bbox 2395 3065 2468 3107; x_wconf 86' lang='lat' dir='ltr'><em>pe·</em></span> 
     </span>
     <span class='ocr_line' id='line_1_59' title="bbox 1425 3110 2464 3170; baseline -0.007 -12"><span class='ocrx_word' id='word_1_433' title='bbox 1425 3116 1554 3160; x_wconf 88' lang='lat' dir='ltr'><em>cuniis</em></span> <span class='ocrx_word' id='word_1_434' title='bbox 1570 3115 1672 3158; x_wconf 88' lang='lat' dir='ltr'><em>emit</em></span> <span class='ocrx_word' id='word_1_435' title='bbox 1687 3143 1702 3166; x_wconf 79' lang='lat'><strong>,</strong></span> <span class='ocrx_word' id='word_1_436' title='bbox 1734 3116 1773 3157; x_wconf 85' lang='lat'>&amp;</span> <span class='ocrx_word' id='word_1_437' title='bbox 1796 3128 1871 3170; x_wconf 87' lang='lat' dir='ltr'><em>pro</em></span> <span class='ocrx_word' id='word_1_438' title='bbox 1896 3112 2038 3156; x_wconf 64' lang='lat' dir='ltr'><em>effestu</em></span> <span class='ocrx_word' id='word_1_439' title='bbox 2055 3113 2247 3170; x_wconf 67' lang='lat' dir='ltr'><em>praedisto</em></span> <span class='ocrx_word' id='word_1_440' title='bbox 2260 3111 2364 3153; x_wconf 90' lang='lat' dir='ltr'><em>bona</em></span> <span class='ocrx_word' id='word_1_441' title='bbox 2380 3110 2464 3166; x_wconf 80' lang='lat' dir='ltr'><em>ipsa</em></span> 
     </span>
     <span class='ocr_line' id='line_1_60' title="bbox 1424 3169 2464 3230; baseline -0.009 -10"><span class='ocrx_word' id='word_1_442' title='bbox 1424 3176 1538 3221; x_wconf 66' lang='lat' dir='ltr'><em>dietae</em></span> <span class='ocrx_word' id='word_1_443' title='bbox 1565 3172 1753 3218; x_wconf 83' lang='lat' dir='ltr'><em>Ecclefiae</em></span> <span class='ocrx_word' id='word_1_444' title='bbox 1779 3172 2002 3230; x_wconf 86' lang='lat' dir='ltr'><em>applicavit</em></span> <span class='ocrx_word' id='word_1_445' title='bbox 2023 3203 2039 3224; x_wconf 93' lang='lat'>‚</span> <span class='ocrx_word' id='word_1_446' title='bbox 2077 3175 2118 3215; x_wconf 77' lang='grc' dir='ltr'><em>δι</em></span> <span class='ocrx_word' id='word_1_447' title='bbox 2147 3171 2310 3214; x_wconf 87' lang='lat' dir='ltr'><em>demum</em></span> <span class='ocrx_word' id='word_1_448' title='bbox 2341 3169 2464 3212; x_wconf 84' lang='lat' dir='ltr'><em>etiam</em></span> 
     </span>
     <span class='ocr_line' id='line_1_61' title="bbox 1425 3227 2463 3291; baseline -0.009 -13"><span class='ocrx_word' id='word_1_449' title='bbox 1425 3235 1649 3291; x_wconf 88' lang='lat' dir='ltr'><em>sumptibus</em></span> <span class='ocrx_word' id='word_1_450' title='bbox 1674 3233 1748 3275; x_wconf 82' lang='lat' dir='ltr'><em>suis</em></span> <span class='ocrx_word' id='word_1_451' title='bbox 1773 3232 1947 3289; x_wconf 84' lang='lat' dir='ltr'><em>propriis</em></span> <span class='ocrx_word' id='word_1_452' title='bbox 1962 3231 2196 3288; x_wconf 65' lang='lat' dir='ltr'><em>praedictum</em></span> <span class='ocrx_word' id='word_1_453' title='bbox 2217 3227 2463 3273; x_wconf 82' lang='lat' dir='ltr'><em>defiderium</em></span> 
     </span>
     <span class='ocr_line' id='line_1_62' title="bbox 1424 3285 2462 3346; baseline -0.008 -9"><span class='ocrx_word' id='word_1_454' title='bbox 1424 3294 1539 3339; x_wconf 90' lang='lat' dir='ltr'><em>suum</em></span> <span class='ocrx_word' id='word_1_455' title='bbox 1569 3293 1799 3337; x_wconf 63' lang='lat' dir='ltr'><em>effeetuavit</em></span> <span class='ocrx_word' id='word_1_456' title='bbox 1820 3320 1834 3344; x_wconf 87' lang='lat'><strong>,</strong></span> <span class='ocrx_word' id='word_1_457' title='bbox 1862 3290 2056 3335; x_wconf 86' lang='lat' dir='ltr'><em>fabricam</em></span> <span class='ocrx_word' id='word_1_458' title='bbox 2082 3289 2252 3346; x_wconf 86' lang='lat' dir='ltr'><em>desuper</em></span> <span class='ocrx_word' id='word_1_459' title='bbox 2282 3285 2462 3330; x_wconf 56' lang='lat' dir='ltr'><em>necessa«</em></span> 
     </span>
     <span class='ocr_line' id='line_1_63' title="bbox 1423 3345 2460 3410; baseline -0.01 -12"><span class='ocrx_word' id='word_1_460' title='bbox 1423 3354 1528 3398; x_wconf 76' lang='lat' dir='ltr'><em>riam</em></span> <span class='ocrx_word' id='word_1_461' title='bbox 1555 3367 1634 3410; x_wconf 84' lang='lat' dir='ltr'><em>pro</em></span> <span class='ocrx_word' id='word_1_462' title='bbox 1648 3351 1723 3395; x_wconf 86' lang='lat' dir='ltr'><em>suis</em></span> <span class='ocrx_word' id='word_1_463' title='bbox 1747 3352 1898 3394; x_wconf 82' lang='lat' dir='ltr'><em>viribus</em></span> <span class='ocrx_word' id='word_1_464' title='bbox 1923 3352 2179 3397; x_wconf 79' lang='lat' dir='ltr'><em>construens.</em></span> <span class='ocrx_word' id='word_1_465' title='bbox 2206 3349 2258 3390; x_wconf 87' lang='lat' dir='ltr'><em>Et</em></span> <span class='ocrx_word' id='word_1_466' title='bbox 2275 3345 2373 3389; x_wconf 85' lang='lat' dir='ltr'><em>ficut</em></span> <span class='ocrx_word' id='word_1_467' title='bbox 2389 3361 2460 3389; x_wconf 88' lang='lat' dir='ltr'><em>ea-</em></span> 
     </span>
     <span class='ocr_line' id='line_1_64' title="bbox 1418 3410 2462 3469; baseline -0.01 -11"><span class='ocrx_word' id='word_1_468' title='bbox 1418 3413 1517 3458; x_wconf 89' lang='lat' dir='ltr'><em>dem</em></span> <span class='ocrx_word' id='word_1_469' title='bbox 1545 3411 1744 3469; x_wconf 83' lang='lat' dir='ltr'><em>expofitio</em></span> <span class='ocrx_word' id='word_1_470' title='bbox 1771 3410 2071 3468; x_wconf 87' lang='lat' dir='ltr'><em>subjungebat,</em></span> <span class='ocrx_word' id='word_1_471' title='bbox 2098 3419 2287 3462; x_wconf 88' lang='lat' dir='ltr'><em>tempore</em></span> <span class='ocrx_word' id='word_1_472' title='bbox 2316 3420 2462 3461; x_wconf 87' lang='lat' dir='ltr'><em>proce-</em></span> 
     </span>
     <span class='ocr_line' id='line_1_65' title="bbox 1416 3465 2467 3528; baseline -0.011 -10"><span class='ocrx_word' id='word_1_473' title='bbox 1416 3473 1546 3518; x_wconf 85' lang='lat' dir='ltr'><em>dente</em></span> <span class='ocrx_word' id='word_1_474' title='bbox 1571 3480 1827 3528; x_wconf 87' lang='lat' dir='ltr'><em>compertum</em></span> <span class='ocrx_word' id='word_1_475' title='bbox 1855 3470 1938 3522; x_wconf 84' lang='lat' dir='ltr'><em>est,</em></span> <span class='ocrx_word' id='word_1_476' title='bbox 1967 3468 2075 3526; x_wconf 91' lang='lat' dir='ltr'><em>quod</em></span> <span class='ocrx_word' id='word_1_477' title='bbox 2093 3477 2263 3523; x_wconf 85' lang='lat' dir='ltr'><em>propter</em></span> <span class='ocrx_word' id='word_1_478' title='bbox 2283 3465 2467 3508; x_wconf 78' lang='lat' dir='ltr'><em>humidi-·</em></span> 
     </span>
     <span class='ocr_line' id='line_1_66' title="bbox 1422 3524 2462 3583; baseline -0.009 -6"><span class='ocrx_word' id='word_1_479' title='bbox 1422 3542 1556 3577; x_wconf 81' lang='lat' dir='ltr'><em>tatem</em></span> <span class='ocrx_word' id='word_1_480' title='bbox 1572 3531 1663 3575; x_wconf 70' lang='lat' dir='ltr'><em>finis</em></span> <span class='ocrx_word' id='word_1_481' title='bbox 1677 3558 1692 3580; x_wconf 78' lang='lat'>,</span> <span class='ocrx_word' id='word_1_482' title='bbox 1722 3530 1877 3575; x_wconf 85' lang='lat' dir='ltr'><em>&amp;aeris</em></span> <span class='ocrx_word' id='word_1_483' title='bbox 1894 3527 2179 3583; x_wconf 87' lang='lat' dir='ltr'><em>intemperiem</em></span> <span class='ocrx_word' id='word_1_484' title='bbox 2194 3524 2343 3568; x_wconf 88' lang='lat' dir='ltr'><em>ibidem</em></span> <span class='ocrx_word' id='word_1_485' title='bbox 2363 3528 2462 3569; x_wconf 85' lang='lat' dir='ltr'><em>Fra-</em></span> 
     </span>
     <span class='ocr_line' id='line_1_67' title="bbox 1421 3583 2463 3652; baseline -0.009 -16"><span class='ocrx_word' id='word_1_486' title='bbox 1421 3602 1508 3636; x_wconf 87' lang='lat' dir='ltr'><em>tres</em></span> <span class='ocrx_word' id='word_1_487' title='bbox 1537 3592 1604 3652; x_wconf 80' lang='lat' dir='ltr'><em>ipsr</em></span> <span class='ocrx_word' id='word_1_488' title='bbox 1633 3590 1834 3636; x_wconf 82' lang='lat' dir='ltr'><em>Altiffimo</em></span> <span class='ocrx_word' id='word_1_489' title='bbox 1859 3586 2044 3631; x_wconf 82' lang='lat' dir='ltr'><em>famulari</em></span> <span class='ocrx_word' id='word_1_490' title='bbox 2072 3583 2362 3637; x_wconf 72' lang='lat' dir='ltr'><em>intendentes,</em></span> <span class='ocrx_word' id='word_1_491' title='bbox 2395 3584 2463 3627; x_wconf 90' lang='lat' dir='ltr'><em>di-</em></span> 
     </span>
     <span class='ocr_line' id='line_1_68' title="bbox 1423 3645 2465 3703; baseline -0.012 -7"><span class='ocrx_word' id='word_1_492' title='bbox 1423 3650 1548 3696; x_wconf 87' lang='lat' dir='ltr'><em>verlis</em></span> <span class='ocrx_word' id='word_1_493' title='bbox 1577 3648 1876 3694; x_wconf 81' lang='lat' dir='ltr'><em>infirmitatibus</em></span> <span class='ocrx_word' id='word_1_494' title='bbox 1904 3657 2122 3703; x_wconf 86' lang='lat' dir='ltr'><em>propterea</em></span> <span class='ocrx_word' id='word_1_495' title='bbox 2153 3645 2354 3703; x_wconf 81' lang='lat' dir='ltr'><em>oppreffi,</em></span> <span class='ocrx_word' id='word_1_496' title='bbox 2384 3647 2465 3689; x_wconf 69' lang='lat' dir='ltr'><em>Di.-</em></span> 
     </span>
     <span class='ocr_line' id='line_1_69' title="bbox 1424 3705 2459 3762; baseline -0.005 -7"><span class='ocrx_word' id='word_1_497' title='bbox 1424 3714 1565 3755; x_wconf 87' lang='lat' dir='ltr'><em>vinum</em></span> <span class='ocrx_word' id='word_1_498' title='bbox 1592 3710 1802 3753; x_wconf 88' lang='lat' dir='ltr'><em>servitium</em></span> <span class='ocrx_word' id='word_1_499' title='bbox 1828 3706 2042 3752; x_wconf 84' lang='lat' dir='ltr'><em>retardare</em></span> <span class='ocrx_word' id='word_1_500' title='bbox 2067 3705 2202 3761; x_wconf 82' lang='lat' dir='ltr'><em>saepius</em></span> <span class='ocrx_word' id='word_1_501' title='bbox 2226 3717 2459 3762; x_wconf 78' lang='lat' dir='ltr'><em>coguntur,</em></span> 
     </span>
     <span class='ocr_line' id='line_1_70' title="bbox 1418 3766 2459 3867; baseline -0.005 -50"><span class='ocrx_word' id='word_1_502' title='bbox 1418 3773 1458 3815; x_wconf 74' lang='grc' dir='ltr'><em>δι</em></span> <span class='ocrx_word' id='word_1_503' title='bbox 1486 3786 1567 3815; x_wconf 91' lang='lat' dir='ltr'><em>non</em></span> <span class='ocrx_word' id='word_1_504' title='bbox 1592 3770 1676 3816; x_wconf 82' lang='lat' dir='ltr'><em>line</em></span> <span class='ocrx_word' id='word_1_505' title='bbox 1708 3770 1799 3813; x_wconf 81' lang='lat' dir='ltr'><em>vitae</em></span> <span class='ocrx_word' id='word_1_506' title='bbox 1830 3780 1970 3811; x_wconf 87' lang='lat' dir='ltr'><em>eorum</em></span> <span class='ocrx_word' id='word_1_507' title='bbox 1988 3766 2177 3825; x_wconf 78' lang='lat' dir='ltr'><em>periculo</em></span> <span class='ocrx_word' id='word_1_508' title='bbox 2203 3768 2357 3867; x_wconf 67' lang='lat' dir='ltr'><em>ibidefm</em></span> <span class='ocrx_word' id='word_1_509' title='bbox 2385 3769 2459 3812; x_wconf 67' lang='lat' dir='ltr'><em>iu,</em></span> 
     </span>
     <span class='ocr_line' id='line_1_71' title="bbox 2322 3838 2407 3870; baseline 0 0"><span class='ocrx_word' id='word_1_510' title='bbox 2322 3838 2407 3870; x_wconf 66' lang='lat' dir='ltr'>Utu-</span> 
     </span>
    </p>
   </div>
  </div>
 </body>
</html>
