2710 4108
951 216 1743 336 Mediolanenfis.

279 339 510 385 OEcclcliani
525 341 657 382 Beate
667 329 1040 386 unioepraedictam
1056 348 1134 375 non
1148 335 1323 378 accede·

290 414 339 443 re
351 429 365 452 ,
395 393 653 450 Medicosqne
668 387 782 445 ipsius
802 390 996 432 Civitatis
1013 418 1028 441 ‚
1058 402 1226 445 propter
1253 393 1318 434 ni-

292 460 413 503 mium
425 457 607 512 11⁸0oeoe
618 479 634 502 ,
643 450 686 491 dt
697 448 849 503 pluvias
860 474 876 499 ,
888 446 1046 503 aliaque
1059 447 1317 495 incommoda

289 518 515 564 fratribus,
531 507 700 555 adversa
717 506 951 552 valetudine
961 506 1112 550 affectis
1126 533 1141 556 ,
1160 506 1316 552 succur-

288 589 386 620 rere
399 601 418 626 ‚
437 570 658 626 debitaque
673 567 839 611 subfidia
850 566 1092 610 charitativa
1107 566 1221 608 dieiae
1238 570 1323 610 Do-

284 639 622 739 :23:2552’5122:
635 623 1322 741 sfizsstssiitzf,⁶i‚ifl³33?;'lssss

286 748 511 795 Eccleliam
525 746 673 789 Sanetae
697 745 844 788 Crucis
870 757 966 787 cuin
991 743 1285 786 suisDomibus
1301 769 1318 796 ,

285 806 492 852 viridariis
508 833 523 856 ,
545 806 583 847 Gt
598 802 879 860 pei-tinentiis,
906 816 982 860 pro
993 800 1199 846 dictorum
1217 803 1313 845 Fra·

284 877 393 910 trum
408 865 660 908 habitatione
671 890 687 914 ‚
699 875 856 904 necnon
871 862 989 904 unius
1007 862 1163 904 Domus
1175 862 1315 904 secun-

285 925 343 969 do
366 922 642 966 diRiOrdinis
655 919 972 969 construetione,
998 920 1038 961 δι
1062 922 1312 965 erectione..

286 986 541 1029 commodam
550 980 722 1023 existere
736 1007 751 1030 ,
773 980 950 1022 Dilectus
979 977 1127 1028 Filios,
1145 978 1312 1023 Paulum

285 1041 553 1091 Galeratum,
572 1041 614 1082 δι
641 1035 889 1082 Franciscum
915 1036 1169 1098 Feruatiim',
1189 1038 1314 1082 Cives

286 1101 509 1145 Novarien.
524 1097 574 1142 ad
589 1095 845 1147 tractandum
865 1110 958 1138 cum
971 1096 1079 1138 dicto
1092 1096 1314 1153 Augustino

285 1157 404 1217 super
417 1158 527 1201 dicta
544 1155 722 1200 Eccleiia
737 1158 892 1209 Sancte
908 1156 1056 1198 Crucis
1071 1185 1087 1207 ,
1102 1156 1212 1199 illius
1226 1157 1313 1197 Do-

287 1231 401 1266 mos‚
443 1215 630 1260 viridaria
645 1241 660 1264 ,
685 1215 722 1255 δι
753 1212 1052 1269 dependentia
1073 1241 1088 1264 ,
1129 1211 1311 1268 expenfis

284 1274 393 1378 1252:
395 1276 702 1376 ‘2223'822'312
723 1270 1314 1388 ‘3153‘5352332‘33325321

283 1391 564 1437 commodandi
577 1390 867 1434 constituerant
877 1417 892 1440 ,
917 1389 1067 1447 iplique
1080 1390 1228 1435 Paulus
1242 1418 1258 1441 ,
1271 1391 1313 1432 δι

284 1450 521 1496 franciscus
535 1478 551 1503 ,
575 1462 667 1494 cum
685 1451 916 1492 interventu
930 1450 1190 1494 Venerabilis
1212 1451 1308 1493 Fra·

285 1511 362 1554 tris
378 1510 512 1554 Nostri
527 1508 690 1554 Caeliiris
703 1508 825 1560 ,olim
841 1510 1067 1552 Novarien.
1081 1523 1184 1553 nune
1200 1513 1310 1552 Cre-

287 1582 452 1613 monen.
469 1567 678 1624 Episcopi,
705 1581 796 1609 cum
812 1567 959 1610 eodem
973 1569 1196 1624 Augustino
1210 1597 1224 1619 ‚
1238 1566 1306 1610 sub

289 1628 442 1674 Nostro
453 1656 467 1678 ‚
476 1629 518 1670 δι
528 1626 642 1670 Sedis
654 1625 894 1682 Apostolicae
912 1628 1173 1683 beneplacito
1184 1628 1312 1671 deve·

289 1697 435 1730 nerant
449 1686 499 1730 ad
514 1684 841 1737 transactionem,
858 1685 1053 1729 videlicet
1068 1715 1083 1739 ,
1104 1679 1210 1743 quod
1231 1690 1313 1728 Au-

288 1745 463 1802 gustinus
477 1743 702 1802 praedictam
720 1744 896 1786 Ecclesia
906 1757 945 1784 m
962 1749 1117 1788 Sanctae
1132 1747 1284 1787 Crucis
1298 1769 1314 1792 ‚

289 1818 383 1846 cum
396 1805 580 1847 domibus
593 1832 607 1856 ,
637 1801 834 1846 viridariis
849 1830 862 1850 ‚
900 1804 1090 1846 membris
1105 1834 1120 1855 ,
1151 1805 1190 1845 &
1221 1817 1315 1858 pei·-

287 1863 470 1906 tinentiis
486 1863 561 1906 suis
577 1864 613 1905 in
628 1862 744 1905 dictis
759 1863 935 1905 manibus
951 1864 1096 1906 noliris
1114 1862 1319 1918 resignare

289 1921 494 1973 deberet,
528 1921 577 1965 ad
595 1919 807 1973 effectum,
833 1931 879 1964 ut
903 1921 971 1964 illa
988 1950 1003 1973 ‚
1029 1937 1118 1964 cum
1149 1921 1317 1964 annexis

287 1979 548 2039 hujusmodi,
564 1980 672 2022 dieto
685 1979 830 2023 Ordini
843 1995 918 2037 pro
936 1979 1001 2023 usu
1014 2007 1029 2029 ‚
1051 1983 1092 2023 δι
1108 1981 1323 2023 habitatio·

287 2053 340 2084 ne
364 2039 616 2082 nile-ciorum
658 2038 853 2082 Filiorum
882 2040 1105 2085 Guardiani
1122 2068 1136 2092 ,
1166 2041 1205 2081 δι
1236 2041 1323 2081 Fra.

290 2094 400 2141 t'rum
413 2098 716 2154 Capucinorum
734 2096 958 2155 hujusmodi
977 2113 1049 2154 per
1073 2102 1158 2142 Nos
1174 2112 1325 2141 conce-

289 2155 463 2199 deretur
478 2185 490 2197 .
521 2155 670 2199 Paulus
699 2158 826 2204 vero,
854 2158 895 2199 &
924 2156 1150 2200 Franciscus
1184 2157 1326 2212 praedi-

289 2216 362 2266 sti,
377 2228 535 2257 necnon
554 2214 699 2256 Dileeii
717 2214 805 2256 Filii
815 2216 991 2269 Joannes
1006 2217 1179 2270 Baptista
1196 2218 1326 2264 Geta,

287 2273 511 2328 &Joanncs
540 2270 771 2316 Franciscus
797 2274 922 2316 Porta
938 2302 954 2324 ,
979 2275 1020 2315 δι
1034 2277 1179 2316 Petrus
1199 2275 1329 2316 Fran·-

288 2331 416 2374 ciscus
428 2332 664 2375 Scrinantes
677 2359 692 2382 ‚
704 2330 830 2372 etiam
840 2331 967 2374 Cives
981 2331 1094 2375 dietae
1107 2332 1299 2376 Civitatis
1311 2360 1326 2384 ,

290 2389 361 2440 se,
389 2392 430 2432 δι
455 2385 710 2432 Succeffores
732 2389 848 2438 suos,
875 2404 922 2432 ac
958 2390 1022 2434 sua
1039 2420 1052 2443 ,
1081 2393 1122 2433 &
1143 2404 1327 2434 eorum-2

292 2450 397 2491 bona
417 2448 549 2494 valide
560 2447 790 2504 obligarunt
805 2447 856 2491 ad
876 2446 1114 2493 solvendum
1131 2449 1325 2497 praedicto

287 2506 517 2563 Augustino
530 2536 546 2558 ,
568 2505 702 2563 quoad
714 2501 871 2549 viveret
887 2536 903 2560 ,
921 2519 990 2551 aut
1019 2508 1105 2566 ejus
1131 2508 1325 2564 legitimis

290 2566 629 2616 Procuratoribus
644 2595 659 2616 ,
680 2565 841 2621 lingulis
853 2569 967 2609 annis
983 2567 1171 2609 summam
1184 2570 1323 2610 octua-

291 2624 404 2681 ginta
430 2623 633 2667 scutorum
655 2626 741 2666 auti
768 2623 894 2667 Italiae
905 2653 919 2677 ,
951 2624 1020 2668 seu
1048 2639 1191 2668 eorum
1212 2626 1323 2668 valo-

292 2696 382 2725 rem
395 2708 410 2730 ‚
440 2682 489 2725 ad
508 2683 705 2726 rationem
728 2681 792 2725 fex
821 2683 1017 2727 librarum
1048 2683 1323 2739 Imperialium

293 2755 370 2800 pro
383 2741 568 2797 quolibet
583 2742 695 2784 scuto
707 2740 931 2799 hujuiinodi
945 2743 983 2785 in
998 2743 1166 2798 pecunia
1184 2754 1324 2788 nume-

295 2811 382 2842 rata
394 2828 409 2851 ,
434 2799 526 2842 loco
543 2798 738 2855 peufionis
753 2815 891 2844 annua:
904 2827 920 2850 ,
946 2801 1100 2844 scilicet
1126 2801 1321 2844 medieta-

294 2870 379 2901 tem
394 2857 506 2899 dieue
520 2857 737 2901 summaede
752 2857 928 2904 semestri
947 2859 984 2901 in
1008 2858 1213 2908 semestri,
1244 2859 1320 2902 du·

293 2926 415 2961 rante
435 2916 515 2958 vita
531 2916 646 2972 iplius
663 2918 867 2972 Augustini
883 2921 1036 2961 tantum
1051 2947 1068 2969 ,
1092 2920 1129 2960 &
1151 2931 1231 2959 non
1260 2916 1323 2959 ul·

294 2988 357 3021 tra
371 3003 386 3026 ,
415 2974 454 3016 in
470 2974 653 3027 Ciuitate
667 2977 893 3027 Novarien.
906 2990 998 3017 cum
1011 2977 1195 3019 omnibus
1208 2974 1322 3018 dam-

294 3037 353 3079 nis
366 3059 381 3082 ,
414 3030 598 3076 interesse
611 3061 627 3084 ,
651 3033 888 3089 &expensis
910 3033 1021 3089 pissis
1035 3064 1050 3086 ,
1066 3036 1107 3077 δι
1122 3032 1323 3091 pariendis

296 3095 337 3138 in
364 3089 453 3135 casu
472 3091 758 3135 retardationis
783 3090 992 3136 solutionis
1018 3093 1198 3149 ejusdem
1221 3089 1326 3135 sum·

296 3165 394 3202 ωε,
426 3150 481 3193 de
505 3149 684 3194 termino
715 3152 753 3194 in
780 3150 999 3193 terminum
1013 3179 1026 3202 ,
1056 3162 1144 3193 tota
1161 3159 1329 3195 autem...

296 3209 447 3255 summa
467 3208 664 3264 pensionis
680 3222 817 3252 annuae
832 3208 1082 3267 hujusmodi,
1109 3208 1177 3251 sub
1205 3211 1329 3252 certis

298 3267 450 3321 niodo,
474 3265 683 3318 deforma,
704 3269 829 3312 etiam
858 3278 957 3312 tunc
983 3267 1172 3324 expreisis
1189 3295 1204 3319 ,
1226 3267 1331 3316 libe-

298 3343 342 3373 ra
355 3353 371 3377 2
405 3326 616 3378 immunis,
650 3328 687 3368 &
718 3337 906 3382 exempta
942 3323 1040 3368 esset
1055 3355 1070 3379 ,
1098 3341 1189 3370 cum
1219 3329 1331 3382 picto

295 3385 438 3436 etiam,
450 3384 558 3442 quod
574 3385 667 3427 dieti
682 3386 849 3440 obligati
862 3394 1106 3429 tenerentur
1119 3400 1171 3428 ex
1185 3399 1331 3431 eorum

297 3443 413 3488 bonis
437 3441 729 3487 subministrare
746 3442 935 3499 expensas
964 3443 1002 3484 in
1028 3444 1328 3499 expeditione)

296 3503 505 3547 literarum
531 3503 858 3558 Apostolicarum
876 3498 1114 3544 necessarias
1129 3530 1144 3553 ,
1171 3516 1327 3545 necnon

298 3573 520 3620 procurare
532 3590 546 3612 ,
561 3557 752 3605 &facere
767 3577 855 3606 cum
872 3560 1012 3604 effectu
1029 3589 1042 3611 ,
1058 3560 1166 3611 quod
1186 3560 1330 3603 Dilessi

300 3618 390 3673 Filii
417 3619 631 3664 scholares
664 3619 918 3675 Distiplinati
971 3617 1332 3662 Constaternitatis

300 3673 524 3729 Crucifixi,
546 3677 588 3721 in
600 3679 745 3722 dietam
765 3678 982 3722 Ecclefiam
1012 3679 1157 3721 saneta
1182 3678 1333 3721 Crucis

302 3733 552 3791 introducti,
573 3737 773 3780 cederent
788 3752 879 3780 cum
896 3736 1037 3779 effectu
1054 3765 1067 3788 ‚
1093 3734 1239 3791 absque
1255 3735 1333 3778 alia

302 3794 479 3842 molestia
491 3822 506 3847 ,
522 3794 586 3845 vcl
596 3795 773 3853 impensa
787 3795 970 3853 ejusdem
984 3795 1194 3858 Augustini
1204 3794 1334 3838 omni·

1381 341 1455 382 bus
1473 337 1622 379 ‘uribus
1639 339 1741 389 iiiia,
1766 335 2061 394 ita&taliter,
2089 257 2407 399 qqualio9i'22'

1377 352 1587 439 conserret
1600 423 1617 447 ,
1628 395 1852 439 relevando
1866 396 2103 440 indemnem
2122 402 2247 456 ipsum
2266 408 2409 457 Augu-

1367 456 1522 501 ,ssinum
1534 455 1585 496 ab
1596 455 1703 495 omni
1721 454 1794 496 lite
1807 483 1821 505 ‚
1833 456 1873 496 δι
1887 455 2064 497 molellia
2077 485 2092 507 ,
2105 461 2172 500 libi
2189 475 2407 516 propterea

1374 511 1685 568 quomodolibet
1699 511 1899 555 movenda
1911 536 1926 559 s
1938 514 1979 555 δι
1990 513 2105 564 alias,
2118 530 2234 570 prout
2248 521 2286 559 in
2299 522 2406 562 dieta

1383 568 1650 612 transactione
1662 594 1677 617 ,
1700 583 1746 612 ac
1764 570 1926 625 publico
1948 569 2122 627 desuper
2137 573 2324 618 confecto
2339 581 2409 619 ln.

1378 629 1603 670 strumento
1619 627 1777 682 plenius
1791 629 1942 672 dicitur
1957 631 2155 674 contineri
2171 661 2183 673 .

1434 689 1520 727 Nos
1533 714 1548 737 ,
1562 686 1806 729 eorumdem
1820 687 2029 743 Augustini
2042 713 2057 735 ‚
2076 691 2188 733 Pauli
2200 719 2217 741 ,
2232 689 2272 731 δι
2287 693 2410 735 Fran-

1371 742 1465 787 cisci
1483 742 1845 799 supplicationibus
1872 747 1911 788 iri
1928 759 1975 788 ea
1992 759 2106 802 parte
2124 760 2219 791 tunc
2238 750 2410 792 inclina·

1373 804 1434 854 ti,
1466 800 1712 845 Discretioni
1740 804 1836 846 Tuae
1858 817 1933 860 per
1958 804 2059 847 alias
2084 807 2248 850 Nostras
2271 807 2409 852 literas

1373 860 1558 903 dedimus
1575 860 1615 902 in
1644 860 1872 914 mandatis,
1894 871 2092 919 quatenus
2118 865 2296 907 evocatis
2312 895 2325 917 ,
2339 866 2411 920 qui

1373 918 1535 963 fuerant
1551 919 1779 970 evocandi,
1802 919 1855 963 de
1882 921 2081 976 praemissis
2112 924 2174 965 Te
2188 923 2411 976 diligenter

1374 975 1644 1028 informares,
1673 979 1714 1019 δι
1734 976 1759 1020 fi
1774 992 1847 1033 per
1861 978 2188 1023 informationem
2204 981 2411 1037 hujusmo-

1374 1038 1414 1080 di
1430 1067 1446 1089 ,
1476 1037 1545 1080 illa
1562 1037 1735 1080 veritate
1751 1037 1823 1079 niti
1846 1039 2048 1094 reperires
2064 1065 2079 1089 ,
2104 1038 2411 1084 transactionem

1375 1098 1600 1153 praedietam
1615 1123 1632 1147 ,
1647 1096 1773 1139 eiiam
1785 1097 1918 1151 quoad
1933 1097 2230 1154 obligationem
2246 1098 2414 1141 solutio-

1373 1156 1433 1197 nis
1462 1155 1576 1197 dietae
1590 1155 1746 1198 summa:
1760 1166 1900 1198 annuae
1916 1184 1931 1207 ,
1955 1156 2023 1200 seu
2050 1156 2246 1212 pensionis
2277 1160 2413 1200 oc'tua·

1373 1216 1483 1270 g³nta
1506 1213 1710 1256 scutorum
1730 1215 1815 1257 auri
1832 1215 2094 1258 confirmares
2108 1245 2124 1266 ,
2148 1217 2189 1258 δι
2214 1216 2415 1271 approba-

1374 1286 1437 1316 res
1451 1299 1467 1320 ,
1481 1274 1518 1315 &
1537 1272 1756 1316 Ecclefiam
1771 1275 1923 1316 sinciae
1934 1276 2084 1317 Crucis
2095 1275 2322 1330 predictam
2338 1303 2353 1325 ‚
2367 1283 2416 1317 ut

1372 1330 1585 1388 praefertur
1599 1360 1614 1383 ,
1629 1331 1695 1375 vel
1710 1332 1809 1374 alias
1828 1344 2043 1376 vacantem
2058 1362 2073 1386 ,
2097 1335 2135 1376 &
2151 1335 2417 1389 anteadispo—

1370 1391 1503 1434 sitioni
1534 1391 1773 1446 Apostolicae
1794 1390 2039 1436 reservatam
2056 1421 2070 1444 ,
2095 1406 2187 1436 cum
2217 1394 2414 1443 annexis,

1371 1465 1416 1494 ac
1429 1448 1609 1507 juribus,
1635 1451 1676 1492 δι
1692 1450 1949 1506 pertinentiis
1967 1453 2043 1494 suis
2067 1452 2415 1500 universis‚dieio

1368 1509 1516 1552 Ordini
1533 1510 1720 1551 Fratrum
1737 1509 1942 1552 Minorum
1958 1510 2419 1566 perpetub,auc‘toritate

1371 1567 1515 1612 Nostra
1534 1567 1724 1623 praedi'tsta
1745 1568 2055 1620 concederes,&
2067 1567 2285 1623 asfignares
2299 1583 2311 1611 ε
2326 1582 2421 1611 nec·

1372 1640 1453 1671 nou
1470 1628 1791 1680 Communitati,
1803 1628 1839 1669 8(
1858 1628 2104 1670 Hominibus
2117 1628 2308 1684 praedit‘tis
2323 1656 2337 1679 ,
2353 1625 2420 1670 vel

1373 1686 1423 1729 ab
1437 1699 1485 1729 ea
1506 1687 1725 1740 Deputatis
1740 1716 1756 1737 ,
1789 1697 1835 1728 ut
1867 1687 2093 1731 Ecclesiam
2141 1691 2291 1730 sanctae
2308 1689 2422 1729 Crit-

1374 1746 1458 1795 cis,
1487 1746 1526 1787 Bt
1554 1745 1612 1788 illi
1631 1758 1815 1797 annexa,
1847 1759 1894 1788 ac
1910 1744 2213 1803 dependentia,
2231 1746 2335 1789 aedes
2353 1746 2423 1787 lia·

1378 1804 1586 1847 bitationis
1601 1833 1615 1855 ‚
1641 1804 1836 1848 viridaria
1855 1832 1870 1856 ‚
1899 1805 2040 1848 hortos
2057 1833 2072 1856 ,
2099 1806 2140 1847 ἃ.
2153 1805 2418 1860 pertinentias

1379 1862 1609 1915 huiusmodi
1625 1865 1675 1906 ad
1693 1862 1863 1906 formam
1889 1865 2006 1907 unius
2037 1862 2246 1913 Ecclefiae,
2266 1865 2308 1906 ἃ.
2332 1866 2422 1904 Do—

1386 1935 1470 1963 mus
1488 1921 1706 1978 Regularis
1717 1921 1815 1964 dicii
1840 1923 2008 1966 Ordinis
2026 1922 2253 1975 Minorum,
2288 1936 2422 1964 cum.»

1384 1979 1559 2023 claustro
1572 2007 1588 2030 ,
1602 1980 1849 2023 dormitorio
1861 2007 1877 2029 ‚
1903 1980 2118 2026 refectorio
2133 2010 2148 2034 ‚
2173 1981 2289 2024 cellis
2301 2006 2317 2028 ‚
2334 1980 2422 2022 cei·-

1385 2038 1478 2082 lulis
1495 2066 1509 2089 ,
1533 2037 1702 2082 sacristia
1718 2068 1734 2089 ,
1761 2040 1802 2081 δι
1817 2039 1905 2082 aliis
1930 2040 2008 2084 suis
2023 2040 2212 2082 membris
2230 2068 2246 2091 ,
2265 2042 2307 2082 δι
2328 2037 2418 2080 offi-

1384 2098 1487 2140 cinis
1528 2095 1752 2139 neceffiriis
1769 2124 1784 2147 ,
1818 2099 1857 2139 8t
1893 2099 2134 2154 opportunis
2169 2098 2422 2148 reducendi,

1386 2156 1550 2213 aptandi
1566 2183 1579 2206 ,
1594 2158 1633 2198 δι
1656 2154 1875 2199 fabricandi
1892 2185 1907 2207 ,
1935 2156 2141 2200 licentiam
2154 2183 2169 2205 ‚
2194 2157 2235 2198 &
2250 2155 2423 2199 faculta-

1387 2214 1750 2269 temimpertireris
1768 2244 1782 2266 ‚
1805 2228 1962 2258 necnon
1981 2214 2232 2272 supradictos
2259 2215 2422 2258 Francic-

1388 2271 1521 2325 scum,
1543 2274 1583 2314 δι
1604 2274 1775 2316 Paulum
1789 2273 1827 2315 in
1844 2274 2232 2324 Administratores,
2249 2278 2314 2315 ieu
2330 2279 2427 2329 pei-'-

1387 2330 1515 2375 fectns
1533 2332 1786 2375 Fabricerios
1802 2335 2091 2388 nuncupandos
2105 2362 2120 2385 ‚
2149 2334 2325 2381 Fabricae
2352 2346 2428 2374 no-

1387 2403 1444 2432 νε
1461 2393 1614 2433 Domus
1631 2390 1851 2445 hujusmodi
1866 2391 2106 2447 deputares.
2139 2393 2424 2444 Praetereaque

1385 2449 1489 2504 apud
1510 2449 1663 2493 dictam
1685 2449 1903 2494 Ecclefiam
1923 2455 2078 2493 banctae
2094 2453 2240 2494 Crucis
2254 2478 2270 2501 ,
2295 2451 2336 2491 δι
2355 2451 2424 2493 ha-

1385 2507 1597 2552 bitationes
1610 2507 1834 2567 hujusmodi
1850 2522 1899 2552 ex
1919 2523 2044 2561 nunc,
2057 2509 2426 2565 pr‹›ut,postquam,

1383 2577 1428 2609 ut
1442 2563 1658 2623 pref-rtur
1672 2597 1688 2619 ,
1702 2578 1850 2622 aptatae
1866 2595 1881 2617 ,
1895 2569 1932 2609 8(
1947 2568 2262 2610 accommodate
2277 2565 2420 2617 essent,

1384 2638 1502 2667 unam
1532 2628 1709 2669 Domum
1739 2626 1991 2678 Regularem
2017 2625 2119 2668 dicti
2134 2625 2303 2667 Ordinis
2323 2625 2421 2666 Fra-

1384 2694 1494 2726 trum
1518 2685 1751 2733 Minorum,
1775 2695 1868 2725 cum
1903 2681 2073 2724 officinis
2103 2681 2359 2731 necelsariis,
2385 2682 2426 2723 &

1382 2742 1621 2795 opportunis
1637 2771 1653 2792 ,
1679 2754 1756 2795 pro
1771 2741 1977 2796 perpetuis
1994 2739 2062 2783 usu
2077 2767 2094 2788 ‚
2114 2742 2155 2783 δι
2173 2740 2425 2786 habitatione

1384 2799 1498 2841 unius
1517 2798 1736 2842 Guardiani
1753 2825 1768 2846 ,
1797 2800 1836 2841 &
1852 2798 2070 2840 duodecim
2086 2799 2137 2841 ad
2165 2798 2296 2840 minus
2320 2800 2419 2840 Fra*

1382 2868 1492 2899 trum
1512 2857 1612 2901 dicti
1641 2857 1808 2900 Ordinis
1834 2860 2069 2909 Minorum,
2097 2857 2166 2914 qui
2190 2857 2284 2899 inibi
2314 2855 2425 2911 juxta

1381 2916 1586 2971 regularia
1606 2915 1748 2958 statuta
1773 2929 1914 2959 eorum
1929 2943 1943 2966 ,
1964 2917 2055 2959 Deo
2080 2912 2263 2959 famulari
2297 2915 2427 2957 debe-

1384 2985 1474 3016 rent
1491 3003 1504 3024 ,
1518 2974 1566 3018 ad
1582 2975 1700 3017 instar
1721 2973 1891 3015 aliarum
1916 2973 2017 3016 dicti
2036 2973 2200 3015 Ordinis
2215 2973 2422 3017 Minorum

1388 3035 1642 3084 Domuum,
1668 3033 1792 3074 etiam
1811 3035 2016 3087 perpetuo
2031 3061 2047 3083 ,
2077 3031 2218 3075 eadem
2244 3030 2427 3074 auctori-

1388 3101 1475 3134 tate
1506 3092 1650 3135 Nostra
1673 3092 1882 3146 erigeres,
1903 3091 1943 3131 δι
1976 3091 2201 3133 institueres
2219 3117 2235 3142 ,
2263 3101 2425 3132 necnon

1389 3148 1527 3193 eidem
1540 3148 1651 3193 no'vae
1670 3150 1836 3200 Domui,
1847 3163 1891 3192 ac
1908 3162 1984 3204 pro
2000 3159 2188 3204 tempore
2205 3163 2242 3190 in
2256 3163 2302 3191 ea
2313 3158 2427 3188 com-

1391 3210 1639 3252 morantibus
1676 3208 1938 3258 Guardiano,
1979 3208 2020 3249 δι
2057 3207 2265 3250 Fratribus
2279 3234 2293 3257 ,
2317 3201 2426 3260 quod

1389 3269 1576 3311 omnibus
1592 3298 1607 3319 ,
1633 3269 1671 3308 δι
1698 3267 1859 3323 singulis
1879 3266 2105 3323 privilegiis
2120 3291 2135 3312 ι,
2164 3263 2427 3307 immunitati·-

1390 3328 1463 3369 bus
1478 3356 1494 3379 ,
1509 3326 1836 3381 exemptionibus
1851 3353 1866 3376 ,
1879 3325 2154 3381 prerogativis
2171 3353 2185 3374 ,
2200 3325 2238 3365 &
2253 3322 2394 3379 gratiis
2410 3337 2426 3372 b

1389 3396 1471 3427 tam
1486 3384 1760 3442 spiritualibus
1772 3410 1787 3431 ‚
1807 3386 1928 3440 quam
1947 3381 2263 3437 temporalibus,
2279 3380 2425 3438 quibus

1390 3444 1476 3486 aliae
1487 3473 1501 3495 ‚
1518 3443 1695 3499 praedifti
1710 3441 1876 3485 Ordinis
1897 3443 2098 3484 Minorum
2113 3442 2266 3483 Dauus
2280 3466 2295 3487 2
2309 3453 2355 3481 ac
2373 3438 2426 3482 il·

1391 3500 1520 3544 larum
1538 3501 1788 3549 Guardiani‚
1806 3503 1847 3543 δι
1868 3503 2031 3543 Fratres
2045 3526 2058 3549 ,
2088 3497 2248 3553 dejure
2262 3528 2276 3551 ,
2303 3498 2426 3541 statu-

1393 3571 1468 3610 to,
1496 3558 1844 3603 &consuetudine
1861 3587 1876 3610 ,
1903 3570 1968 3601 aut
2001 3558 2098 3601 alias
2118 3555 2426 3612 quomodolibet

1394 3620 1613 3661 utebantur
1629 3643 1644 3665 ,
1663 3619 1704 3660 dt
1722 3617 1952 3673 gaudebant
1966 3646 1981 3667 ,
2012 3629 2059 3658 ac
2074 3616 2162 3664 uti,
2186 3617 2227 3659 Bt
2246 3615 2428 3673 gaudere

1391 3688 1581 3733 poterant
1610 3705 1624 3726 ,
1661 3677 1702 3718 δι
1725 3674 1876 3731 polsent
1905 3673 2211 3729 quomodolibet
2242 3676 2279 3718 in
2318 3671 2427 3713 sutu-

1394 3749 1485 3778 rum
1502 3763 1516 3786 ,
1534 3733 1718 3777 similiter
1730 3737 1820 3784 uti,
1837 3735 1872 3774 &
1888 3732 2067 3788 gaudere
2081 3746 2269 3784 ,necnon
2295 3734 2428 3773 Guan·

1393 3793 1513 3839 diano
1525 3819 1541 3842 2
1566 3794 1607 3837 δι
1620 3793 1830 3838 Fratribus
1843 3789 2022 3837 secundo
2033 3790 2152 3835 dicte
2167 3794 2322 3834 Domus
2338 3796 2424 3887 ,but

2318 3860 2341 3888 a
