2774 4068
365 217 541 302 206

1115 188 1628 296 Provincia

406 327 625 381 Hujusmodi
653 323 768 366 autem
792 323 1041 375 comestionem,
1065 324 1109 367 ἀπ’
1132 326 1348 363 donationem
1362 323 1470 362 ditius
1484 323 1716 375 illustriffimur
1729 346 1746 368 ,
1767 322 1812 367 ὁ
1835 323 2143 376 Reverendiffimns
2157 325 2326 366 Dominus
2342 330 2436 371 The.

297 380 486 433 saurarius
508 377 696 416 Generalis
709 375 796 414 ditio
809 378 942 412 nomine
955 374 1045 422 fecit
1058 398 1072 418 ,
1098 374 1268 423 &facere
1292 374 1386 410 dixit
1399 374 1477 416 σε.
1498 373 1694 411 declaravit
1704 385 1788 422 erga
1804 373 1908 411 dietas
1921 375 2005 412 RR.
2020 377 2095 415 PP.
2118 378 2312 425 Capucinos
2332 381 2430 419 diEiae

304 430 504 471 Provincia
515 425 718 468 Marchiae
738 425 890 475 absentes
914 423 989 465 &a
1003 447 1017 467 ‚
1042 435 1093 460 me
1107 424 1218 460 eodem
1231 421 1387 463 Notario
1408 424 1502 466 erc..
1529 424 1684 473 utsupra
1695 432 1781 508 ἒῖρνο
1802 425 1850 459 eis
1864 423 2052 474 stipulante
2066 450 2078 470 ,
2088 433 2151 474 pro
2161 425 2327 464 altem-073
2355 440 2439 466 exe·

258 496 260 498 ’
304 481 443 517 cutione
466 501 479 522 ‚
502 476 548 519 ὼ·
570 475 812 526 adimpletione
829 472 1004 523 praesentis
1030 472 1263 521 Chirographi
1290 495 1303 516 ‚
1328 472 1372 513 Θ
1397 473 1480 520 quia
1502 473 1592 509 idem
1617 473 1692 510 San
1725 471 1844 520 tffimus
1866 473 1919 511 D.
1947 472 2003 512 Ν.
2018 476 2066 525 fic
2085 475 2201 524 juffit,
2227 474 2367 521 voluit,
2389 478 2433 520 &⁶

304 527 517 571 mandavit,
540 535 580 563 at
593 537 669 563 cum
691 522 1010 566 declarationibus,
1035 521 1345 564 &conditionibus
1368 521 1629 572 infrascriptis,
1653 521 1780 563 &non
1794 520 1882 557 alias
1897 522 1972 564 &a
1998 524 2161 561 videlicet
2178 548 2189 559 .
2343 533 2347 537 ’
2428 519 2435 526 “

401 625 512 674 Qud
526 623 654 661 fabrica
666 621 818 673 ejusdem
830 620 1039 658 Conventfis
1066 620 1185 658 debeat
1204 619 1411 658 fieriversns
1423 620 1571 667 Corpus
1581 618 1751 657 Civitatis
1777 617 1813 654 in
1829 619 1931 663 loco,
1956 620 1991 656 in
2019 634 2092 668 quo
2105 623 2181 660 sunt
2197 648 2210 668 ,
2237 624 2437 663 &existunt

249 671 253 673 ’
304 674 406 713 ‹1in
421 672 593 718 Remissae,
603 685 642 709 ac
656 673 689 708 in
705 682 800 720 parte
817 669 996 707 remotiori
1016 671 1036 706 ἃ
1049 670 1182 707 rnoeniis
1205 668 1355 717 ejusdem
1371 669 1541 706 Civitatis
1552 693 1564 713 ‚
1591 681 1630 706 ac
1650 678 1772 705 eorum
1784 669 2000 713 Terraepleno
2017 697 2029 713 ,
2041 672 2097 707 seu
2110 673 2259 710 Aeetam
2273 699 2284 710 ‚

405 725 492 761 Item
509 750 520 765 ‚
545 722 642 769 quod
655 720 776 757 honus
797 717 1193 756 dietinoviConvemns
1208 742 1219 758 ,
1245 719 1304 766 qui
1329 717 1388 754 fiet
1404 719 1521 756 versus
1532 717 1623 755 dieta
1637 717 1787 759 moenia,
1813 716 1912 752 distet
1935 717 2054 755 debito
2081 720 2267 760 intervallo
2281 748 2296 769 ,
2321 725 2363 761 ab
2373 736 2440 761 eo·

301 774 380 811 dem
397 772 644 817 Terraepleno.
671 770 706 807 δι
732 769 791 805 fiat
816 780 894 805 cum
925 768 1123 804 interventu
1147 767 1328 810 Praefecti,
1354 767 1411 803 seu
1440 766 1595 812 Magistri
1612 765 1768 802 Militum
1801 764 1838 800 in
1870 764 1962 802 dieta
1992 770 2175 807 Provincia
2198 796 2212 816 ‚
2247 773 2282 809 &
2321 772 2437 809 habita

302 825 406 872 prius
429 821 522 857 illius
538 817 790 868 approbatione
814 817 847 853 in
861 817 954 853 ealce
978 817 1222 854 delineationis
1244 815 1327 853 dieti
1345 817 1581 858 Convenu'is,
1606 814 1640 850 &
1666 812 1859 856 viridarii,
1887 817 1921 849 δι
1947 816 2135 854 transmissit
2157 820 2251 867 prius
2278 822 2435 859 delinea-

307 872 403 908 tione
427 869 531 918 ipfius
555 870 598 905 ad
612 868 770 911 Urbem,
797 867 838 902 ad
862 863 1022 902 effefium
1049 866 1223 902 inserendi
1248 866 1282 900 in
1308 864 1463 912 praesenti
1486 865 1707 900 instrumento
1726 885 1739 905 ,
1763 862 1835 902 ita,
1858 861 1893 897 &
1923 864 2040 901 taliter
2063 889 2076 908 ‚
2101 869 2196 913 quod
2224 869 2274 906 ibi
2302 871 2438 917 possint

301 920 457 958 exerceri
472 929 594 954 omnes
617 915 810 953 funfi’tiones
827 915 1001 952 Militares
1023 925 1089 951 tam
1107 913 1313 961 pedestres,
1337 916 1442 961 quam
1457 913 1636 962 Equestres
1661 922 1740 949 cum
1754 910 1985 949 conductione
2001 923 2249 954 tormentorum
2279 919 2434 956 Bellico-

301 980 382 1006 rum
404 968 529 1014 absque
556 967 630 1002 ullo
649 965 894 1013 impedimento
908 987 918 998 .

399 1018 443 1054 Et
457 1016 594 1064 insuper
617 1013 722 1051 iidem
739 1014 810 1050 RR
852 1013 970 1048 Patres
982 1013 1080 1059 prihs
1091 1035 1106 1056 ,
1129 1023 1233 1059 quam
1250 1011 1379 1048 dietum
1395 1012 1531 1049 hortum
1555 1008 1767 1047 circumdent
1792 1020 1895 1047 muro
1910 1035 1923 1054 ,
1948 1021 2124 1050 teneantur
2150 1015 2193 1057 ab
2208 1015 2332 1054 eodem
2345 1018 2438 1056 Sans

305 1065 463 1107 &tissime
478 1067 525 1101 D.
542 1065 591 1100 N.
616 1063 796 1111 impetrare
821 1062 1066 1109 particularem
1090 1060 1266 1097 licentiam
1281 1087 1291 1097 .

401 1173 460 1211 Ac
474 1171 562 1210 alitis
586 1172 626 1208 in
641 1171 795 1208 omnibus
810 1197 819 1212 ,
843 1167 887 1211 ἐν
906 1176 971 1216 per
984 1168 1096 1204 omnia
1106 1167 1210 1217 juxta
1228 1167 1378 1216 formam
1391 1193 1404 1214 ‚
1427 1168 1678 1206 continentiam
1690 1192 1703 1212 ,
1728 1167 1773 1210 ὁ·
1796 1177 1945 1206 tenorem
1964 1169 2159 1219 praeirtfirti
2173 1171 2407 1222 Chirographi
2418 1197 2430 1214 ,

305 1225 430 1267 &non
452 1220 540 1258 alias
562 1220 636 1262 &a
662 1219 856 1256 conditione
879 1218 983 1253 etiam
1005 1217 1208 1265 adjacente,
1236 1218 1328 1265 quod
1349 1218 1453 1256 iidem
1480 1216 1652 1256 RR.PP.
1668 1217 1720 1255 Ca
1743 1218 1841 1254 ucini
1872 1218 2041 1256 mediante
2078 1230 2192 1257 eorum
2213 1221 2429 1270 particulari

305 1273 541 1312 Procuratore
554 1277 742 1306 teneantur
755 1291 768 1307 ³
795 1267 839 1308 (9⁶
860 1264 1004 1312 obligati
1017 1266 1088 1315 sint
1103 1265 1254 1313 quolibet
1267 1278 1357 1303 anno
1385 1268 1423 1303 in
1439 1264 1600 1314 Vigilia,
1639 1278 1681 1303 eu
1721 1265 1890 1316 estivitate
1909 1267 2114 1305 RBaPem·
2126 1294 2136 1309 ,
2162 1270 2205 1312 ὠ·
2216 1270 2322 1307 Pauli
2339 1273 2437 1319 Apo.

296 1320 460 1372 stolorum
482 1320 522 1354 in
530 1317 634 1367 plena
649 1317 795 1354 Camera
817 1314 1008 1365 apostolica
1029 1322 1249 1364 comparere,
1274 1317 1318 1359 ὠ·
1340 1317 1393 1353 ibi
1405 1315 1569 1356 santium

300 1382 339 1407 ce
362 1370 447 1407 tonis
473 1368 656 1403 invocare.

1629 1327 1722 1353 omen
1740 1313 1830 1365 'Jesu
1857 1317 1897 1351 in
1912 1317 2139 1364 cognitionem
2157 1319 2338 1368 praesentis
2351 1331 2432 1356 con-

2184 1380 2195 1395 V

396 1416 583 1453 ‘Praeterea
599 1414 678 1463 fuit
693 1412 894 1462 specialiter
907 1409 1129 1451 'declaratum
1143 1437 1152 1453 ,
1177 1413 1268 1462 quod
1283 1414 1484 1453 Conventus
1497 1439 1510 1459 ,
1535 1414 1579 1457 ὁ·
1593 1413 1748 1464 Ecclesia,
1760 1412 1897 1463 aliaque
1911 1413 2056 1462 aedificia
2066 1415 2168 1464 posita
2190 1426 2290 1454 extra
2310 1417 2435 1455 dietam

298 1466 495 1505 Civitatem
507 1463 674 1513 Pisauri,
699 1464 740 1498 in
753 1453 889 1510 ‘quibus
911 1462 1016 1512 usque
1031 1461 1145 1499 adhuc
1168 1462 1229 1512 ipsi
1237 1462 1430 1512 Regulares
1450 1463 1682 1504 habitarunt,
1706 1462 1927 1512 destruantur
1938 1487 1951 1507 ,
1977 1463 2022 1499 ad
2044 1462 2190 1513 effet'ium
2205 1491 2214 1506 ,
2240 1477 2281 1503 ut
2306 1466 2439 1515 possint

297 1517 356 1555 uti
367 1514 539 1553 coementis
554 1521 618 1562 pro
633 1523 723 1548 nova
730 1511 872 1559 fabrica
882 1511 1049 1562 facienda
1063 1534 1077 1555 ,
1102 1511 1146 1552 ὠ·
1168 1511 1259 1559 quod
1280 1522 1374 1549 totus
1386 1512 1475 1559 situs
1486 1525 1562 1550 cum
1576 1513 1686 1549 hortis
1712 1521 1907 1552 remaneat,
1934 1511 1977 1552 (ς’
1993 1511 2038 1559 sit
2054 1512 2123 1560 fieb
2135 1512 2234 1560 pleno
2254 1515 2434 1560 Dominio,

298 1577 340 1602 ac
365 1564 412 1600 ad
423 1563 570 1599 liberam
581 1560 820 1610 dispositionem
841 1559 987 1610 ejusdem
1000 1558 1214 1608 Sanfiissimi
1230 1561 1277 1598 D.
1290 1559 1349 1599 N.
1375 1562 1419 1604 ἐπ’
1427 1562 1594 1610 praediiiae
1617 1560 1664 1597 R.
1682 1562 1834 1600 Camerae
1849 1559 2045 1645 Aposlolicae
2058 1585 2070 1605 ,
2095 1573 2135 1597 ac
2158 1561 2246 1599 alias
2276 1565 2315 1600 in
2329 1566 2440 1601 omni·

297 1615 383 1654 bus.
411 1613 454 1655 (ς’
469 1619 533 1659 per
548 1611 662 1646 omnia
676 1636 686 1652 ,
707 1618 814 1658 prout
840 1610 879 1644 in
889 1609 1001 1646 eodem
1024 1608 1225 1658 praeinserto
1240 1609 1477 1659 Chirographo
1504 1612 1703 1648 continetur
1717 1634 1729 1654 ,
1751 1610 1795 1651 ἐρ’
1807 1620 1875 1645 non
1895 1621 1916 1646 a
1931 1607 1983 1646 icis
1995 1610 2068 1651 &a
2094 1610 2208 1659 Super
2228 1613 2353 1660 quibus
2369 1625 2444 1651 om.

298 1663 428 1706 nibus,
452 1660 496 1701 C‘Y
510 1657 657 1709 stngulis
678 1658 861 1708 praemissis
875 1659 1026 1707 petitum
1035 1658 1148 1706 fnitd
1172 1658 1252 1700 Me,
1278 1660 1390 1697 eodem
1405 1657 1560 1698 Notario
1588 1659 1814 1708 infrascripto
1827 1681 1841 1702 ,
1869 1668 1912 1696 ut
1921 1670 2029 1696 unum
2042 1683 2053 1703 ,
2079 1657 2139 1696 vel
2147 1659 2251 1708 plura
2258 1661 2436 1709 publicum

289 1711 357 1762 seu
385 1707 527 1760 publica
551 1706 746 1755 conficerem
764 1732 774 1749 ,
797 1717 900 1756 atque
922 1708 1098 1744 traderem
1119 1706 1384 1758 instrumentum
1411 1731 1424 1753 ,
1449 1708 1493 1751 ὠ·
1515 1708 1740 1760 instrumenta
1759 1731 1773 1751 ,
1794 1716 1901 1756 prout
1928 1716 2009 1757 opus
2038 1708 2157 1758 fuerit
2180 1734 2195 1754 ,
2234 1711 2278 1753 ὠ·
2301 1712 2440 1761 requisi.

299 1769 360 1798 tus
384 1771 440 1797 ero
456 1784 466 1796 ο

397 1806 525 1846 Atium
548 1805 663 1864 Romae
689 1808 729 1843 in
747 1804 893 1864 ‘Palatio
909 1806 1020 1857 solita
1035 1803 1241 1864 Kefide'mae·
1261 1805 1345 1842 ditia·
1371 1803 1591 1864 Illustrissimi
1615 1832 1624 1847 ‚
1651 1806 1695 1847 ὠ·
1715 1805 2018 1864 Reverendissimi
2040 1806 2183 1843 Domini
2211 1806 2458 1856 Thesaurarii·

300 1857 486 1896 Generalis
495 1856 719 1904 praesentibus
742 1855 867 1892 ibidem
878 1881 892 1900 ,
908 1855 1133 1893 audientibus
1144 1878 1158 1897 ,
1172 1854 1215 1895 ὅς’
1226 1854 1504 1904 intelligentibus
1525 1852 1757 1903 DD.⁶Josepho
1772 1852 1924 1902 Belfbrte
1935 1878 1948 1898 ,
1956 1854 2036 1902 filio
2049 1856 2100 1893 D.
2117 1853 2245 1905 Jacobi
2259 1859 2436 1896 Camerin-

301 1907 348 1947 ὼ·
360 1907 503 1943 vrbano
518 1905 722 1942 Herculano
737 1930 748 1946 ,
753 1903 830 1953 filio
843 1906 1014 1953 quondam
1026 1901 1196 1950 Prospera·
1210 1930 1220 1946 ‚
1232 1903 1386 1942 Romano
1397 1928 1410 1950 ,
1428 1902 1578 1954 Testihus
1591 1904 1638 1941 ad
1645 1903 1807 1952 praeditta
1818 1904 1931 1940 omnia
1942 1928 1956 1950 ,
1981 1905 2024 1946 &⁶

309 1955 360 1993 tis
369 1954 597 2005 specialiter,
621 1963 726 2002 atque
739 1956 892 2001 rogatis.
940 1989 945 1994 ,

2037 1904 2164 1953 fingula
2178 1908 2322 1952 vocatis,
2337 1905 2440 1948 habi-2

400 2003 470 2052 Ego
484 2003 688 2041 Dominicus
710 2005 751 2041 de
772 2000 914 2042 Nicolis
943 2001 1107 2042 R.c.2A.
1135 1998 1337 2046 Murius,
1350 2003 1392 2040 de
1410 2001 1591 2053 praemissis
1606 2012 1768 2052 rogatus,
1779 2002 1926 2052 praesent
1952 2001 2217 2053 Instrumentum
2235 2003 2440 2055 subscripsi,

301 2051 538 2102 &publicavi
558 2052 740 2102 requisitus
755 2077 766 2090 .
983 2066 994 2080 .

500 2211 542 2247 L.
567 2212 661 2261 Signi
676 2212 941 2251 Tabellionatus
972 2211 1122 2251 Neratii
1154 2212 1332 2260 praedicti.

299 2465 704 2511 ITERATO
764 2468 1344 2516 CHIROGRAPHO

303 2586 522 2639 Gratiam
555 2585 840 2646 concessam,
877 2605 969 2635 non
1005 2585 1207 2636 obstante
1234 2592 1344 2638 RR.

378 2657 677 2709 Clericorum
717 2658 1026 2727 Regularium
1061 2660 1346 2709 Minorum„

373 2728 602 2780 S.Caroli
631 2743 880 2797 nuncupat.
909 2726 1224 2797 oppofitione,
1251 2748 1349 2779 exe-

377 2798 557 2851 cutioni
575 2796 675 2850 dari
708 2799 926 2866 jubetur.

366 2939 520 3001 Praestat
541 2940 770 3045 Fr‘mfing’
799 2941 941 3044 Nostler
973 2941 1290 3000 Thcfiurarim

756 3015 871 3045 encra
889 3015 921 3047 as
937 3030 950 3043 .
1224 3008 1228 3024 '

303 3164 305 3168 ,
416 3117 668 3163 Onceffimus
714 3121 903 3164 Patribus
939 3119 1160 3176 Capucinis
1195 3119 1349 3164 Nostrae

443 3179 667 3222 Provinciae
681 3183 872 3224 Marchiae
887 3210 899 3232 ,
924 3179 1058 3222 altero
1075 3180 1227 3223 Nostro
1245 3179 1351 3221 Chi-

308 3240 516 3295 rogragho
530 3267 546 3290 ,
562 3239 655 3281 Tibi
669 3237 737 3280 sub
756 3254 823 3293 ²³·
845 3239 1011 3294 Augusti
1027 3238 1210 3295 proxime
1226 3237 1349 3295 elapsi

308 3294 507 3354 inscripto
520 3324 536 3345 a
569 3297 726 3354 aliquot
743 3299 865 3342 AEdes
881 3312 958 3353 pro
981 3297 1243 3342 Remiffarum
1259 3300 1348 3350 usu,

309 3354 352 3394 in
394 3358 588 3401 Civitate
630 3357 852 3401 Pisaurensi
889 3359 978 3400 fitas
1004 3387 1017 3409 ,
1062 3358 1112 3401 ad
1155 3357 1345 3400 effectum

310 3413 569 3467 Ecclesiam,
592 3418 633 3459 &
647 3417 942 3461 Monasterium
957 3417 1010 3459 ibi
1025 3416 1249 3461 aedificandi
1270 3447 1282 3470 ‚
1313 3419 1354 3460 &

312 3471 412 3517 illuc
432 3475 707 3520 transferendi
725 3490 870 3521 eorum
900 3475 1128 3533 Religiosos
1143 3505 1157 3529 ‚
1182 3477 1220 3519 in
1237 3480 1352 3520 Con-

318 3542 447 3576 ventu
475 3541 515 3578 S.
550 3538 838 3581 Bartholomaei
866 3548 982 3580 extra
1011 3536 1125 3578 dietae
1164 3536 1356 3581 Civitatis

321 3607 462 3636 muros
474 3597 620 3638 fituato
633 3597 861 3640 habitantes
876 3625 890 3648 ,
905 3596 973 3639 ubi
986 3624 1001 3645 ,
1018 3596 1071 3637 ob
1087 3596 1188 3638 aeris
1203 3597 1354 3639 intem·

317 3653 473 3710 periem
489 3683 503 3705 ‚
527 3655 929 3699 &aliaincommoda
955 3653 1171 3698 discedere
1198 3670 1349 3713 cogun-

316 3723 387 3755 tur
400 3740 414 3764 ,
437 3727 531 3754 cum
545 3715 850 3759 conditionibus
864 3747 880 3767 ,
900 3714 1051 3767 modo,
1083 3716 1120 3756 &
1136 3714 1348 3765 forn1a2in

314 3772 423 3814 disto
440 3770 732 3827 Chirograho,
764 3777 815 3818 ad
845 3790 964 3832 quem
994 3775 1036 3816 in
1063 3774 1283 3823 omnibus,
1313 3777 1354 3817 &

310 3845 386 3888 per
397 3832 532 3877 omnia
549 3832 792 3878 relationem
807 3863 822 3887 ,
851 3838 892 3879 ὃς
912 3833 1192 3880 attentionem
1208 3834 1349 3893 haberi

1272 2369 1974 2387 —--—-—

1408 2467 1597 2510 volumus
1613 2495 1627 2519 ,
1657 2469 1863 2510 contentis
1881 2497 1893 2509 .
1929 2470 2037 2511 Cum
2052 2478 2190 2511 autem
2206 2469 2341 2525 postea
2355 2471 2445 2513 No·'

1408 2527 1467 2568 bis
1483 2525 1606 2569 fuerit
1621 2527 1846 2583 expofitum
1859 2560 1872 2579 ,
1903 2527 2011 2584 quod
2028 2529 2157 2583 gratia
2169 2528 2314 2571 Nostra
2329 2556 2345 2578 ‚
2377 2526 2446 2570 us-

1406 2599 1486 2641 que
1506 2585 1664 2637 adhuc,
1702 2584 1888 2628 effectum
1914 2586 2053 2629 sortita
2080 2600 2159 2628 non
2182 2589 2256 2638 sit,
2289 2586 2344 2628 ob
2368 2587 2448 2630 im-

1406 2645 1688 2700 pedimentum
1719 2643 1982 2688 clericorum
2012 2646 2281 2701 Regularium
2310 2647 2448 2688 Mino-

1409 2718 1528 2754 rum,
1562 2703 1602 2746 in
1630 2704 1701 2748 illa
1728 2704 1915 2747 Civitate
1940 2706 2073 2747 Sancti
2103 2706 2246 2748 Caroli
2278 2716 2449 2749 vocato-

1410 2777 1530 2813 rum,
1561 2763 1630 2819 qui
1649 2763 1877 2807 Clementis
1895 2765 2016 2806 VIII.
2042 2765 2224 2820 Gregori
2241 2766 2335 2807 XV.
2368 2768 2450 2808 Ur-

1409 2821 1628 2865 banivm.
1645 2824 1685 2865 δι
1706 2820 1868 2865 forfitan
1887 2822 2060 2866 aliorum
2078 2823 2319 2866 Nostrorum
2342 2825 2451 2866 Prae-

1411 2879 1662 2924 decessorum
1674 2882 1995 2925 Constitutiones
2011 2911 2024 2933 ‚
2056 2882 2214 2939 aliaque
2231 2886 2416 2925 Decreta
2433 2910 2448 2933 ,

1411 2941 1452 2982 &
1466 2937 1755 2996 Dispositiones
1767 2941 1819 2985 de
1839 2942 2046 2984 erectione
2061 2970 2076 2993 ‚
2106 2943 2146 2983 &
2163 2941 2338 2984 aedificiis
2355 2945 2449 2984 Μο-

1414 2999 1679 3044 nasteriorum
1693 3011 1899 3046 emanatas
1912 3001 2071 3043 obstare
2088 3000 2341 3057 praetendunt
2355 3030 2370 3053 ,
2403 3002 2443 3041 &

1411 3059 1507 3101 ideo
1533 3060 1657 3102 etiam
1680 3074 1816 3103 coram
1843 3058 2103 3102 Illustriffimo
2130 3059 2335 3103 Auditore
2360 3061 2445 3101 Ca-

1411 3132 1558 3171 merae,
1589 3118 1773 3162 &forsan
1789 3118 2102 3177 aliisJudicibus
2121 3121 2235 3163 litem
2251 3145 2265 3167 ,
2300 3116 2446 3161 hucus-

1410 3192 1491 3234 que
1525 3178 1744 3223 indecisam
1771 3188 2003 3222 moverunt.
2042 3183 2129 3223 Nos
2156 3178 2415 3221 refleetentes
2433 3204 2449 3228 ,

1410 3237 1520 3294 quod
1548 3238 1838 3285 Monasterium
1855 3239 1875 3280 ἐ
1891 3238 2113 3294 Capucinis
2127 3234 2299 3293 praefatis
2317 3234 2449 3277 aedifi-

1412 3297 1585 3339 candum
1601 3327 1615 3350 ,
1645 3299 1767 3341 alteri
1785 3298 1913 3342 veteri
1933 3324 1947 3347 ‚
1979 3308 2092 3340 extra
2122 3296 2233 3338 dieta:
2248 3295 2447 3339 Civitatis

1410 3357 1564 3399 moenia
1592 3358 1799 3401 collocato
1816 3384 1829 3407 ‚
1873 3357 1983 3414 quod
2025 3355 2216 3398 deterere
2259 3354 2444 3406 debent,

1416 3414 1598 3459 substitui
1613 3416 1764 3460 debeat
1781 3445 1794 3468 ‚
1825 3416 1991 3473 aliaequc
2009 3412 2115 3471 justae
2129 3411 2250 3457 causae
2268 3415 2443 3469 gratiam

1414 3476 1637 3531 Capucinis
1663 3476 1870 3531 praestandi
1897 3482 2137 3517 concurrant
2156 3504 2171 3525 ,
2206 3475 2324 3515 Motu
2355 3477 2450 3515 No-

1416 3535 1499 3578 stro
1514 3536 1682 3591 proprio
1694 3565 1710 3587 ,
1743 3549 1794 3578 ex
1808 3543 1920 3576 certa
1935 3531 2099 3575 scientia
2113 3561 2128 3583 ,
2161 3546 2206 3575 ac
2220 3531 2448 3587 plenitudi-

1413 3608 1467 3637 ne
1508 3595 1716 3651 potestatis
1756 3591 2032 3650 praedictarum
2070 3592 2449 3640 constitutionum,

1411 3654 1663 3712 aliarumque
1677 3652 1990 3710 Disposstionum
2019 3660 2208 3695 tenorem
2226 3682 2241 3702 ,
2274 3652 2418 3695 statum
2434 3679 2449 3703 ,

1410 3715 1450 3756 &
1490 3716 1636 3757 merita
1667 3713 1780 3763 litis,
1823 3709 1940 3767 hujus
1969 3711 2135 3767 Judices
2154 3741 2166 3763 ,
2218 3713 2258 3752 &
2284 3711 2450 3755 Con-li-

1416 3775 1595 3829 tigantes
1611 3803 1625 3826 ‚
1670 3769 1988 3815 circumstantias
2013 3797 2027 3819 ,
2073 3773 2291 3828 omniaque
2339 3770 2446 3819 alia,

1412 3832 1667 3890 quacumque
1693 3829 1855 3888 speciali
1885 3833 2092 3874 mentione
2121 3832 2243 3887 digna
2260 3858 2275 3883 2
2290 3831 2376 3929 pigi
2376 3843 2450 3885 pro

2309 3906 2334 3932 u
2379 3909 2398 3921 Ο
