2710 4108
1125 194 1665 313 'Tusciae.

265 310 399 355 strictu
412 308 597 367 ejusdem
613 306 774 356 Terre,
795 317 847 349 ex
858 305 1001 362 quibus
1017 308 1199 356 redditus
1213 327 1286 356 an-

264 371 334 414 nui
362 379 528 412 centum
554 367 752 410 scutorum
785 364 968 409 limilium
993 366 1044 409 ad
1070 370 1201 412 minus
1215 385 1286 414 an·

264 428 420 472 nuatim
439 426 718 483 percipiuntur
730 452 748 475 ,
774 422 826 467 ad
854 424 1044 469 eumdem
1072 425 1288 473 effectum,

264 479 504 530 liberaliter‘
525 484 564 527 in
605 492 846 539 perpetuum
873 481 1164 538 allignaverunt
1184 512 1197 535 ,
1225 486 1288 526 di-

262 550 445 599 stumque
456 541 742 584 Monalierium
755 540 991 583 Monialium
1020 541 1088 583 sub
1102 542 1288 596 praedicta

265 601 456 659 Regula,
485 598 713 655 Apostolica
737 600 979 642 auctoritate
995 600 1098 655 erigi
1115 598 1285 642 summo-

262 662 363 720 per'e
386 657 643 701 desiderant.
674 659 788 708 Nos,
817 657 884 713 qui
901 656 1026 699 divini
1040 657 1172 699 cultus
1193 672 1290 713 aug-

260 726 445 764 mentum
458 744 474 768 ,
491 716 532 757 δι
545 714 776 760 Christianae
790 715 1017 770 Religionis
1030 718 1285 773 propagatio·

261 791 353 823 nem
367 774 528 819 finceris
554 784 792 830 exoptamus
805 772 1008 816 affectibus
1020 800 1036 824 ,
1063 776 1287 828 praedit‘tam

262 834 510 881 Eleonotam
526 835 612 876 Duc
621 830 726 876 iffam
740 858 755 880 ,
769 846 815 875 ac
830 833 1110 877 Univerfitatis
1120 859 1137 880 ,
1149 834 1186 875 &
1199 835 1287 876 Ho-

262 895 417 938 minum
449 890 673 949 hujusmodi
690 890 904 947 singulares
923 891 1114 934 Personas
1142 892 1165 934 ὲ
1194 893 1286 945 qui·

263 951 393 996 busvis
405 951 482 992 διε.
495 950 655 993 censen.
671 964 828 994 necnon
843 950 1037 993 bonorum
1062 963 1135 1005 per
1156 948 1284 992 dietus

262 1008 577 1057 Univerlitatem
588 1034 604 1058 ‚
624 1009 664 1050 δι
678 1009 873 1051 Homines
886 1008 1168 1065 affignatorum
1186 1022 1286 1064 prae·

263 1070 468 1113 dictorum
483 1066 712 1110 fituationes
725 1095 739 1118 ,
753 1065 925 1111 confines
938 1095 954 1119 ,
974 1067 1169 1111 vocabula
1185 1096 1198 1118 ,
1210 1066 1285 1111 de·

264 1125 557 1172 nominationes
571 1152 588 1177 ,
611 1124 831 1181 qualitates
845 1153 859 1175 ‚
881 1126 919 1168 δι
935 1126 1208 1181 quantitates,
1234 1137 1279 1168 ac

263 1200 382 1233 veros
402 1196 552 1228 annuos
579 1184 736 1227 valeres
768 1183 1023 1238 praesentibus
1049 1199 1120 1239 pro
1137 1184 1257 1239 pleni:
1267 1211 1282 1235 ,

263 1247 305 1288 δι
317 1243 557 1287 sufficienter
569 1239 756 1298 expreffis
773 1241 969 1285 habentes
980 1271 995 1293 ,
1025 1241 1284 1298 supplicatio-

262 1304 378 1347 nibus
396 1300 605 1346 Eleonorae
629 1297 814 1351 Duciffae,
836 1314 881 1343 ac
909 1300 1189 1345 Univerfitatis
1208 1328 1222 1353 ,
1244 1303 1283 1343 &

262 1361 483 1407 Hominum
497 1358 780 1413 predictorum
793 1358 920 1402 Nobis
935 1359 1050 1415 super
1062 1362 1138 1404 hoc
1153 1360 1282 1404 humi·-

264 1422 363 1466 liter
396 1417 595 1476 porrectis
626 1416 832 1468 inclinati,
859 1417 913 1462 de
940 1419 1288 1463 venerabilium..-

266 1482 453 1525 Fratrum
480 1475 702 1518 nostrorum
723 1479 765 1521 S·
783 1477 836 1519 R.
851 1477 900 1519 Ε.
913 1477 1191 1521 cardinalium
1217 1491 1289 1522 ne-

266 1537 390 1597 gotiis
405 1564 419 1588 ‚
442 1536 481 1577 δι
506 1531 867 1579 consultationibus
897 1535 1158 1592 Regularium
1190 1549 1287 1592 prae-

326 1595 490 1639 sitorum
502 1592 667 1636 consilio
681 1618 697 1643 ,
717 1594 979 1637 Fraternitati
995 1597 1088 1638 ‘ruae
1102 1609 1174 1651 per
1187 1608 1289 1651 prae-

266 1611 399 1700 εεῒιιοι
410 1650 697 1696 committimus
706 1679 723 1703 ,
737 1652 779 1694 δι
790 1652 1022 1696 mandamus
1032 1682 1048 1704 ,
1063 1665 1260 1711 quatenus
1273 1681 1290 1705 ,

268 1713 295 1758 fi
313 1711 370 1756 est
386 1712 441 1755 ita
453 1740 469 1763 ,
489 1710 531 1752 δι
543 1718 705 1753 attento
715 1739 732 1762 ,
746 1711 852 1766 quod
870 1709 950 1768 jam
961 1713 1097 1756 dictus
1111 1713 1288 1755 Alexan-

269 1774 346 1817 der
363 1772 453 1813 Dux
465 1767 531 1820 ,δι
543 1769 693 1811 Comes
708 1768 848 1824 viginti
863 1769 928 1812 sex
941 1768 1032 1814 loca
1047 1771 1197 1815 Montis
1215 1773 1291 1813 hu-

269 1827 442 1888 jufinodi
463 1828 504 1870 in
520 1823 698 1870 favorem
723 1828 953 1871 Monasterii
981 1842 1053 1884 per
1080 1828 1183 1885 praes
1174 1841 1290 1871 entes

267 1888 424 1944 erigen.
442 1884 654 1940 refignavit
667 1912 682 1937 ,
701 1885 820 1928 dictae
835 1886 1044 1932 Eleonoroe
1063 1885 1226 1932 Duciss'ae
1247 1889 1288 1929 in

269 1945 458 2004 praedicta
475 1945 636 1994 Terra,
663 1957 710 1986 ac
733 1943 829 1987 loco
843 1944 892 1988 ad
917 1946 956 1988 id
979 1946 1224 1997 commodo,
1253 1948 1291 1988 8t

269 2013 499 2062 opportuno
521 2014 641 2044 unum
655 2002 938 2046 Monasterium
953 2005 1190 2047 Monialium
1207 2007 1292 2046 Ca·

268 2062 836 2167 §tssae‘affif‘sssssszsstzzfflz
851 2059 1292 2165 OEiffiffjssafifffil‘f?

756 2148 772 2171 ‚
1274 2141 1294 2152 -

270 2180 452 2225 centiam
464 2177 703 2220 auetoritate
718 2178 846 2221 nostra
860 2179 1079 2230 concedas,
1090 2178 1295 2236 ipsumque

271 2235 557 2281 Monasterium
578 2248 628 2277 cx
642 2248 750 2279 nunc
765 2263 779 2286 ,
795 2248 932 2292 prout,
945 2238 1151 2293 postquam
1164 2237 1293 2279 omni-

270 2296 345 2339 bus
362 2293 537 2336 numeris
549 2291 772 2336 absolutum
784 2323 800 2346 ,
810 2296 849 2337 δι
862 2295 1002 2339 debita
1016 2295 1196 2339 clausura
1209 2310 1294 2338 mu-

271 2354 403 2398 nitum
417 2350 596 2402 suerit,in
613 2351 894 2395 Monasterium
910 2354 1145 2398 Monialium
1160 2356 1295 2407 Capu-

272 2412 451 2457 einarum
463 2422 693 2463 nuncupan.
717 2410 787 2454 sub
803 2412 959 2469 Regula
986 2416 1137 2456 Sanctae
1162 2412 1297 2455 Clarae

274 2466 498 2524 bujulmodi
520 2480 614 2509 cum
639 2467 815 2511 Ecclelia
829 2497 845 2522 ‚
866 2471 1107 2526 campanili,
1139 2485 1293 2526 campa·

275 2529 337 2572 nis
349 2552 365 2575 ‚
396 2525 571 2568 claustro
584 2554 600 2575 ,
630 2525 870 2571 dormitorio
880 2556 895 2581 ,
926 2528 1145 2572 refectorio
1155 2557 1171 2580 ,
1201 2530 1292 2571 hor·

275 2587 353 2636 tis,
384 2582 634 2631 hortalitiis‚
660 2583 874 2630 infirmaria
889 2615 904 2639 ,
933 2587 1076 2637 cellis,
1107 2586 1297 2635 cellulis,

274 2647 314 2688 ἃ
328 2644 520 2687 universis
548 2642 636 2684 aliis
651 2641 819 2688 officinis
833 2673 846 2696 ,
874 2645 1139 2701 membriffiue
1165 2640 1299 2688 neces·

281 2701 389 2744 sariis
399 2727 415 2749 ‚
440 2702 482 2742 δι
493 2702 726 2756 opportunis
741 2715 815 2757 pro
825 2705 1031 2758 perpetuis
1045 2703 1114 2747 usu
1129 2732 1144 2755 ,
1172 2704 1214 2744 δι
1228 2704 1296 2744 ba·

277 2760 476 2804 bitatione
489 2758 604 2800 unius
623 2759 848 2811 Abbatifsae,
859 2762 900 2803 8ι
911 2762 1126 2805 duodecim
1143 2760 1300 2804 Munia-

279 2820 379 2864 lium
393 2845 407 2868 ,
420 2831 503 2873 quae
513 2817 669 2871 semper
681 2820 912 2862 numerariae
928 2820 1099 2863 existant
1111 2848 1127 2870 ,
1140 2833 1188 2862 ac
1200 2831 1299 2875 qua-

278 2890 370 2920 rum
383 2874 570 2931 quelibet
598 2875 637 2917 in
653 2888 793 2918 earum
826 2880 1063 2933 receptione
1088 2878 1300 2920 ducenta.»

281 2936 391 2978 scuta
408 2942 574 2975 monete
589 2946 661 2987 pro
672 2947 809 2976 earum
822 2934 924 2977 dote
939 2964 954 2988 ,
967 2938 1032 2979 seu
1043 2936 1301 2989 eleemosyna

279 2991 408 3037 dotali
421 2989 617 3047 spendere
633 3019 648 3041 ‚
678 2990 765 3034 aliae
778 2993 877 3034 vero
892 3021 906 3044 ‚
922 3007 1008 3049 quoe
1022 2993 1136 3050 supra
1151 2994 1304 3037 dietum

279 3063 492 3095 numerum
512 3048 566 3092 de
577 3058 722 3091 cetero
734 3050 1305 3108 recipientur,supranumera-

280 3111 350 3154 riae
360 3107 628 3154 censeantur,
657 3120 705 3149 ac
729 3122 807 3150 non
823 3109 1017 3153 minorem
1059 3109 1303 3164 uadringen·

282 3169 336 3212 tis
349 3169 466 3211 scutis
480 3166 639 3222 paribus
651 3164 791 3209 dotem
806 3166 966 3212 solvere
980 3195 996 3219 ‚
1029 3125 1302 3223 solitamquma

282 3225 490 3270 licentiam
515 3222 654 3268 adit‘ta
671 3225 1008 3279 Congregatione
1026 3227 1213 3269 obtinere
1239 3237 1298 3267 te-

283 3295 456 3328 neantur
468 3312 482 3335 ‚
495 3280 713 3337 omnesque
727 3282 920 3326 Habitum
933 3299 1007 3342 per
1017 3284 1109 3328 alias
1122 3282 1301 3339 ejusdem

283 3342 447 3386 Ordinis
463 3340 664 3385 Moniales
678 3340 819 3392 gestari
832 3339 991 3385 solitum
1002 3341 1198 3396 suscipere
1210 3369 1224 3391 a
1257 3357 1303 3387 ac

285 3411 475 3457 tempore
505 3397 752 3454 probationis
788 3397 922 3454 elapso
934 3427 950 3451 ‚
982 3399 1304 3444 Profectionem,

286 3471 361 3516 per
375 3457 536 3502 easdem
550 3456 743 3500 Moniales
756 3456 887 3500 emitti
897 3472 971 3500 con
979 3457 1308 3514 suetam,expres-

287 3517 330 3561 se
345 3517 538 3560 emittere
550 3543 567 3565 ,
595 3526 910 3571 perpetuamque
924 3515 1146 3558 clausuram
1162 3545 1175 3564 ,
1205 3529 1304 3559 nec-

289 3588 368 3617 non
385 3577 483 3617 ritus
496 3601 511 3624 ‚
542 3586 698 3620 mores,
728 3573 1039 3617 consuetudines
1055 3603 1067 3625 ,
1097 3588 1143 3616 ac
1163 3576 1303 3628 Regu-

290 3633 391 3675 laria
421 3632 606 3675 Instituta
627 3628 803 3686 ejusdem
830 3631 993 3674 Ordinis
1007 3659 1020 3680 ‚
1050 3631 1178 3687 quoad
1215 3630 1301 3673 lieri

289 3692 466 3748 poterit,
496 3689 655 3732 servare
675 3716 690 3738 ‚
720 3690 950 3745 divinistque
963 3689 1147 3732 laudibus
1162 3716 1176 3739 ‚
1188 3692 1227 3732 δι
1239 3689 1299 3731 os·

288 3749 386 3793 liciis
400 3747 575 3792 influere
586 3775 604 3797 ‚
629 3760 673 3792 ac
687 3757 767 3790 tam
784 3747 870 3804 ipsae
883 3777 897 3800 ‚
926 3761 1045 3802 quam
1071 3747 1190 3804 iplius
1213 3749 1303 3791 Mo·

1346 315 1503 358 nasserii
1518 314 1567 355 tic
1582 308 1766 367 erigendi
1781 311 2050 367 proprietates
2062 344 2079 367 ,
2107 233 2374 361 δεξιυυιζυοί-

1348 371 1459 416 versa
1474 399 1490 423 ‚
1520 383 1603 414 tam
1626 370 1818 420 mobilia,
1848 374 1967 425 quam
1995 373 2212 418 immobilia
2227 404 2243 427 ,
2274 390 2375 432 ρει-

1348 427 1472 473 sentia
1489 456 1504 480 ‚
1532 431 1572 471 δι
1610 427 1770 476 futura,
1799 427 2085 486 cujuscumque
2129 434 2339 490 qualitatis
2352 462 2369 487 ‚

1347 488 1579 545 quantitatis
1593 513 1608 537 ,
1639 486 1801 542 generis
1816 514 1832 536 ,
1861 485 2006 542 speciei
2024 516 2038 539 ,
2067 491 2107 531 δι
2121 505 2270 536 naturae
2285 494 2375 535 exi-

1348 546 1488 589 stentia
1500 573 1515 596 ‚
1542 546 1583 585 δι
1595 544 1835 601 ubicumque
1848 544 2097 588 coniistentia
2110 574 2124 595 ,
2141 550 2373 602 visitationi,

1346 603 1586 648 correctioni
1612 630 1627 653 ,
1672 602 1914 646 obedientia.-
1927 629 1942 652 ‚
1986 603 2247 658 jurisdictioni
2276 637 2292 658 ,
2334 612 2375 651 Sc

1346 659 1586 705 omnimodae
1600 658 1872 716 superioritati
1887 661 1925 703 in
1953 661 2224 715 spiritualibus
2252 668 2378 708 Ordi-

1347 719 1447 763 narii
1466 718 1545 761 loci
1565 731 1637 772 pro
1653 730 1840 772 tempore
1857 718 2061 761 existentis
2076 720 2284 778 subjacere
2299 724 2375 765 de-

1349 777 1497 827 beant,
1525 778 1565 818 &
1580 787 1797 819 teneantur
1812 802 1828 824 ‚
1858 790 1905 819 ac
1922 778 2018 821 alias
2033 780 2072 821 in
2088 782 2272 823 omnibus
2289 808 2303 830 ,
2334 785 2375 825 &

1345 849 1419 892 per
1430 834 1561 877 omnia
1577 863 1593 885 ,
1623 833 1674 875 ad
1694 835 1815 877 instar
1828 834 1998 876 aliorum
2012 837 2191 889 ejusdem
2204 839 2375 883 Ordinis

1346 892 1686 945 monasteriorum
1699 918 1714 940 ‚
1747 892 1829 934 line
1843 902 1980 936 tamen
2005 896 2175 946 alicuius
2193 898 2377 951 praejudi-

1345 953 1437 1003 cio,
1466 951 1705 995 auctoritate
1730 951 1863 993 nostra
1901 952 2062 1006 erigas,
2094 956 2132 996 &
2164 956 2374 1006 instituas,

1346 1011 1485 1066 illique
1504 1009 1555 1051 lic
1569 1010 1734 1061 eredto,
1765 1010 2002 1052 &inft’tuto
2030 1026 2106 1066 pro
2131 1012 2217 1069 ejus
2241 1014 2342 1055 dote
2358 1041 2373 1065 ,

1343 1071 1384 1111 δι
1397 1069 1703 1111 manutentione
1716 1096 1731 1119 ,
1746 1082 1792 1111 ac
1808 1068 2046 1111 Monialium
2060 1071 2102 1111 in
2116 1084 2167 1112 eo
2177 1086 2252 1125 pro
2269 1081 2379 1112 tem-

1344 1141 1443 1185 pore
1472 1126 1794 1182 recipiendarum
1822 1125 2132 1171 substentatione
2148 1157 2163 1179 ,
2195 1129 2374 1185 legatum

1343 1187 1454 1243 pium
1468 1185 1741 1228 ducentorum
1760 1189 1966 1228 scutorum
1996 1200 2069 1242 per
2098 1187 2250 1229 dietum
2280 1190 2372 1230 Ma·

1343 1247 1445 1288 rium
1462 1273 1478 1296 ,
1508 1254 1551 1286 ut
1564 1243 1779 1299 praesertur
1794 1272 1810 1294 ,
1842 1242 2013 1296 factum,
2031 1259 2188 1288 necnon
2206 1258 2286 1289 tam
2303 1259 2378 1301 per

1346 1303 1662 1348 Univerfitatem
1677 1330 1692 1354 ,
1722 1304 1762 1344 δι
1779 1302 1976 1346 Homines
1991 1303 2194 1359 praedictos
2210 1304 2288 1360 jam
2302 1305 2379 1346 do·

1347 1372 1435 1406 nata
1448 1388 1463 1411 ‚
1477 1362 1517 1404 &
1539 1359 1726 1417 allignata
1741 1389 1756 1413 ,
1770 1375 1817 1404 ac
1830 1362 2068 1405 Monialium
2089 1389 2104 1410 ,
2126 1365 2262 1418 vigore
2275 1376 2380 1418 prae-

1347 1419 1519 1464 sentium
1534 1419 1858 1476 recipiendarum
1873 1419 1992 1463 dotes
2005 1447 2020 1469 ,
2051 1422 2119 1464 seu
2135 1435 2187 1464 ex
2197 1422 2380 1472 dotibus,
2415 1426 2418 1429 '

1349 1480 1557 1535 acquiren.
1585 1493 1701 1534 quam
1716 1478 1770 1521 de
1786 1489 1933 1520 cetero
1965 1493 2037 1534 per
2071 1479 2204 1535 ipsos,
2236 1480 2298 1524 seu
2315 1481 2379 1522 di-

1348 1542 1452 1582 ctam
1475 1536 1934 1580 EleonoramDuciffam
1948 1567 1964 1588 ,
1993 1551 2038 1579 ac
2063 1540 2373 1594 quoscumque.)

1347 1597 1448 1640 alios
1459 1594 1752 1638 Christifideles
1764 1596 1801 1636 in
1819 1607 2086 1651 perpetuum,
2118 1596 2183 1639 vel
2203 1598 2252 1639 ad
2272 1611 2380 1640 tem-

1350 1670 1423 1713 pus
1437 1653 1620 1697 donanda
1632 1681 1646 1702 ‚
1661 1654 1923 1709 relinquenda
1940 1682 1953 1705 ,
1969 1654 2171 1708 eroganda
2188 1683 2200 1706 ‚
2213 1657 2254 1698 δι
2267 1658 2376 1698 elar-

1349 1713 1497 1772 gienda
1553 1713 1654 1756 bona
1681 1740 1697 1763 ‚
1750 1726 1814 1755 res
1851 1740 1866 1763 ,
1919 1713 2191 1768 proprietates
2215 1741 2230 1763 ‚
2274 1727 2376 1755 cen·

1350 1774 1412 1817 sus
1427 1801 1441 1824 ‚
1471 1771 1628 1814 credita
1641 1798 1656 1820 ‚
1686 1770 1772 1827 jura
1788 1799 1803 1823 ,
1833 1770 2101 1814 obventiones
2117 1799 2131 1823 ,
2161 1773 2201 1814 δι
2215 1771 2381 1814 emolu-

1351 1842 1486 1875 menta
1511 1842 1771 1886 quacumque
1784 1859 1799 1882 ,
1829 1829 1936 1872 difta
1970 1830 2211 1872 auetoritate
2243 1830 2379 1872 nostra

1351 1894 1552 1949 perpetuo
1581 1888 1759 1943 applices
1775 1914 1791 1938 2
1818 1889 1859 1929 δι
1883 1889 2144 1944 appropries,
2189 1889 2378 1932 volunta-

1352 1961 1517 2004 temque
1531 1946 1625 1988 dieti
1644 1947 1764 1989 Marii
1782 1948 1821 1989 in
1835 1973 1850 1994 a
1866 1948 1906 1988 &
1917 1946 2050 2002 quoad
2067 1945 2254 2002 praemiffa
2271 1945 2379 1988 suffi-

1351 2009 1511 2051 cienter
1523 2035 1539 2056 ,
1567 2006 1604 2046 &
1619 2006 1847 2060 opportune
1859 2016 2112 2058 commutes;
2143 2007 2184 2047 δι
2212 2006 2281 2048 ins
2274 2016 2377 2060 uper

1352 2066 1487 2110 eidem
1508 2063 1742 2106 Alexandro
1770 2062 1875 2105 Duci
1889 2090 1903 2110 ‚
1933 2065 1973 2104 &
1998 2064 2151 2105 Comiti
2167 2092 2183 2115 ,
2211 2064 2378 2120 ejusque

1356 2128 1395 2168 in
1409 2123 1619 2167 Comitatu
1636 2148 1649 2171 ‚
1662 2122 1727 2164 seu
1744 2123 1872 2164 Terra
1890 2118 2112 2175 hujusmodi
2131 2119 2373 2164 succeffori-

1354 2185 1454 2234 bus,
1485 2180 1685 2223 utintuitu
1702 2179 1975 2235 relignationis
1997 2180 2139 2233 viginti
2165 2180 2229 2222 sex
2259 2180 2379 2222 loco-

1351 2256 1440 2286 rum
1456 2240 1653 2281 montium
1665 2237 1886 2293 hujusmodi
1902 2266 1915 2289 ,
1929 2249 2102 2294 quatuor
2115 2238 2278 2280 Puellas
2294 2267 2308 2288 ,
2323 2245 2376 2279 ex

1351 2301 1456 2343 dieta
1472 2300 1598 2341 Terra
1613 2298 1819 2347 oriundas,
1830 2298 1872 2339 in
1884 2310 2053 2339 numero
2066 2298 2258 2339 earumdc'
2275 2297 2382 2338 duo-

1354 2358 1488 2401 decim
1508 2356 1657 2400 Monial
1668 2357 1745 2396 ium
1762 2367 1994 2411 computari.
2011 2356 2137 2412 gratis
2150 2381 2165 2401 ‚
2176 2357 2216 2397 δι
2230 2357 2378 2408 absque

1355 2417 1436 2459 ulla
1451 2415 1559 2458 dotis
1584 2414 1856 2468 praestatione,
1888 2416 1940 2456 ita
1958 2426 2001 2456 ut
2032 2428 2106 2456 una
2133 2426 2270 2456 earum
2295 2427 2383 2454 mo-

1355 2476 1503 2522 riente,
1519 2473 1594 2515 alia
1611 2471 1647 2513 in
1665 2471 1750 2529 eJus
1765 2472 1874 2523 loco,
1886 2475 2008 2515 etiam
2024 2472 2148 2527 gratis
2164 2471 2289 2526 recipi
2305 2470 2383 2511 de·

1355 2535 1478 2582 beat,
1502 2530 1745 2582 nominare,
1774 2530 1867 2572 &in
1885 2531 2119 2585 receptione
2144 2529 2381 2572 Puellarum

1358 2606 1431 2648 per
1443 2589 1594 2632 dietum
1609 2588 1881 2630 Alexandrum
1901 2591 2057 2630 Ducem
2075 2615 2090 2637 ,
2101 2588 2142 2628 dt
2154 2587 2382 2635 Comitem,

1356 2650 1519 2703 ejusque
1535 2644 1787 2689 Succeffores
1801 2641 2380 2694 nominandarum,Abbatiisae,

1358 2710 1394 2750 &
1412 2705 1648 2748 Monialium
1665 2717 1740 2758 pro
1755 2714 1939 2757 tempore
1954 2702 2211 2744 existentium
2224 2702 2383 2755 capitu·

1358 2765 1504 2808 lai-iter
1519 2788 1534 2811 ,
1563 2763 1603 2803 δι
1618 2774 1689 2814 pet·
1704 2760 1855 2803 secreta
1874 2759 2053 2815 suffragia
2069 2760 2234 2801 accedat
2250 2756 2381 2799 alsen-

1360 2824 1419 2866 sus
1434 2849 1448 2871 ,
1481 2818 1726 2862 Monasterio
1748 2819 1847 2861 vero
1862 2819 1913 2859 sic
1943 2815 2170 2872 erigendo,
2200 2830 2247 2858 ac
2269 2816 2381 2858 illius

1361 2877 1573 2924 Abbatissae
1586 2903 1600 2925 ‚
1630 2878 1671 2918 δι
1698 2875 1943 2919 Monialibus
1959 2903 1974 2926 ,
2003 2889 2048 2917 ac
2077 2872 2248 2929 personis
2261 2902 2278 2925 ,
2309 2887 2381 2916 eo-

1363 2951 1531 2991 rumque
1544 2936 1662 2977 rebus
1678 2962 1693 2985 ‚
1721 2936 1762 2976 &
1775 2935 1885 2977 bonis
1906 2962 1922 2983 ,
1951 2942 1996 2975 ut
2010 2933 2192 2974 omnibus
2204 2957 2220 2982 ‚
2248 2933 2291 2973 δι.
2306 2931 2380 2974 sim

1364 2996 1470 3054 gulis
1486 2992 1732 3051 privilegiis,
1763 2990 2035 3048 prerogativis
2049 3017 2065 3040 ,
2094 2991 2350 3033 libertatibus
2366 3018 2382 3042 ,

1367 3051 1681 3099 immunitatibus
1698 3078 1714 3101 ,
1743 3048 2065 3104 exemptionibus
2078 3074 2093 3096 ‚
2114 3048 2278 3091 indultis
2292 3077 2307 3100 ,
2325 3049 2385 3090 in·

1363 3111 1583 3166 dulgentiis
1599 3138 1614 3160 ,
1643 3110 1680 3150 δι
1709 3108 1873 3163 gratiis,
1902 3107 2045 3162 quibus
2071 3106 2148 3149 alia
2170 3106 2383 3163 ejusdem,

1362 3168 1528 3213 Ordinis
1543 3165 1779 3210 Monalieria
1794 3194 1809 3217 ,
1837 3177 2056 3219 eorumque
2070 3163 2281 3207 Abbatilsae
2293 3192 2308 3213 ,
2342 3166 2381 3206 δι

1361 3227 1563 3273 Moniales
1575 3225 1626 3266 de
1641 3223 1814 3279 jure,u{ii
1832 3250 1848 3274 ,
1874 3222 2187 3273 consuetudine,
2208 3236 2271 3266 aut
2289 3223 2384 3264 alias

1360 3283 1668 3339 quomodolibet
1681 3291 1848 3325 utuntur
1858 3306 1873 3329 ‚
1887 3282 2097 3336 potiuntur
2108 3310 2123 3331 ,
2138 3282 2179 3322 δι
2192 3281 2387 3335 gaudent.

1362 3342 1572 3392 (imiliter,
1601 3342 1641 3382 8ι
1665 3341 1776 3396 aeque
1805 3339 2105 3396 principaliter,
2130 3337 2277 3395 absque
2299 3339 2385 3383 ulla

1367 3400 1527 3457 prorsus
1542 3397 1767 3443 differentia
1779 3397 2218 3452 uti‚potiri‚&gaudere
2235 3397 2388 3451 valei't,

1365 3459 1510 3504 eadem
1527 3457 1767 3499 austeritate
1781 3454 1977 3498 concedas
1991 3483 2004 3503 ,
2033 3458 2071 3496 δι
2091 3455 2302 3511 indulgeas
2318 3486 2330 3498 .

1421 3520 1618 3560 Preterea
1652 3514 1937 3557 Monafterium
1967 3511 2017 3554 [ic
2042 3513 2278 3569 erigendum
2295 3543 2309 3566 ‚
2342 3515 2390 3559 ἰ1-

1362 3573 1513 3629 liusque
1559 3571 1800 3616 Abbatiffam
1825 3598 1840 3621 ,
1886 3571 2083 3614 Moniales
2108 3601 2124 3622 ‚
2165 3572 2207 3613 δι
2246 3572 2389 3617 Perso-

1360 3645 1429 3673 nas
1464 3630 1728 3687 quascumque
1777 3629 1974 3683 gubernio
1993 3656 2008 3679 ,
2049 3629 2230 3684 regimini
2258 3658 2273 3679 ‚
2313 3630 2388 3672 ad..

1361 3689 1636 3731 ministrationi
1665 3716 1681 3739 ,
1727 3686 1942 3729 visitationi
1970 3714 1987 3736 ‚
2024 3689 2263 3730 correctioni
2279 3717 2292 3740 ,
2331 3687 2388 3729 su.

1360 3746 1587 3805 perioritati
1602 3775 1617 3800 ,
1646 3745 1942 3789 &obedientie
1970 3746 2068 3789 Tuis
2084 3774 2099 3798 ,
2126 3748 2167 3788 δι
2191 3760 2266 3801 pro
2284 3756 2391 3789 tem·

2236 3816 2336 3857 pore
