2762 4108
329 359 431 398 talem
442 359 550 396 divini
563 356 612 394 sui
628 356 759 395 consilii
774 358 881 395 finem
896 357 1011 406 gloria
1024 381 1034 398 ‚
1059 356 1095 395 &
1113 353 1365 400 magnificentia
1379 353 1580 390 Serenissimi
1596 354 1761 402 Alphonsi
1777 352 1822 390 il.
1838 354 1985 391 Mutine
1996 378 2006 393 ‚
2038 352 2142 399 Regii
2156 352 2220 389 &c.
2235 352 2370 391 Ducis:
2386 353 2461 389 ino.

329 411 412 456 pino
424 410 510 445 enim
525 408 680 444 divortio
699 406 770 445 i-iic
791 408 906 444 avitos
920 406 1089 441 honorum
1105 405 1206 442 fasces
1218 428 1231 449 ,
1256 402 1512 449 ancillantisque
1530 402 1675 440 fortunae
1691 415 1848 450 pompam
1869 404 1998 451 sprevit
2013 428 2026 446 ‚
2051 403 2187 440 Ducale
2210 403 2389 449 Sceptrum
2402 403 2464 438 de·

327 457 442 506 posuit
455 479 468 499 ‚
491 458 526 493 8(
541 456 689 501 genitam
704 456 745 492 ad
761 456 903 503 imperia
916 466 1050 491 manum
1064 477 1077 497 ,
1093 451 1284 500 Religiosae
1301 451 1482 490 servitutis
1496 451 1637 490 manicis
1655 452 1804 489 subdidit
1819 480 1827 489 .
1854 452 2052 501 Alphonsus
2066 453 2147 489 Dux
2159 477 2170 493 ,
2191 450 2226 487 in
2247 450 2388 487 fortium
2403 475 2413 492 ,
2425 450 2461 486 8(

325 505 521 555 sapientum
535 504 638 552 hujus
656 503 776 541 mundi
788 502 1021 540 confusionem
1042 526 1055 546 ,
1071 501 1180 539 sacius
1194 499 1241 538 est
1262 499 1463 546 Capucinus
1478 525 1487 535 .

424 554 527 592 Sacra
540 555 611 591 hec
624 551 907 599 metamorphosis
919 578 928 594 ,
953 563 1030 600 quoe
1046 551 1213 587 mundum
1230 550 1435 596 Europaeum
1452 548 1486 584 in
1500 548 1551 585 sui
1562 550 1734 597 stuporem
1747 549 1830 585 olim
1846 548 1958 597 rapuit
1969 572 1981 590 ‚
2007 548 2199 596 prolixiore
2210 548 2350 595 quidem
2371 548 2462 596 stylo

326 600 471 640 describi
497 612 681 638 mereretur
696 625 708 643 ‚
734 601 798 636 mei
826 611 939 636 tamen
966 600 1115 637 instituti
1138 611 1217 635 cum
1244 599 1309 634 hoc
1336 608 1408 633 non
1438 595 1474 633 sit
1488 621 1502 642 ,
1528 599 1646 635 lectori
1680 599 1737 636 hic
1759 599 1793 634 in
1807 597 2034 634 microcosmo
2058 599 2148 634 dabo
2159 622 2169 637 ,
2197 609 2273 645 quae
2294 596 2351 633 alii
2365 593 2461 634 Sci-i.

329 659 448 699 ptores
461 676 474 696 ,
501 651 534 689 8<
545 648 823 695 Historiographi
837 650 872 685 iti
888 649 983 685 vasto
999 649 1136 685 tradunt
1148 659 1219 684 mac
1226 646 1382 683 rocosmo
1393 667 1405 679 .

367 746 370 750 ,
431 699 563 737 Prodiit
579 699 694 746 itaque
709 709 752 734 ex
776 698 934 742 Augusto
949 699 1058 736 Ducis
1071 696 1215 733 Caesaris
1233 692 1373 731 Estenlis
1388 718 1401 738 ,
1425 697 1460 732 &
1479 693 1624 731 Ducissae
1636 694 1806 739 Virginiae
1832 693 1988 730 Medices
2014 693 2165 732 thalamo
2178 694 2376 742 Alphonsus
2401 705 2458 730 21.

329 748 500 790 ostobris
520 759 617 797 ¹59¹·
629 747 672 784 ad
687 747 769 782 vitat
783 747 890 783 lucem
907 744 971 782 sine
988 748 1065 782 luce
1079 768 1092 790 ‚
1119 756 1197 783 cum
1209 745 1399 788 coagulatae
1414 744 1586 788 sanguinis
1597 753 1706 788 gutiae
1717 767 1730 787 ,
1741 744 1926 780 oculorum
1937 744 2083 790 pupillas
2095 769 2106 787 ‚
2117 743 2219 780 denso
2234 743 2340 779 veluti
2355 744 2461 789 peplo

330 795 550 838 obduxiffent
563 821 573 831 .
601 797 791 832 Devovent
806 795 913 830 moelli
928 794 1131 831 Sereniliimi
1150 798 1306 830 Parentes
1320 792 1508 837 Seraphico
1520 792 1610 830 Patri
1626 791 1804 828 francisco
1817 802 1946 827 coecum
1962 802 2095 836 partum
2111 819 2119 833 ,
2132 793 2166 828 &
2179 791 2329 828 obtinent
2341 801 2463 838 repen·

330 851 366 887 st
378 846 523 893 gratiam
539 858 548 880 =
573 844 719 890 fuit'pari
733 842 858 879 effeetu
871 843 912 878 ad
927 842 1093 880 Sannum
1109 840 1322 878 franciscum
1334 841 1509 887 duplicata
1520 842 1637 876 oratio
1651 865 1660 879 .
1685 841 1767 877 dum
1789 838 1931 885 gravior
1953 838 1987 874 in
2002 839 2138 877 foveam
2153 841 2262 887 lapsus
2280 839 2461 888 Alphonso

329 902 415 936 vim
425 894 594 944 jacturam
617 892 842 929 minitabatur
854 918 862 926 .
891 893 947 927 Dc
972 891 1141 929 Faventia
1157 915 1168 933 ‚
1194 890 1254 926 ubi
1282 889 1441 926 restituto
1468 890 1599 927 Sanaae
1624 890 1708 926 Sedi
1733 893 1867 927 Ducatu
1895 887 2114 932 ferrariensi,
2142 888 2339 936 Alphonsus
2363 888 2461 924 obses

332 946 499 986 manserat
512 966 525 985 ‚
554 941 725 978 Mutinam
752 952 912 977 vocatum
926 965 939 984 ,
967 944 1072 979 Pater
1087 939 1267 984 Regalium
1282 937 1451 973 virtutum
1465 938 1645 985 disciplina
1670 937 1797 974 erudiri
1810 935 1945 973 curavit
1958 960 1972 980 ,
1993 936 2027 973 8(
2041 936 2122 974 sieut
2132 948 2255 981 aetate,
2281 940 2331 973 ita
2352 937 2387 972 &
2411 935 2461 971 sa·

332 995 460 1045 pientia
472 991 590 1031 taliter
604 989 774 1036 profecit,
803 1000 839 1024 ut
854 989 1017 1028 Clemens
1043 990 1133 1034 Papa
1151 988 1253 1024 vill.
1279 986 1445 1022 Genitori
1465 986 1501 1022 in
1514 989 1743 1031 gratulatione
1767 985 1910 1032 desuper
1932 987 2155 1032 applauderet
2171 1009 2184 1028 2
2208 985 2243 1021 8(
2260 983 2455 1022 franciscus

335 1043 449 1085 Maria
466 1043 547 1078 Dux
559 1038 681 1078 Urbini
695 1062 708 1081 ,
736 1037 822 1074 Filio
837 1037 854 1072 s
852 1036 992 1083 phaeram
1006 1038 1120 1074 mundi
1134 1045 1328 1081 argenteam
1344 1059 1355 1078 ‚
1383 1035 1418 1071 8(
1430 1036 1520 1071 varia
1535 1035 1959 1072 Matheseosinstrumenta
1974 1034 2008 1069 in
2023 1035 2153 1070 donum
2170 1033 2320 1070 mitteret
2339 1058 2349 1069 .

433 1088 649 1129 Annoaetatis
671 1086 723 1124 16.
745 1088 939 1132 completo,
965 1084 1206 1125 Serenisiimam
1225 1083 1388 1121 infantem
1407 1083 1583 1121 isabellam
1597 1109 1607 1125 ,
1632 1084 1756 1120 Caroli
1779 1082 1971 1119 Emanuelis
1996 1082 2174 1119 Sabaudiae
2202 1081 2311 1118 Ducis
2337 1081 2458 1117 Filiam

332 1143 508 1190 hymenaeo
519 1136 642 1173 foedere
656 1134 713 1171 sibi
727 1134 842 1180 iunxit
857 1134 989 1178 ,Coelo
1002 1137 1143 1172 Sacrum
1158 1133 1368 1169 connubium
1385 1132 1528 1179 copiosa
1557 1131 1652 1169 virili
1679 1132 1780 1179 siirpe
1793 1130 2005 1168 soecundante
2023 1148 2031 1156 -
2058 1133 2151 1168 Dum
2179 1130 2319 1167 isabella
2343 1131 2464 1166 Nato·

338 1201 415 1227 rum
427 1185 621 1225 educationi
638 1184 750 1220 sedula
760 1184 839 1220 cura
854 1184 1018 1228 invigilat
1036 1209 1046 1225 ‚
1074 1181 1273 1229 Alphonsus
1289 1182 1462 1218 subditum
1478 1183 1647 1229 populum
1679 1180 1802 1216 timore
1821 1204 1829 1219 ,
1855 1179 1888 1215 8(
1903 1190 2017 1217 amore
2029 1206 2037 1221 ,
2061 1192 2123 1216 ceu
2137 1179 2277 1225 gemino
2298 1179 2384 1226 polo
2398 1189 2464 1223 gu·

340 1240 484 1276 berna,
512 1235 545 1270 &
561 1234 722 1278 utrinque
736 1232 908 1267 communi
926 1233 1063 1268 virtutis
1076 1233 1237 1278 exemplo
1252 1242 1453 1268 communes
1469 1230 1652 1278 applausus
1677 1229 1738 1265 sibi
1754 1239 1953 1276 comparent
1965 1253 1976 1270 ‚
1998 1238 2144 1265 mutatus
2155 1229 2204 1264 est
2227 1226 2341 1264 subito
2361 1228 2461 1264 color

340 1287 493 1332 optimus
505 1308 518 1329 ,
542 1282 666 1321 recessit
680 1284 699 1318 'a
711 1279 824 1316 semita
838 1281 928 1328 legis
942 1280 1140 1330 Alphonsus
1153 1304 1167 1327 ,
1189 1279 1400 1329 honorisque
1410 1278 1506 1315 simul
1520 1303 1530 1320 ‚
1554 1278 1589 1315 8(
1604 1278 1763 1315 vindiciae
1784 1277 1896 1315 studio
1918 1277 2078 1315 incensus
2089 1277 2126 1313 in
2142 1277 2257 1314 varios
2270 1275 2462 1313 declinavit

335 1334 488 1372 excessus
505 1358 516 1371 .

436 1385 581 1421 ‘l'cnerae
594 1377 742 1416 Ducissae
755 1388 872 1424 preces
887 1402 901 1422 ‚
929 1379 963 1415 8(
977 1378 1156 1428 lachrymae
1167 1377 1355 1415 induratum
1365 1376 1506 1425 quidem
1524 1376 1633 1414 Ducis
1647 1376 1795 1413 animum
1812 1375 1975 1412 emollire
1985 1387 2056 1411 non
2075 1384 2240 1421 poterant
2253 1399 2266 1419 ‚
2285 1371 2463 1409 infirmitas

337 1441 447 1470 autem
461 1455 474 1475 ‚
500 1441 566 1475 qua
583 1431 678 1465 Deus
690 1438 766 1463 eum
782 1427 949 1473 corripuit
965 1457 974 1470 ,
997 1427 1094 1463 illco
1105 1427 1221 1464 effecit
1237 1451 1249 1472 ,
1267 1438 1306 1464 ut
1330 1427 1373 1463 ad
1385 1436 1443 1462 cor
1456 1424 1599 1465 rediret,
1624 1430 1655 1462 &
1671 1424 1850 1472 supercilia
1869 1423 1992 1460 sutoris
2009 1425 2133 1460 virtute
2147 1432 2347 1468 temperaret
2364 1449 2373 1456 .
2398 1421 2460 1456 Fe-

334 1481 382 1518 sta
396 1479 517 1525 gaudia
534 1488 649 1513 tamen
663 1476 705 1511 de
718 1474 940 1513 conversione
953 1477 1012 1514 diu
1029 1487 1087 1523 per
1105 1478 1229 1512 Aulam
1240 1488 1310 1513 non
1323 1476 1520 1512 resonabant
1532 1498 1544 1519 ‚
1564 1475 1649 1522 quin
1667 1474 1749 1512 tristi
1764 1473 1982 1511 miscerentur
2011 1472 2093 1509 sessu
2105 1496 2114 1514 ‚
2138 1470 2280 1508 Ducii'sa
2305 1472 2325 1506 a
2352 1471 2432 1506 Deo
2447 1491 2462 1511 ,

336 1529 429 1567 viiae,
447 1526 629 1572 mortisque
647 1524 799 1560 Domino
816 1547 828 1567 ‚
842 1525 884 1562 ad
899 1525 1022 1563 sortem
1038 1525 1235 1562 aeternitatis
1249 1526 1390 1563 vocata.

435 1576 555 1621 Coepit
569 1585 614 1612 ex
629 1572 761 1609 funesto
776 1572 841 1610 hoc
852 1573 927 1610 casu
942 1574 1157 1622 Alphonsum
1170 1575 1352 1611 mundante
1366 1572 1527 1609 vanitatis
1535 1582 1750 1620 contemptus
1763 1595 1777 1615 ‚
1807 1571 1841 1607 8(
1854 1582 1963 1607 rerum
1976 1569 2160 1607 coelestium
2172 1567 2300 1615 cupido
2310 1566 2460 1603 animum

338 1626 411 1676 ejus
425 1626 471 1660 ita
487 1622 597 1660 affecit
611 1645 623 1668 ‚
643 1632 681 1657 ut
706 1622 874 1658 Ducalem
892 1624 1080 1669 Purpurarn
1098 1646 1108 1662 .
1131 1623 1303 1660 &illustre
1327 1633 1449 1659 nomen
1463 1622 1523 1658 sub
1540 1622 1738 1658 Monasticae
1766 1619 1847 1656 vitae
1879 1619 2028 1656 tenebr1s
2052 1619 2196 1666 sepelire
2209 1640 2222 1659 ,
2241 1626 2458 1661 memorque,

339 1676 434 1722 quod
446 1674 612 1709 Habitum
626 1670 848 1716 Capucinum
864 1671 958 1717 pusio
971 1672 1004 1707 iri
1030 1673 1203 1709 anathema
1225 1671 1412 1718 gestaverit
1424 1694 1434 1710 ,
1458 1670 1493 1706 &
1509 1671 1646 1707 Ducisi'a
1659 1670 1693 1706 in
1707 1670 1830 1706 eodem
1854 1668 1990 1715 sepeliri
2003 1667 2174 1711 voluerit,
2200 1663 2460 1712 Religionem-a

344 1723 488 1763 nostram
511 1719 584 1767 post
599 1729 724 1756 matura
739 1719 874 1755 consilia
888 1719 1020 1764 ingredi
1031 1721 1247 1759 decerneret.
2028 1736 2031 1739 ·

416 1768 559 1808 Accessit
574 1766 758 1815 stupefacta
771 1769 878 1804 Roma
891 1780 947 1818 per
963 1768 1088 1805 Brevia
1104 1769 1303 1817 Apostolica
1318 1768 1415 1812 supra
1431 1768 1536 1818 posita
1550 1768 1665 1805 ranno
1679 1765 1967 1813 propofitoJ-iinc
1985 1765 2128 1802 Ducalis
2146 1763 2281 1810 imperii
2297 1762 2460 1808 Sceptro,

341 1819 438 1859 filio
453 1816 622 1855 francisco
634 1815 839 1863 consignato
850 1839 862 1860 ,
890 1817 1111 1863 Alphonsus‚
1132 1816 1228 1854 velut
1239 1817 1327 1854 alter
1342 1814 1513 1859 Roboam,
1540 1817 1693 1866 ascendit
1713 1827 1856 1852 currum
1867 1816 1965 1860 suum
1981 1840 1987 1847 .
2015 1814 2159 1862 &fugit
2175 1815 2211 1849 iu
2230 1809 2423 1862 “Jerusalem
2435 1834 2449 1854 ‚

339 1870 397 1907 seu
407 1868 447 1903 ad
464 1864 649 1914 Provinciae
663 1864 854 1903 Tirolensis
867 1865 1094 1902 Conventum
1111 1867 1177 1904 loci
1193 1866 1324 1903 Mei-ani
1341 1887 1355 1908 ,
1368 1865 1484 1914 ibique
1494 1867 1550 1902 die
1565 1890 1574 1906 ,
1599 1877 1670 1913 quo
1684 1866 1785 1902 Beata
1801 1868 1910 1908 Virgo
1925 1863 2035 1899 Maria
2051 1875 2133 1899 nata
2145 1862 2193 1899 est
2206 1862 2336 1898 mundo
2348 1883 2360 1903 ,
2386 1858 2440 1907 ips
2440 1871 2459 1895 e

339 1917 470 1973 mundo
491 1913 636 1971 denatus
652 1937 664 1957 ‚
684 1913 719 1950 &
743 1914 790 1971 ‘S-
820 1914 965 1952 Ordinis
990 1915 1125 1951 Habitu
1142 1915 1203 1951 sub
1221 1914 1354 1952 infinito
1379 1915 1629 1963 propemodum
1655 1913 1808 1950 mirantis
1841 1912 1961 1960 populi
1982 1911 2115 1949 affluxu
2136 1910 2366 1956 inauguratus
2387 1909 2460 1951 est,

338 1961 1254 2048 ῃοιῃιῑῖῗοἔῗιὶἓιέἶὶῇξὲιςξῗιτῗᾶζὲἷᾶῖιῗῖῑυέξῐῐιὲτῇεηι
1265 2035 1279 2055 ,
1303 2022 1384 2049 tunc
1398 2011 1566 2060 Ioannem
1584 2011 1732 2049 Mariam
1749 2011 1768 2046 a
1787 2011 1891 2047 Noto
1901 2034 1915 2054 ‚
1939 2021 1984 2046 eo
1996 2007 2107 2047 affecit
2116 2009 2267 2054 gaudio,
2283 2017 2323 2044 ut
2339 2030 2348 2045 ,
2369 2006 2456 2042 dum

337 2060 554 2105 Religionem
576 2059 706 2108 J-*ianne
735 2058 882 2106 Baptista
903 2060 1064 2095 honorari
1090 2059 1285 2097 testeaebat
1302 2082 1315 2104 ,
1340 2062 1438 2097 illum
1460 2061 1495 2097 8(
1523 2061 1566 2098 ab
1580 2061 1641 2096 hac
1674 2060 1874 2106 specialibus
1893 2058 2015 2103 gratiis
2037 2060 2191 2096 decorari
2245 2067 2377 2103 :equum
2402 2068 2456 2093 re-

337 2119 474 2157 putaret
488 2130 499 2142 .
524 2108 614 2143 Hinc
628 2107 723 2144 illum
736 2107 860 2155 absque
876 2107 1051 2144 ulterioris
1064 2106 1164 2145 studii
1176 2120 1282 2146 onere
1294 2134 1306 2152 ,
1327 2109 1625 2148 concionatorem
1641 2108 1860 2155 designavit,
1883 2109 1927 2145 de
1949 2107 2164 2144 illius'solida
2187 2106 2342 2143 doctrina
2356 2127 2369 2148 ,
2395 2117 2459 2141 va-

335 2159 443 2205 stique
456 2155 583 2200 ingenii
596 2155 782 2195 acrimonia
798 2156 928 2193 dudum
942 2155 1117 2199 persuasus
1134 2183 1144 2192 .

434 2205 504 2241 Diu
520 2204 669 2254 Ioannes
685 2203 856 2249 Baptista.
881 2203 990 2241 veluti
1004 2203 1111 2252 passei-
1127 2205 1300 2245 solitarius
1315 2234 1327 2251 ‚
1349 2207 1443 2245 inter
1457 2207 1606 2252 angusta
1632 2207 1725 2243 cella:
1750 2207 1898 2253 parietes
1918 2204 2037 2241 mansit
2051 2229 2064 2248 ‚
2088 2205 2257 2251 abnegans
2283 2203 2453 2241 saeculatia

336 2253 521 2296 desideria,
545 2254 576 2288 &
591 2252 700 2289 sobrie
715 2278 723 2290 .
745 2251 852 2305 juste,
881 2265 920 2289 ac
939 2251 992 2301 pie
1012 2253 1138 2291 vivens
1156 2266 1168 2295 ς
1191 2254 1304 2292 sensim
1329 2257 1442 2306 postea
1461 2255 1609 2292 ebullire
1629 2255 1737 2302 coepit
1764 2254 1799 2290 in
1821 2255 1918 2290 illius
1939 2253 2052 2289 animo
2083 2253 2306 2302 Apollolicus
2334 2254 2461 2297 zelu53

337 2304 387 2339 ita
402 2329 412 2342 .
436 2313 472 2339 ut
485 2303 528 2357 ad
545 2312 657 2346 partes
671 2300 826 2341 Orientis
840 2314 903 2347 pro
916 2302 1022 2339 salute
1032 2303 1186 2346 gentium
1197 2328 1211 2348 ‚
1235 2315 1296 2342 aut
1311 2307 1354 2343 ad
1370 2308 1487 2352 plagas
1505 2303 1702 2340 Germaniae
1731 2314 1794 2350 pro
1816 2301 2037 2339 conversione
2063 2302 2345 2339 Acatholicorum
2364 2303 2462 2338 able·

334 2352 430 2397 gai-i.
455 2349 555 2389 enixe
568 2348 766 2388 desideraret
782 2378 790 2387 .
813 2350 990 2388 Votorum
1005 2349 1164 2390 effeetum
1187 2353 1346 2392 distraxit
1360 2354 1461 2392 tristis
1486 2353 1528 2388 ‹le
1553 2351 1754 2399 Epidemica
1785 2353 1858 2390 lue.
1881 2353 2056 2389 Ducatum
2082 2350 2308 2388 Mutinensem
2332 2348 2456 2391 acerbef

335 2400 549 2439 concutiente
565 2398 728 2454 nuntiu33
752 2400 976 2447 compassione
987 2399 1077 2436 enim
1090 2412 1225 2444 motus,
1240 2402 1376 2452 sumpsit
1386 2403 1544 2440 baculum
1557 2424 1571 2442 ,
1593 2402 1627 2438 &
1646 2401 1680 2437 in
1706 2400 1919 2449 adjutorium
1946 2400 2091 2448 populi,
2117 2401 2216 2449 cujus
2229 2400 2454 2446 temporales.-

334 2449 603 2495 gubernaculum
616 2446 805 2485 dimiserat.
833 2448 986 2494 pedester
1004 2455 1206 2495 properavit
1223 2474 1234 2485 .
1261 2453 1340 2489 Viae
1354 2461 1465 2488 tamen
1480 2451 1609 2498 ubique
1623 2451 1747 2486 clausae
1760 2474 1773 2494 ,
1798 2449 1832 2485 &
1866 2449 2018 2486 custodia
2042 2447 2188 2485 rnilitum
2215 2448 2352 2485 munitae
2375 2448 2462 2484 reti·

335 2497 665 2542 nueruntimperum
678 2495 838 2541 spiritns,
859 2496 893 2532 8(
908 2495 1068 2535 accessum
1087 2497 1127 2534 ad
1141 2499 1313 2536 nucarum
1328 2510 1542 2545 negaverunt
1558 2521 1571 2542 ,
1594 2499 1642 2534 ita
1668 2499 1813 2546 quidem
1827 2522 1841 2542 ‚
1867 2509 1904 2534 ut
1930 2498 1973 2533 ad
2001 2498 2217 2536 Provinciam
2233 2524 2240 2536 .
2270 2497 2386 2534 itinere
2399 2504 2458 2544 per

340 2542 732 2600 Tergestum-coiifcfiio,
754 2545 860 2601 red-lte
881 2545 1040 2581 statueret
1053 2570 1064 2585 .
1095 2548 1289 2594 Appulsum
1311 2549 1447 2594 ioannis
1467 2547 1627 2595 Baptistae
1641 2548 1676 2583 in
1686 2548 1749 2583 hac
1762 2545 1931 2583 maritima
1946 2546 2101 2584 Civitate
2129 2545 2290 2594 explosio
2310 2555 2459 2582 tormen·

335 2603 451 2630 torum
469 2593 668 2630 bellicorum
685 2592 833 2628 reddidit
848 2593 1024 2640 publicum
1040 2619 1051 2636 ,
1071 2595 1225 2634 accursus
1239 2598 1361 2643 populi
1378 2597 1544 2634 celebrem
1562 2621 1572 2636 .
1601 2596 1719 2633 iterata
1745 2607 1823 2632 curn
1847 2594 2057 2632 §srenissimo
2075 2596 2219 2633 Austriae
2233 2594 2455 2631 archiduce..

337 2642 524 2688 Leopoldo
535 2665 546 2683 ‚
573 2640 792 2689 ejusdemque
806 2642 926 2698 Nepte
940 2642 1009 2678 Mai
1019 2643 1051 2678 ia
1063 2667 1075 2687 ‚
1103 2643 1253 2692 Philippi
1270 2647 1333 2684 ΙΙΙ.
1349 2646 1590 2692 Hispaniarum
1605 2645 1710 2690 Regis
1718 2644 1806 2684 Filia
1817 2646 2014 2680 collocutio
2027 2644 2214 2688 gloriosum
2232 2668 2241 2679 .
2311 2642 2452 2678 nantum

334 2692 424 2726 vero
446 2689 795 2736 Archiduxjoannem
812 2689 997 2736 Baptistam
1012 2691 1154 2729 videndi
1165 2694 1328 2741 cupidine
1343 2694 1537 2732 trahebatur
1549 2718 1562 2738 ,
1589 2695 1717 2731 tantt‘im
1729 2694 1773 2730 de
1790 2693 1883 2729 illius
1897 2692 2017 2728 humili
2030 2693 2193 2731 modestia
2207 2692 2457 2735 aedificabatur,

336 2746 377 2775 ut
391 2739 494 2795 etiam
509 2737 693 2790 aliquoties
707 2737 880 2788 lachrymae
891 2762 900 2777 2
926 2740 958 2774 in
967 2739 1151 2787 colloquio
1166 2742 1324 2789 absorpta
1350 2754 1416 2790 prae
1430 2753 1546 2779 tenero
1560 2754 1674 2778 amore
1703 2742 1806 2779 verba
1820 2740 1975 2789 supplere
1992 2741 2154 2779 deberent
2171 2766 2181 2778 .

434 2790 557 2844 Itinere
588 2787 746 2830 tandem,
772 2785 954 2836 hyemante
977 2789 1091 2828 coelo,
1117 2800 1177 2835 per
1190 2791 1392 2835 Goritiam,
1417 2795 1450 2827 &
1475 2791 1686 2828 Carinthiam
1716 2789 1902 2834 traducto,
1931 2789 2147 2827 Provinciam
2170 2791 2284 2828 denuo
2309 2787 2454 2834 attigit,

339 2835 518 2884 POstquam
536 2848 568 2870 ¹¹¹
597 2834 731 2870 11'811510
746 2835 939 2881 ch‘flwnti
964 2836 1007 2872 ffb
1032 2837 1174 2874 altefato
1186 2839 1382 2878 Archiduce
1396 2840 1451 2884 ,&
1467 2843 1486 2876 ἐι
1498 2839 1708 2878 Sereniffima
1726 2841 1833 2876 Maria
1861 2839 2070 2884 Magdalena
2084 2863 2096 2882 ,
2124 2839 2254 2886 Magna
2280 2839 2456 2876 Hetrurlae

344 2885 483 2921 Duc-ssa
497 2884 626 2930 perium
641 2883 681 2919 de
697 2884 829 2940 Habitu
842 2884 961 2919 Sancti
976 2885 1084 2923 Patris
1095 2886 1259 2925 Francsssci
1271 2913 1284 2933 ,
1300 2890 1334 2924 8(
1348 2889 1475 2925 Crucis
1486 2888 1673 2933 imaginem
1683 2899 1729 2924 ex
1744 2887 1843 2932 ligno
1855 2912 1868 2932 ,
1881 2886 2035 2934 ejusdem
2055 2888 2173 2925 Sancti
2191 2890 2299 2926 Patris
2322 2897 2455 2923 nuncu-

335 2942 418 3017 pa‘tro
434 2957 447 2978 ‚
472 2943 547 2983 quae
563 2957 573 2975 ,
603 2932 636 2968 8(
649 2934 789 2981 quodni
804 2931 949 2970 Ecclesia
967 2933 1080 2971 nostra
1096 2935 1239 2974 Mutinae
1266 2937 1405 2984 publico
1418 2937 1526 2976 cultui
1541 2937 1655 2975 adhue
1667 2947 1893 2989 exponuntur
1902 2962 1913 2978 ,
1935 2937 1971 2974 in
1999 2937 2126 2975 donum
2146 2937 2346 2978 memoriale
2362 2946 2461 2973 acce-

336 2993 372 3031 pi
399 2994 431 3017 et
448 3004 459 3017 .
557 2995 558 2998 ¹
728 2998 730 3000 ·

366 3077 375 3086 .
435 3029 553 3067 Brevis
567 3026 628 3066 suit
650 3029 683 3066 in
697 3028 878 3067 Provincia
895 3040 988 3066 mora
1004 3054 1017 3074 ‚
1044 3034 1078 3068 &
1101 3033 1230 3069 nonnisi
1256 3034 1397 3081 publicae
1415 3034 1553 3081 pietatis
1568 3034 1741 3071 exercitiis
1756 3034 1866 3072 dicata
1878 3058 1894 3078 ,
1917 3034 2056 3081 spiritus
2072 3036 2168 3072 enlm
2182 3063 2192 3078 ,
2219 3035 2254 3072 8(
2275 3036 2456 3080 dilatando

336 3077 566 3115 Fideiardor.
586 3091 656 3125 quo
674 3079 856 3118 zstuabat,
883 3079 979 3115 illum
995 3079 1165 3117 Viennam
1193 3094 1352 3129 pergere,
1379 3084 1414 3120 8(
1439 3083 1688 3131 Augustiffimo
1717 3082 1914 3132 imperatori
1939 3084 2149 3121 ferdinando
2169 3083 2220 3121 sui
2246 3085 2358 3123 cordis
2378 3086 2454 3123 ‹le-2

335 3127 563 3164 conversione
579 3132 753 3163 Saxonum
766 3127 887 3163 secreta
902 3126 1089 3174 patefacere
1103 3133 1369 3178 compulerunt.

379 3224 388 3233 .
438 3175 580 3233 Excepit
598 3178 788 3235 imperator
805 3177 1021 3221 Capucinum
1037 3178 1165 3215 honore
1181 3203 1193 3223 ,
1221 3180 1370 3229 Principli
1388 3183 1534 3228 proptio
1545 3205 1558 3227 ,
1580 3180 1725 3218 dissuasit
1736 3191 1852 3219 autem
1863 3180 2019 3218 idaeatum
2033 3184 2124 3229 opus
2137 3207 2146 3220 .
2169 3182 2367 3231 &joannes
2382 3183 2454 3219 Ba·

337 3224 437 3273 ptisla
453 3225 556 3262 saeris
569 3224 667 3261 donis
680 3248 692 3267 ‚
704 3235 794 3281 inter
807 3236 882 3270 qiiae
897 3225 1019 3271 Caput
1034 3226 1216 3272 Virginis.
1232 3229 1427 3275 εκῡθέρξὶω
1443 3229 1576 3271 Ursulae
1587 3230 1760 3267 societate
1775 3254 1787 3274 ‚
1801 3230 1835 3268 in
1851 3230 1996 3268 Ecclesia
2012 3231 2123 3266 nostrii
2141 3231 2318 3269 Scaudiani
2329 3231 2444 3267 adhuc

333 3273 583 3359 gonservatum
599 3297 612 3314 ,
627 3273 854 3320 reperiebatur
868 3295 881 3317 ,
904 3276 1094 3332 cumulatus
1110 3300 1120 3317 ,
1144 3288 1204 3321 nec
1218 3278 1396 3329 confusus,
1420 3279 1500 3317 dum
1525 3279 1657 3318 zelatus
1674 3278 1716 3329 est
1740 3279 1885 3321 bonum,
1910 3279 1954 3316 ad
1980 3279 2195 3319 Provinciam
2217 3279 2307 3317 suam
2333 3291 2450 3326 regre-

359 3333 424 3357 itur
437 3344 450 3352 ·

407 3417 415 3425 ·
434 3371 468 3407 in
484 3369 607 3427 Styfiae
618 3368 766 3414 ingressu
783 3370 899 3406 literas
915 3371 1280 3417 Superioriiminvenit
1297 3399 1306 3415 ,
1335 3377 1455 3413 dantes
1467 3376 1497 3413 ei
1510 3377 1686 3424 optionem
1701 3400 1714 3420 ,
1740 3379 1796 3413 vel
1811 3376 1846 3412 in
1863 3376 2046 3413 Provincia
2058 3374 2180 3425 Styriae
2198 3375 2420 3423 permanendi
2431 3400 2445 3419 ,

338 3418 440 3474 veliti
457 3419 635 3475 Provincia
653 3417 864 3455 Bononiensi
880 3419 1120 3474 {Lombardiae
1132 3423 1242 3458 adhuc
1255 3424 1351 3459 unita
1364 3449 1376 3468 ‚
1399 3427 1645 3468 Convensum,
1671 3426 1705 3463 &
1721 3426 1858 3472 quidem
1873 3425 1907 3461 in
1921 3426 2057 3462 Ducatu
2076 3424 2256 3461 Mutinensi
2272 3423 2366 3461 situm
2389 3423 2453 3460 sibi

335 3466 522 3523 seligendi-7
555 3467 713 3503 Exirafta
732 3469 805 3525 poll
814 3468 964 3525 fervidas
974 3479 1090 3524 preces
1104 3470 1219 3507 scheda
1231 3495 1245 3515 ,
1269 3472 1438 3510 Mutinam
1452 3473 1510 3520 ipsi
1525 3474 1702 3514 exhibuit,
1715 3476 1787 3521 quo
1799 3475 1832 3510 8(
1844 3473 1982 3509 indutus
1995 3473 2120 3510 virtute
2131 3484 2176 3508 ex
2189 3476 2258 3509 alto
2266 3474 2445 3511 concesiit.

338 3518 391 3551 Dc
404 3515 516 3558 8²⁰⁶ss
532 3516 648 3573 sensuy
672 3516 866 3572 quosilius
881 3516 1076 3556 Franciscus
1095 3524 1176 3556 Dux
1192 3543 1203 3562 ‚
1229 3532 1306 3556 cum
1320 3523 1529 3558 Sereniliima
1545 3523 1683 3560 Familia
1695 3547 1708 3567 ,
1740 3523 1872 3558 Patrem
1886 3520 2023 3566 excepit
2036 3545 2044 3558 .
2075 3522 2132 3557 ille
2149 3522 2241 3559 solus
2255 3524 2349 3570 :eque
2362 3522 2454 3571 judi-

336 3575 415 3619 63ῐῖ
431 3563 535 3619 Ροῖἰῆ
552 3588 563 3605 2
578 3577 635 3620 qm
650 3574 775 3621 Ἠχοῦς
805 3567 907 3622 taleJn
923 3565 1054 3601 Patrem
1085 3568 1172 3604 inter
1190 3569 1225 3605 8(
1239 3570 1320 3606 tales
1335 3571 1443 3607 filios
1458 3571 1609 3615 vigentis
1620 3571 1727 3607 noscit
1742 3572 1903 3607 virtutem
1922 3590 1930 3598 -
1953 3569 2054 3606 Nihil
2080 3571 2133 3606 bie
2146 3571 2186 3606 ile
2199 3570 2368 3618 assumpto
2380 3573 2447 3607 Ca-

338 3622 466 3669 pucinae
479 3622 558 3647 viiie
572 3623 684 3656 rigore
702 3624 898 3649 immutavit
912 3636 925 3655 ‚
954 3617 1092 3657 angusta
1106 3617 1192 3653 cella
1210 3641 1220 3657 ‚
1242 3617 1405 3665 solitaque
1429 3618 1616 3656 Refestorii
1646 3619 1841 3666 parsimonia
1865 3626 2064 3662 contentus,
2086 3618 2214 3654 studuit
2240 3620 2279 3654 in
2295 3620 2448 3656 omnibus

329 3659 485 3717 sussum,
499 3661 646 3705 praebere
658 3661 840 3710 exemplum
853 3662 1015 3698 bonorum
1032 3672 1166 3711 operum
1178 3690 1190 3710 ,
1216 3667 1256 3700 in
1266 3666 1420 3703 doflri'na
1432 3692 1444 3712 ,
1468 3669 1508 3703 r'n
1518 3670 1724 3716 integritare
1738 3691 1752 3711 ,
1773 3667 1816 3710 ὼ·
1829 3668 1867 3703 in
1893 3666 2075 3714 gravitate
2091 3692 2101 3703 .
2129 3669 2444 3707 Bachanaliorum..

336 3711 511 3765 libertati,
540 3718 578 3742 ut
591 3709 771 3756 derogaret
785 3734 798 3754 ,
824 3724 879 3756 40.
898 3711 1068 3748 Horarum
1082 3715 1272 3750 orationem
1286 3714 1433 3752 instituit
1448 3741 1456 3755 .
1484 3717 1518 3752 &
1542 3717 1584 3753 ad
1605 3729 1678 3754 eam
1690 3715 1877 3757 concione,
1899 3725 2000 3761 quam
2022 3727 2068 3752 eat
2094 3714 2212 3753 sanai
2238 3717 2372 3754 Patroni
2398 3715 2452 3752 sui

338 3758 451 3793 verbis
467 3767 475 3789 ε
502 3752 576 3792 Vox
598 3756 776 3815 clar-nuntii
802 3760 839 3795 in
858 3758 1012 3807 Defieuo,
1036 3770 1159 3809 parate
1173 3763 1265 3798 viam
1282 3762 1423 3800 Domini·
1439 3790 1451 3810 ,
1477 3764 1847 3814 ressatfacr‘tesemi'tas
1860 3762 1954 3812 ejus,
1979 3763 2131 3812 apposite
2145 3765 2325 3804 deductam
2339 3789 2352 3810 ,
2375 3764 2446 3813 ipse

340 3806 382 3846 dc
396 3805 554 3857 suggestu
569 3805 687 3843 habuit
702 3829 715 3850 ,
740 3810 907 3857 populum
924 3808 1110 3850 invitavit.
1140 3811 1353 3852 solvebatur
1365 3813 1402 3850 in
1428 3814 1585 3865 copiosae
1600 3814 1785 3865 lachrymas
1808 3821 2036 3860 congregatus
2058 3825 2193 3862 coetus,
2218 3816 2322 3861 dum,
2349 3824 2450 3861 quem

2326 3862 2410 3901 olim
