2710 4108
1039 264 1043 268 .
1099 193 1646 313 Januenfis.

390 305 501 361 Posi
519 321 588 358 eos
605 340 623 365 ‚
646 310 701 357 ὃ
715 300 982 372 [ΰρὶάᾶἱὶἶω
1006 307 1211 375 sbHeoaees
1243 329 1453 364 remanent
1480 315 1616 366 adhuc
1655 313 1762 366 huic-
1782 313 2048 369 Pro-vincia:

527 378 771 427 Con-vems
799 372 999 424 Fratrum
1022 397 1139 429 xxxx
1157 400 1198 431 ι.

524 444 723 512 Kaspiria
758 462 832 494 tv.

2146 205 2314 311 367

523 512 815 568 Mona-fluia
837 512 1117 569 Matidium
1146 514 1293 570 arim
1319 519 1469 578 talium
1509 542 1552 578 ι.

525 584 860 637 ὓεπουιὲηεεὲυὲ
887 585 1040 636 ulium
1078 605 1098 637 1
1107 621 1121 637 .

260 863 572 929 Donationem
606 874 815 929 Ecclefiae
846 879 1101 944 S.Joannis
1137 883 1296 951 Bapti-

264 987 269 992 .
328 947 401 999 stae
427 949 584 998 Terra
603 949 772 998 Finarii
790 981 808 1008 ,
836 949 1076 1000 Fratribus
1089 950 1147 1001 ab
1166 951 1292 1021 Epis-'-

328 1034 447 1087 copo
476 1015 640 1068 fastam
666 1052 684 1077 ,
721 1017 987 1087 Apostolica
1017 1020 1290 1107 auRoritate

328 1085 590 1148 confirmat,
606 1105 657 1137 ac
672 1090 882 1141 eamdem
896 1088 1162 1151 Ecclesiam,
1175 1092 1287 1159 ejus·

1353 882 1394 923 δι
1411 881 1572 937 poenis,
1599 883 1624 927 ὁ
1644 881 1762 939 jure,
1794 879 1860 924 vel
1888 881 1938 925 ab
1956 882 2120 925 homine
2149 881 2288 938 quavis
2303 894 2376 922 oc-

1352 942 1510 984 casione
1536 939 1602 984 vel
1616 939 1730 983 causa
1756 939 1875 990 latis,
1905 939 1931 983 si
1949 941 2093 996 quibus
2120 938 2379 996 quomodoli-

1349 999 1419 1043 bet
1438 998 1654 1043 innodatus
1669 997 1801 1043 existit
1816 1026 1830 1049 ‚
1860 997 1911 1041 ad
1928 997 2112 1042 effectum
2127 997 2376 1053 praesentium

1347 1059 1548 1104 duntaxat
1566 1055 1893 1113 consequendum
1908 1084 1926 1109 ,
1953 1058 2094 1101 barum
2118 1054 2222 1099 serie
2246 1053 2380 1099 absol·

1345 1129 1487 1162 ventes
1498 1147 1516 1169 ,
1542 1118 1583 1160 δι
1597 1116 1824 1161 absblutum
1838 1114 1928 1160 sore
1945 1116 2157 1160 censentes
2175 1144 2190 1166 ,
2221 1128 2266 1156 ac
2281 1125 2379 1155 con-

329 1159 527 1227 demque
546 1163 755 1211 Domum
773 1161 819 1209 5¹¹
846 1163 1148 1213 conventum
1176 1182 1284 1216 cum
1343 1176 1524 1220 cessionis
1544 1204 1558 1229 ‚
1587 1177 1629 1219 δι
1646 1175 1820 1233 desuper
1845 1173 2118 1219 confectarum
2143 1173 2379 1217 litterarum

326 1229 537 1279 omnibus
560 1229 813 1299 privilegiis
833 1233 969 1302 erigit
986 1267 1000 1281 .

261 1331 640 1413 s1xTUs
696 1321 1290 1420 21³1scoru‘s.

517 1474 671 1516 Servus
697 1468 918 1520 Servorum
943 1477 1051 1520 Dei.
1118 1507 1121 1510 »
1183 1508 1188 1512 -

432 1587 502 1632 Ad
521 1590 751 1647 Perpetuam
774 1594 838 1636 ret
861 1593 1108 1643 rue-oriam,

371 1702 424 1750 lis
444 1702 629 1775 fidelium
661 1709 796 1760 votis,
827 1724 914 1767 quae
941 1711 1172 1768 Religionis
1202 1724 1297 1767 pro-

384 1775 714 1832 pagagationem,
733 1767 941 1824 divinique
954 1770 1088 1813 cultus
1102 1784 1297 1826 augmen-

266 1830 356 1864 tum
385 1823 602 1889 respiciunt
628 1853 644 1878 ‚
686 1834 731 1868 ut
753 1838 940 1882 optatum
964 1828 1185 1873 sbi-riantur
1206 1827 1300 1872 effe·

267 1881 406 1931 bium,
435 1881 618 1947 libenter
642 1884 852 1928 annuimus
881 1915 896 1938 ,
939 1902 1068 1944 eaque
1095 1885 1297 1931 favoribus

266 1936 547 2003 prosequimur
576 1944 816 1997 opportunis
843 1973 854 1985 .
889 1947 1078 1989 Exhibita
1107 1946 1297 2003 siquidem

264 1997 398 2040 Nobis
425 2011 554 2065 nuper
580 2014 652 2055 pro
679 2012 797 2058 parte
835 2004 982 2046 Dileeii
1013 2004 1103 2049 Filii
1124 1995 1295 2048 ministri

263 2055 479 2099 Generalis
495 2058 691 2107 ,Ordinis
721 2063 799 2103 FF.
817 2062 1020 2106 Minorum
1059 2065 1297 2118 Capucino-

264 2126 359 2179 rum
373 2126 699 2172 nuncupatorum
722 2119 870 2175 petitio
890 2123 1126 2166 continebat
1140 2151 1157 2174 ‚
1186 2121 1296 2178 quod

267 2171 366 2214 alias
382 2174 639 2239 Venerabilis
654 2179 800 2220 Frater
825 2178 957 2222 noster
972 2182 1145 2236 Joannes
1161 2180 1300 2236 Bapti-

266 2231 351 2281 sta,
369 2231 583 2287 Episcopus
610 2234 846 2277 savonensis
879 2238 1202 2282 animadvertens
1241 2238 1300 2281 in-

269 2287 430 2355 colas)
469 2291 509 2331 8(
545 2292 808 2335 Habitatores
845 2292 975 2339 litoris
1023 2298 1142 2341 maris
1169 2299 1305 2340 Terrae

271 2345 422 2414 Pina-lis
435 2374 451 2398 ‚
474 2350 677 2415 savonen.
696 2351 830 2395 Dioec.
846 2354 1034 2410 fingulari
1061 2355 1188 2400 fludio
1209 2369 1304 2412 erga

270 2404 470 2472 Ordinem
494 2406 726 2462 praedistum
737 2440 755 2462 ‚
769 2412 823 2454 ob
836 2412 945 2467 pium
960 2442 975 2466 ‚
1003 2416 1044 2457 &
1060 2414 1302 2460 laudabile.-

271 2464 447 2532 ipsorum
463 2465 653 2509 Fratrum
684 2469 847 2513 vivendi
869 2472 1090 2516 institutum
1104 2501 1119 2524 ‚
1134 2475 1306 2525 moveri,

272 2522 499 2589 heclesiam
526 2527 567 2567 S.
585 2528 749 2583 Joannis
764 2539 878 2573 extra
905 2546 1066 2584 muros,
1095 2535 1135 2575 δι
1161 2533 1302 2588 procul

230 2599 236 2607 ·
274 2578 298 2624 ί
316 2580 423 2623 dieta
446 2582 572 2625 Terra
586 2585 864 2631 consistentem
877 2617 893 2640 ‚
923 2604 1008 2648 quae
1025 2591 1122 2634 olim
1136 2604 1303 2634 eorum-

271 2638 368 2682 dem
395 2641 625 2685 lncolarum
643 2670 659 2694 2
687 2646 727 2687 δι
743 2646 1027 2692 Habitatorum
1050 2649 1299 2693 Parochialis

274 2707 394 2747 erat,
423 2698 464 2740 δι
484 2698 505 2741 ἃ
528 2714 604 2766 qua
631 2716 726 2747 cura
756 2706 974 2750 animarum
999 2735 1015 2759 ‚
1044 2708 1105 2750 illi
1122 2718 1218 2750 tunc
1244 2707 1300 2749 in-

275 2756 468 2822 cumbens
482 2758 666 2803 abdicata
682 2791 694 2812 ,
709 2763 746 2804 δι
762 2764 813 2806 ad
829 2762 947 2807 aliam
963 2765 1182 2809 Ecclesiam
1193 2778 1309 2807 com·

278 2814 507 2882 modiorem
528 2818 720 2862 canonice
748 2823 941 2866 translata
969 2821 1098 2868 fuerat
1125 2853 1140 2874 ,
1170 2823 1304 2866 eidem

281 2873 431 2927 Ordini
460 2887 536 2930 pro
558 2888 648 2919 una
675 2877 773 2921 inibi
802 2879 982 2934 ejusdem
1007 2882 1173 2927 Ordinis
1206 2895 1304 2923 con·

277 2931 463 2974 struenda
480 2933 615 2999 Domo
628 2958 643 2981 a
673 2933 726 2977 de
744 2937 970 2983 incolarum
985 2969 999 2991 ‚
1028 2943 1069 2983 δι
1089 2940 1302 2984 Habitato-

281 2990 1306 3118 {assisa-’52:12:335352230222223‘2232022

284 3122 325 3150 in
343 3107 492 3150 litteris
519 3107 692 3164 desuper
709 3110 902 3156 confefilis
924 3113 1075 3158 dicitur
1093 3115 1311 3158 contineri.

325 3168 488 3233 ‚Qafe
502 3180 576 3220 pro
586 3177 706 3233 parte
718 3168 810 3212 dieti
829 3173 1132 3217 MinislriNobis
1146 3173 1222 3216 suit
1238 3175 1310 3215 hu·

283 3226 438 3292 militer
466 3224 731 3292 supplicatum
757 3254 771 3277 a
802 3241 1003 3285 quatenus
1028 3232 1311 3291 ejusdemOr-

285 3282 389 3325 dinis
407 3295 683 3351 propagationi
707 3287 747 3328 δι
767 3289 1018 3345 ampliationi
1034 3319 1049 3342 ,
1081 3306 1125 3335 ac
1149 3291 1245 3335 aliis
1271 3291 1309 3332 in

284 3342 483 3410 proemiffis
500 3344 729 3409 opportune
745 3347 1049 3400 providere,de
1059 3349 1311 3405 benignitate

286 3399 517 3466 Apostolica
530 3404 813 3457 dignaremur.
845 3409 932 3449 Nos
946 3406 1095 3462 igitur,
1125 3407 1309 3465 quidivi-

289 3472 329 3527 ni
352 3458 484 3502 culti'is
509 3472 766 3526 augmentum
789 3490 803 3511 a
844 3463 1102 3521 ejusdemque
1124 3465 1311 3520 Religio-

290 3530 352 3559 nis
377 3530 708 3585 propag-ationem
730 3551 745 3573 ,
776 3537 820 3565 ac
853 3524 1076 3567 animarum
1100 3521 1306 3566 salutem.)

292 3575 430 3618 noslris
448 3575 687 3632 potislimiim
712 3583 958 3634 temporibus
974 3608 989 3629 ‚
1021 3582 1183 3624 sinceris
1210 3580 1312 3623 desi·

289 3647 471 3700 teramus
503 3633 707 3680 affectibus
730 3667 745 3690 ,
777 3641 998 3684 Ministrum
1037 3639 1265 3695 pra-dietum
1291 3637 1314 3682 ί

290 3691 493 3761 quibusvis
506 3695 930 3760 excommunicationis
942 3727 956 3749 ‚
972 3697 1224 3753 suspensionis
1240 3727 1254 3748 ,
1267 3700 1304 3740 δι

291 3750 493 3796 ιοιιι-ἀιᾶι
519 3778 535 3803 ,
563 3751 727 3809 aliisque
749 3757 1032 3803 Ecclesiasticis
1057 3757 1307 3809 Sententiis,

1296 1272 1298 1274 .
1351 1236 1629 1292 praedictarum
1658 1245 1823 1278 tenores
1838 1233 2094 1291 praesentibus
2119 1246 2195 1288 pro
2217 1226 2381 1295 expres·

1351 1294 1399 1338 sis
1419 1295 1618 1338 habentes
1634 1323 1652 1346 ,
1683 1292 1908 1352 hujusmodi
1934 1290 2292 1352 supplicationibus
2320 1300 2382 1329 in-

1350 1354 1491 1397 clinati
1506 1379 1522 1402 ,
1535 1353 1757 1396 Ecclesiam
1773 1352 2000 1411 praedifilam
2024 1352 2174 1397 eisdem
2193 1346 2381 1393 Ministro

1349 1413 1391 1455 δι
1417 1411 1566 1456 Ordini
1591 1411 1646 1455 de
1672 1426 1780 1456 novo
1807 1441 1823 1465 ‚
1852 1410 2084 1469 Apostolica
2110 1407 2381 1457 auctoritate,

1285 1507 1292 1512 ,
1351 1481 1496 1515 tenore
1511 1471 1764 1527 presentium
1787 1471 2078 1515 concedimus:
2111 1470 2151 1510 δι
2176 1464 2384 1510 nihilomi-

1350 1544 1424 1574 nus
1452 1530 1595 1583 illam,
1624 1544 1711 1585 quae
1734 1529 1868 1573 nullos
1895 1528 2081 1572 redditus
2106 1536 2253 1584 praetei·
2280 1536 2381 1574 eos,

1352 1590 1421 1647 qui
1448 1603 1500 1632 ex
1519 1589 1606 1647 ejus
1632 1590 1785 1639 domo,
1815 1588 1992 1631 &horto
2007 1587 2279 1642 colliguntur,
2310 1580 2383 1624 seu

1353 1649 1634 1706 percipiuntur
1648 1677 1663 1699 ,
1697 1647 1818 1691 habet
1833 1677 1850 1699 ,
1879 1661 1924 1689 ac
1941 1644 2167 1703 hujusmodi
2184 1644 2291 1687 illius
2308 1641 2385 1685 do·-

1354 1722 1496 1760 mum,
1524 1709 1565 1751 &
1590 1708 1757 1751 hortum
1794 1707 1833 1750 in
1864 1707 2043 1748 Domum
2066 1704 2160 1746 dieii
2188 1700 2384 1750 Ordinis,

1355 1781 1451 1812 cum
1478 1767 1588 1810 illius
1619 1765 1800 1809 Ecclesia
1831 1763 1901 1806 sub
1924 1764 2182 1807 invocatione
2206 1758 2386 1818 ejusdem

1358 1830 1398 1870 S.
1424 1827 1612 1881 IoanniS‚
1643 1839 1691 1867 ac
1717 1824 1904 1868 Claustro
1930 1850 1946 1872 5
1978 1824 2244 1871 Refeeiorio,
2277 1821 2387 1862 Dor-

1357 1885 1521 1928 mitorio
1546 1914 1560 1936 ,
1592 1884 1736 1926 Hortis
1760 1910 1775 1932 ‚
1816 1882 2049 1926 Hortalitiis
2072 1910 2087 1933 ‚
2132 1877 2353 1922 infirmaria
2369 1904 2384 1925 ,

1357 1944 1519 1994 Cellis,
1543 1945 1581 1985 &
1597 1942 1792 1985 uiiiverfis
1824 1942 1913 1984 aliis
1938 1941 2138 1992 officinis,
2174 1933 2388 1980 membris-

1356 2000 1676 2058 que'necess‘ariis
1698 2002 1737 2042 &
1756 2002 1998 2057 opportunis
2016 2014 2089 2056 pro
2115 1999 2180 2039 usu
2195 2023 2211 2046 ,
2246 1998 2282 2037 &
2314 1997 2386 2035 ha-

1356 2060 1557 2105 bitatione
1586 2060 1795 2115 perpctuis
1822 2061 1942 2101 unius
1968 2056 2191 2102 Guardiani
2220 2083 2233 2105 ‚
2269 2055 2308 2095 δι
2334 2050 2385 2093 ad

1358 2122 1490 2164 minus
1518 2120 1664 2163 decem
1678 2119 1865 2160 Fratrum
1890 2117 2069 2173 ejusdem
2085 2113 2249 2158 Ordinis
2266 2140 2281 2160 ‚
2318 2108 2388 2165 qui

1359 2179 1457 2222 inibi
1490 2176 1559 2221 sub
1585 2175 1760 2233 regulari
1777 2174 2060 2223 observantia,
2095 2169 2388 2216 &humilitatis

1358 2237 1499 2294 spiritu
1524 2235 1635 2292 juxta
1658 2235 1773 2291 ipfius
1797 2233 1960 2277 Ordinis
1978 2231 2198 2288 Regularia
2230 2228 2391 2272 Institu-

1364 2308 1407 2341 ta
1432 2295 1618 2339 aitiffimo
1639 2291 1886 2336 famulentur
1916 2321 1929 2345 ,
1956 2291 2179 2346 divinisque
2206 2286 2391 2331 laudibus

1365 2356 1572 2407 insislant,
1605 2367 1650 2396 ac
1667 2350 1735 2395 sub
1755 2351 2020 2405 obedientia,
2047 2348 2327 2394 correctione,
2353 2347 2392 2388 8:

1366 2414 1594 2457 visitatione
1610 2411 1716 2454 *dieti
1738 2439 1753 2462 ,
1793 2412 1833 2454 &
1857 2425 1935 2467 pro
1962 2423 2150 2466 tempore
2181 2405 2390 2450 existentis

1365 2472 1539 2517 Ministri
1565 2470 1808 2522 Generalis,
1838 2484 1885 2512 ac
1916 2468 2170 2512 Dilestorum
2195 2464 2394 2509 Filiorum

1366 2532 1536 2576 aliorum
1552 2529 1817 2586 Superiorum
1839 2528 1933 2571 dieii
1946 2527 2113 2570 Ordinis
2127 2532 2362 2567 remaneant
2375 2549 2391 2572 ‚

1360 2596 1407 2635 'ac
1432 2590 1530 2634 aliis
1556 2589 1595 2632 in
1622 2587 1808 2629 omnibus
1843 2612 1858 2634 ‚
1888 2588 1928 2627 δι
1960 2599 2034 2639 per
2058 2582 2189 2627 omnia
2218 2580 2392 2623 adinstar

1359 2648 1532 2692 aliarum
1555 2643 1735 2704 ejusdem
1751 2644 1918 2686 Ordinis
1943 2641 2210 2697 Regulariuni
2236 2641 2392 2680 Domo-

1358 2721 1449 2750 rum
1475 2735 1492 2757 ‚
1522 2703 1726 2759 perpetuo
1747 2728 1762 2751 ‚
1792 2701 1882 2744 fine'
1905 2710 2039 2744 tamen
2063 2695 2231 2752 alicujus
2249 2693 2392 2752 praeju-

1368 2764 1507 2813 dicio,
1538 2763 1778 2806 auctoritate
1799 2762 1839 2802 δι
1866 2771 2014 2802 tenore
2043 2753 2239 2812 praemiffis
2263 2781 2277 2804 ‚
2307 2754 2391 2795 eri-

1368 2822 1494 2877 gimus
1516 2847 1532 2870 ,
1561 2820 1602 2861 δι
1627 2817 1862 2862 instituimus
1882 2847 1895 2869 ,
1926 2830 1973 2859 ac
1995 2817 2130 2859 eidem
2163 2811 2310 2855 Domui
2339 2810 2389 2851 sic

1362 2883 1506 2923 ereetae
1533 2908 1549 2931 ,
1579 2873 1763 2932 illiusque
1794 2876 2038 2919 Guardiano
2060 2902 2075 2925 ,
2118 2874 2158 2914 δι
2184 2870 2392 2914 Fratribus

1362 2939 1457 2982 inibi
1470 2934 1806 2980 commorantibus
1818 2962 1834 2985 ,
1845 2934 1955 2990 quod
1967 2933 2151 2974 omnibus
2164 2955 2180 2979 ‚
2210 2930 2250 2971 δι
2263 2927 2393 2983 singu·

1363 2998 1411 3041 lis
1446 2995 1667 3052 privilegiis
1689 3021 1705 3044 .‚
1748 2991 2023 3049 praerogativis
2046 3017 2061 3041 ,
2105 2988 2391 3036 libertatibus,

1369 3054 1688 3099 immunitatibus
1713 3080 1728 3103 ‚
1769 3050 2095 3107 exemptionibus
2120 3075 2134 3098 ‚
2175 3045 2392 3099 indulgen-

1370 3115 1463 3163 tiis,
1491 3114 1532 3156 &
1556 3112 1727 3170 gratiis,
1752 3112 1894 3166 quibus
1919 3109 2005 3151 aliae
2028 3109 2183 3149 Domus
2208 3103 2392 3159 ejusdem

1371 3171 1563 3223 Ordinis,
1601 3184 1815 3227 earumque
1842 3166 2062 3212 Guardiani
2091 3166 2131 3206 δι
2158 3166 2315 3207 Fratres
2337 3160 2391 3203 de

1371 3232 1487 3286 iure,
1520 3234 1584 3274 vel
1598 3227 1925 3277 consuetudine,
1951 3236 2019 3270 aut
2042 3223 2138 3267 alias
2167 3218 2394 3279 quomodo-

1372 3291 1473 3335 libet
1490 3299 1655 3333 utuntur
1670 3316 1685 3340 ,
1713 3286 1952 3345 potiuntur,
1974 3286 2011 3327 &
2026 3282 2203 3339 gaudent
2217 3309 2232 3333 ,
2259 3293 2303 3322 ac
2316 3277 2391 3326 uti,

1371 3348 1445 3391 frui
1465 3377 1478 3399 ‚
1507 3347 1628 3405 potiri
1657 3376 1673 3399 ,
1712 3348 1750 3389 &
1781 3344 1961 3401 gaudere
1998 3349 2187 3397 poterunt
2226 3351 2393 3394 quomo-

1369 3408 1469 3451 libet
1485 3407 1523 3449 in
1536 3405 1713 3450 fututum
1731 3431 1743 3455 ,
1756 3403 1822 3462 ipsi
1849 3401 2047 3451 similiter,
2059 3412 2105 3442 ac
2119 3395 2393 3455 parisormiter

1369 3466 1457 3515 uti,
1479 3463 1588 3517 frui,
1616 3465 1765 3520 potiri,
1791 3460 2022 3518 &gaudere
2039 3457 2198 3508 libere,
2226 3454 2391 3498 &licite

1373 3524 1563 3576 valeant,
1589 3523 1857 3571 auctoritate,
1883 3521 1924 3560 δι
1951 3528 2095 3560 tenore
2118 3513 2315 3572 praemissis
2338 3515 2391 3557 de

1373 3582 1531 3639 speciali
1546 3583 1671 3638 gratia
1690 3579 1940 3634 indulgemus
1953 3604 1966 3616 .

1431 3644 1520 3684 Nec
1548 3654 1625 3683 non
1641 3637 1847 3695 pra-sentes
1875 3637 2031 3678 litteras
2055 3631 2170 3677 nullo
2184 3645 2390 3686 unquam-0

1365 3711 1572 3756 tempore,
1608 3698 1662 3741 de
1689 3693 1952 3748 subreptionis
1974 3720 1990 3741 2.
2020 3693 2084 3734 vel
2111 3691 2392 3747 obreptionis,

1369 3769 1439 3803 aut
1465 3757 1698 3802 intentionis
1722 3753 1860 3798 uostrae
1875 3781 1891 3805 ‚
1921 3750 1989 3793 vel
2009 3751 2090 3794 alio
2112 3753 2256 3807 quovis
2276 3747 2391 3793 defe-

2245 3810 2338 3857 Ru,
