2762 4030
371 186 504 327 ginti7
499 270 616 314 unius
639 267 847 312 scutorum
864 266 1049 313 similiani
1065 292 1079 314 a
1102 266 1143 309 δι
1157 263 1318 324 bajochi
1333 267 1406 310 60.

371 345 422 373 ex
446 346 528 387 quo
550 343 701 374 annuus
729 330 873 372 Canon
896 329 1089 387 juliorum
1107 337 1182 375 25.
1209 325 1407 372 Sacristiae

368 390 484 432 did'tae
514 387 704 431 Ecclesia
721 417 735 440 ,
764 402 810 430 ac
839 390 1039 443 reliquum
1066 388 1201 428 Terrae
1226 383 1406 428 saltuosae

365 450 479 504 petia
516 448 632 491 unius
658 447 792 490 scortii
807 450 873 499 ,ὃς
895 447 1017 489 trium
1034 455 1276 502 quartorum
1294 458 1407 486 men-

365 507 463 550 surae
489 507 653 550 illarum
687 507 861 562 partium
885 536 899 558 ‚
933 520 984 547 ex
1013 519 1093 560 quo
1118 517 1249 548 annua
1275 502 1412 545 simili-

368 567 463 611 liter
491 565 692 622 responsio
724 564 855 621 bajoc.
881 577 949 621 35.
982 564 1142 606 dilestis
1168 561 1261 605 filiis
1288 562 1412 619 Capi-

367 627 458 669 tulo
481 656 496 678 ,
526 627 564 667 &
581 625 800 667 Canonicis
817 654 830 677 ,
845 624 1053 667 Saecularis
1068 653 1083 674 ‚
1105 624 1146 664 &
1167 621 1410 677 Collegiatae

368 684 723 736 Ecclessae,Terrae
736 684 899 735 Ariciae,
912 683 1024 725 dieite
1042 680 1277 724 Albanenfis
1295 683 1412 723 Dioe-

369 746 468 787 cesis
484 742 709 798 respetftive
725 743 944 793 debentur,
962 738 1179 785 necessaria
1196 739 1269 782 sint
1286 770 1299 792 ,
1329 738 1411 796 ipse

369 804 473 847 vero
490 802 667 857 Iulianus
687 803 778 843 Dux
794 802 977 857 praedifia
998 803 1137 843 Terrae
1155 800 1412 855 petia,quan·

372 865 402 905 ti
427 862 613 904 oestimata
644 859 763 911 sunt,
790 859 854 902 seu
885 860 1064 903 aestimari
1083 857 1328 914 poffunt,ad
1348 855 1410 900 ef-

372 921 521 963 fecium
535 918 774 976 praemiffum
791 934 927 963 emere
941 918 1149 962 intendat.
1173 916 1299 960 Nobis
1316 931 1410 971 pro-

371 990 519 1037 pterea
546 978 675 1022 dictus
702 980 949 1021 Procurator
966 975 1185 1021 Generalis
1201 975 1411 1019 humiliter

373 1039 588 1096 supplicari
614 1037 743 1089 fecit,
771 1047 817 1081 ut
831 1037 884 1079 de
909 1047 1138 1093 opportuna
1155 1035 1192 1075 in
1211 1034 1408 1091 praemissis

373 1099 540 1142 licentia
555 1096 778 1154 providere
795 1127 810 1149 ,
827 1095 880 1138 de
902 1096 1158 1151 Benignitate
1176 1094 1409 1150 Apostolica

372 1157 656 1214 dignaremur.
673 1158 762 1199 Nos
779 1156 901 1212 igitur
916 1155 1037 1198 eumd
1046 1169 1109 1195 em
1127 1157 1409 1209 Exponentem

371 1215 611 1271 specialibus
626 1217 707 1258 ἃς.
721 1215 859 1257 volen.
874 1244 888 1264 ,
911 1216 951 1256 δε
964 1217 986 1258 ὲ
1002 1213 1204 1269 quibusvis
1219 1215 1294 1254 &c.
1311 1226 1407 1255 cen-

371 1274 454 1318 sen.
478 1272 702 1330 hujusmodi
721 1271 1409 1329 supplicationibusinclinati,Cir-

375 1332 663 1388 cunispeffloni
692 1342 767 1373 tuae
796 1345 869 1387 per
899 1330 1114 1387 praesentes
1137 1331 1411 1390 injungimus,

370 1401 568 1449 quatenus
582 1418 596 1441 ,
611 1390 634 1432 si
654 1419 668 1442 ,
682 1392 721 1432 &
738 1391 948 1446 postquam
976 1391 1154 1437 vocatis,
1168 1391 1233 1447 qui
1261 1389 1412 1433 fuerint

370 1448 601 1500 evocandi,
630 1462 676 1492 ac
691 1448 810 1491 dietis
827 1459 946 1492 terrae
962 1449 1081 1505 petiis
1097 1479 1110 1501 ,
1127 1451 1166 1490 &
1178 1449 1316 1493 annuis
1329 1452 1411 1492 Ca-

373 1509 547 1552 nonibus
565 1537 580 1558 ,
606 1507 671 1550 seu
701 1508 1020 1565 responsionibus
1040 1507 1297 1566 hujusmodi,
1327 1507 1411 1551 illi-

365 1567 495 1625 usque
511 1567 816 1611 circumstantiis
834 1567 1026 1611 universis
1050 1597 1062 1621 ,
1074 1569 1183 1625 prius
1197 1581 1334 1610 coram
1349 1569 1410 1609 Te

368 1624 614 1689 specificatis
631 1655 644 1679 ,
674 1627 726 1669 de
745 1628 982 1671 venditione
1004 1627 1230 1686 hujusmodi
1247 1655 1260 1677 ,
1283 1628 1323 1667 &
1339 1641 1410 1681 pe-

369 1689 417 1730 tii
445 1683 595 1729 exinde
623 1686 895 1742 redigendiin
924 1688 1175 1742 emptionem
1201 1686 1406 1729 aliorum...

372 1747 574 1789 bonorum
591 1744 788 1787 stabilium
803 1775 816 1798 ,
843 1747 882 1787 &
899 1748 1131 1790 securorum
1151 1776 1164 1799 ,
1189 1760 1240 1788 ex
1260 1745 1404 1802 quibus

370 1804 747 1860 Archipresbytero
761 1836 776 1856 ,
793 1805 982 1848 Sacristiae
998 1832 1011 1852 a
1044 1820 1092 1848 ac
1118 1805 1312 1860 Capitulo
1327 1833 1340 1856 ,
1363 1805 1404 1845 &

370 1863 592 1907 Canonicis
615 1863 845 1920 hujusmodi
859 1868 1071 1916 Canones,
1093 1865 1157 1907 seu
1180 1862 1402 1918 responsio-

366 1936 439 1965 nes
464 1922 653 1977 praedietae
678 1921 967 1974 solvantur,&
991 1923 1089 1966 solvi
1115 1923 1321 1973 debeant,
1337 1937 1402 1964 re·

366 1981 544 2038 spemve
577 1982 842 2025 conversione
867 1981 1082 2033 facienda,
1114 1982 1308 2038 quodque
1327 1981 1404 2024 illae

366 2039 393 2082 si
418 2039 593 2091 fiant,in
619 2041 852 2084 evidentem
879 2040 1216 2084 illorumceffurae
1243 2040 1341 2092 fint,
1366 2042 1403 2081 &

365 2097 517 2141 cedant
533 2097 784 2149 utilitatem,
816 2099 998 2154 legitime
1015 2100 1268 2147 constiterit,
1286 2098 1402 2156 super

365 2171 450 2214 quo
473 2156 763 2200 conscientiam
780 2167 891 2200 tuam
906 2171 1122 2200 oneramus
1137 2187 1150 2209 ,
1169 2158 1304 2201 eidem
1319 2162 1401 2200 Ex·

366 2216 542 2273 ponenti
570 2243 584 2266 ,
627 2217 740 2273 quod
768 2217 957 2274 praedieia
978 2228 1094 2260 terrae
1121 2218 1228 2273 petia
1255 2217 1402 2265 vendi,

364 2277 405 2316 &
419 2275 498 2318 emi
514 2273 756 2329 respective,
785 2285 830 2318 ut
845 2273 1075 2332 praefertur,
1091 2276 1230 2332 poffint
1246 2305 1260 2326 ,
1281 2278 1321 2317 δι
1335 2290 1405 2317 va-

369 2334 485 2376 leant
501 2361 516 2384 ,
541 2333 1024 2378 licentiamAuooritate
1042 2335 1184 2378 Nostra
1199 2335 1404 2387 Apostoli-

365 2405 413 2434 ca
442 2391 668 2434 concedas.
703 2394 797 2434 Non
825 2394 975 2435 obstan.
1007 2393 1079 2435 fel.
1106 2409 1195 2436 rec.
1225 2395 1403 2437 Paulill.

364 2453 405 2493 &
422 2450 592 2493 aliorum
610 2452 889 2493 Romanorum
907 2451 1167 2502 Pontificum,
1181 2451 1406 2495 Praedeces-

368 2509 505 2555 sorum
522 2508 762 2555 Nostrorum
779 2508 832 2550 de
858 2510 979 2552 rebus
997 2510 1186 2552 Eccleliae
1210 2524 1290 2552 non
1307 2510 1404 2552 alie-

366 2582 459 2613 nan.
473 2596 489 2618 ,
520 2567 687 2625 aliisque
705 2567 1075 2612 Constitutionibus
1090 2598 1102 2620 ,
1117 2571 1157 2610 &
1169 2569 1406 2611 Ordinatio-

365 2627 484 2669 nibus
508 2627 752 2682 Apostolicis
770 2655 785 2678 ,
810 2629 1044 2684 caeterisque
1070 2629 1286 2671 contrariis
1316 2628 1405 2683 qui-

361 2686 634 2741 buscumque.
659 2686 861 2729 Volumus
877 2696 1045 2738 autem,
1069 2686 1177 2742 quod
1195 2686 1404 2734 venditio,

355 2747 403 2787 ἃ
428 2745 555 2801 pretii
584 2744 796 2788 conversio
812 2744 1041 2803 hujusmodi
1059 2746 1181 2787 unico
1205 2757 1403 2787 contextu

360 2804 461 2847 fiant
483 2831 498 2854 ‚
540 2802 608 2845 vel
634 2802 779 2847 saltem
809 2805 986 2860 pretium
1018 2804 1252 2860 praediCtum
1277 2818 1402 2861 penes

362 2866 553 2907 Montem
568 2862 737 2906 PIetatis
760 2861 812 2904 de
833 2864 946 2907 Urbe
964 2863 1195 2919 deponatur
1211 2893 1225 2914 ,
1257 2864 1402 2906 exinde

359 2936 440 2965 non
483 2921 699 2965 amovend.
716 2951 730 2974 ,
758 2921 827 2964 nisi
870 2921 918 2966 ad
961 2923 1145 2964 effectum
1188 2923 1289 2965 illud
1307 2952 1320 2973 ,
1358 2932 1404 2964 ut

360 2979 607 3038 praefertur,
634 2982 931 3024 convertendi.
968 2984 1117 3024 Datum
1135 2984 1273 3025 Romae
1298 2981 1402 3036 apud

360 3044 403 3084 S.
437 3040 608 3083 Mariam
637 3040 843 3099 Majorem
878 3041 947 3086 sub
978 3041 1148 3083 Annulo
1182 3040 1402 3082 Piscatoris

361 3100 447 3145 Die
477 3112 579 3142 vui.
609 3100 856 3143 Novembris
885 3098 1403 3145 Moccxxxv111.Pontifi.

360 3155 473 3202 catus
511 3158 648 3202 Nostri
677 3163 797 3204 Anno
814 3158 1095 3203 decimosexto
1113 3189 1123 3200 .

901 3222 959 3262 M.
975 3221 1027 3261 A.
1047 3218 1254 3264 Maraldus
1271 3249 1282 3260 .

418 3340 517 3383 Aut.
538 3337 582 3377 in
601 3335 722 3378 Arch.
741 3340 882 3379 Secret-
898 3340 1013 3380 Brcv.
1031 3338 1258 3397 Apost.Reg.
1276 3338 1371 3380 anni
1383 3366 1396 3390 ‚

477 3396 524 3443 ἐῢ
553 3395 685 3452 Mens:
696 3397 827 3452 praed.
839 3395 922 3454 fil.
941 3411 1004 3453 13.

360 3547 591 3561 --·—··--·
949 3545 1397 3565 α--ε-ι--ῠσ-ἰ*

358 3665 452 3746 Ut,
465 3669 703 3723 Provincia
731 3672 998 3724 Ministrum
1018 3666 1294 3723 Gener-alem
1313 3673 1395 3733 ‚.&

438 3754 485 3787 in
519 3743 612 3803 ejus
639 3743 835 3799 absentia
861 3749 1215 3798 Procuratorem
1244 3749 1393 3799 Gene-

1270 145 1816 237 Provincia

1538 269 1680 318 ralern
1698 304 1714 326 ,
1732 287 1815 319 ceu
1844 265 2112 334 Superiores
2130 298 2145 322 ,
2161 266 2375 333 agnoscat
2391 304 2407 327 ,
2439 269 2515 319 eis-

1543 357 1632 406 que
1659 357 1790 389 more
1826 352 2091 388 caeterarum
2126 338 2508 399 Provinciarum,

1538 425 1903 477 caeterorumque
1920 407 2162 461 ordinum
2191 422 2373 479 pareat,
2403 427 2512 478 prae-

1543 496 1685 550 cipit.

1525 623 1948 678 URBANUS
1999 625 2206 675 ΡΑΡΑ
2263 600 2462 674 vm.

1656 742 1723 786 Ad
1732 751 1967 799 perpetuam
1993 745 2052 783 νει·
2079 743 2333 785 memoriam.

1532 860 1698 918 Njunusti
1727 862 1855 903 Nobis
1884 861 1905 902 ἰι
1948 859 2125 903 Domino
2163 860 2386 918 Apostolici
2423 873 2510 901 mu·

1557 921 1664 963 neris
1682 922 1783 962 ratio
1814 920 2016 976 postulat,
2045 928 2088 960 ut
2117 917 2400 974 religiosorum
2433 919 2508 960 Vi-

1474 993 1642 1031 rorum,
1674 981 1739 1036 qui
1767 980 1908 1035 spretis
1945 977 2058 1035 hujus
2099 977 2228 1019 saeculi
2262 978 2509 1020 vanitatibus

1473 1037 1600 1080 divini
1622 1038 1809 1081 Numinis
1834 1038 2032 1095 obsequiis
2050 1035 2117 1078 sub
2145 1035 2252 1079 suavi
2282 1035 2511 1089 Religionis

1471 1095 1566 1152 jugo
1591 1126 1606 1149 ,
1643 1099 1682 1139 &
1719 1098 1924 1140 strictioris
1960 1096 2227 1139 observantiae
2281 1095 2436 1150 regulis
2468 1093 2509 1136 se

1471 1156 1777 1211 mancipzirunt,
1805 1169 2014 1214 paternam
2038 1169 2177 1198 curam
2211 1165 2402 1208 gerentes
2420 1182 2433 1204 ,
2469 1152 2506 1194 in

1472 1215 1531 1257 his
1559 1215 1741 1273 ejusdem
1770 1217 1945 1260 muneris
1974 1225 2110 1271 partes
2138 1212 2280 1256 sedulo
2318 1211 2509 1255 intenda-

1474 1289 1559 1316 mus
1575 1306 1590 1326 ,
1615 1289 1688 1331 per
1704 1289 1787 1331 quae
1804 1274 2022 1332 prospero,
2051 1272 2243 1329 felicique
2266 1286 2410 1314 eorum
2435 1270 2510 1312 fla·

1475 1334 1563 1384 tui,
1583 1335 1623 1375 &
1641 1334 1853 1377 directioni
1869 1334 2098 1390 opportuni:
2121 1331 2352 1373 consulatur
2368 1357 2381 1377 ³
2412 1343 2508 1385 pro-

1474 1405 1518 1434 ut
1552 1393 1590 1435 in
1622 1395 1802 1436 Domino
1826 1392 2114 1448 conspicimus,
2140 1390 2356 1433 salubriter
2381 1404 2509 1444 expe-

1476 1451 1566 1493 dire
1582 1482 1592 1492 .
1627 1453 1735 1496 Hinc
1748 1451 1951 1509 est,quod
1970 1454 2053 1491 Nos
2068 1479 2082 1500 ,
2101 1452 2183 1504 quo
2208 1447 2472 1490 difficultates
2490 1477 2507 1498 ,

1473 1524 1584 1567 quae,
1615 1523 1656 1552 ut
1683 1511 1941 1566 accepimus,
1973 1509 2118 1550 Ordini
2147 1510 2332 1549 Fratrum
2371 1507 2507 1548 Mino-

1472 1583 1561 1612 rum
1587 1570 1719 1612 saneti
1745 1566 1947 1611 francisci
1964 1567 2270 1622 Capucinorum
2298 1579 2504 1620 nuncupa-

1472 1638 1608 1672 torum
1649 1627 1799 1683 aliquid
1841 1625 2027 1669 molestiae
2072 1623 2294 1675 adferunt,
2318 1623 2342 1666 ὲ
2366 1623 2505 1666 medio

1470 1688 1700 1738 tollantur,
1729 1697 1921 1743 quantum
1953 1699 2046 1726 cum
2072 1684 2251 1726 Domino
2279 1683 2507 1739 poflumus,

1465 1746 1689 1803 providere
1717 1746 1928 1791 volentes,
1951 1744 2174 1785 Ministrum
2204 1741 2505 1789 Provincialem

1466 1807 1693 1848 Provinciae
1725 1806 1915 1846 Romanae
1945 1802 2040 1843 dieti
2069 1801 2267 1851 Ordinis,
2294 1799 2502 1858 ipsamque

1464 1865 1725 1910 Provinciam
1777 1877 1866 1906 cum
1916 1862 2101 1904 omnibus
2143 1863 2181 1902 &
2218 1859 2384 1916 singulis
2417 1860 2504 1915 ejus

1465 1924 1690 1971 Domibus,
1728 1921 1929 1977 Locisque
1973 1920 2275 1977 Regularibus‚
2308 1919 2346 1959 &
2389 1921 2506 1961 Con-

1466 1984 1660 2026 ventibus
1679 1982 1852 2025 Dileais
1866 1980 1977 2024 Filiis
2005 1979 2207 2022 modernis
2221 2009 2236 2031 ‚
2253 1980 2290 2020 δι
2311 1991 2386 2034 pro
2401 1989 2507 2020 tem·

1467 2056 1567 2100 pore
1594 2042 1854 2097 existentibus
1886 2040 2068 2082 Ministro
2101 2039 2310 2093 generali,
2338 2037 2376 2077 &
2404 2040 2507 2079 Pro·

1466 2104 1644 2144 curatori
1673 2098 2046 2156 generaliejusdem
2073 2097 2242 2141 Ordinis
2259 2128 2274 2148 ,
2301 2096 2398 2138 dum
2437 2096 2503 2138 hic

1467 2161 1576 2203 vices
1594 2160 1707 2217 ipfius
1734 2159 1902 2202 Ministri
1928 2157 2127 2212 generalis
2149 2157 2339 2207 sustinet,
2372 2156 2504 2197 Com-

1467 2217 1741 2274 miffariusque
1769 2217 1972 2273 generalis
2001 2216 2258 2272 appellatur,
2279 2217 2319 2257 &
2343 2213 2425 2265 est,
2453 2214 2505 2255 iis

1466 2277 1622 2331 legibus
1638 2308 1652 2329 ‚
1669 2291 1801 2331 eoque
1823 2275 1943 2317 modo
1959 2306 1974 2327 ,
1988 2289 2068 2332 quo
2089 2285 2241 2317 ceterae
2261 2271 2500 2322 Provinciae,

1467 2337 1682 2392 ceterique
1705 2334 1875 2377 Ministri
1905 2334 2211 2382 Provinciales,
2235 2332 2398 2375 Ordinis
2434 2333 2506 2373 liu·
2568 2330 2570 2333 ’

1469 2394 1637 2451 jusmodi
1655 2423 1669 2444 ,
1682 2393 1793 2452 juxta
1809 2393 1898 2450 ejus
1913 2392 2257 2444 Constitutiones‚
2273 2389 2505 2447 Apostolica

1466 2454 1706 2496 auctoritate
1726 2450 2011 2501 confirmatas,
2028 2450 2208 2506 subjetftae
2223 2480 2237 2503 ‚
2266 2452 2308 2493 &
2335 2448 2503 2503 subjecti

1468 2509 1814 2567 sunt2Apost01ica
1829 2511 2240 2560 aut‘toritate,tenore
2255 2507 2502 2565 presentium

1468 2569 1698 2625 subjicimus
1716 2598 1729 2620 ,
1751 2583 1796 2612 ac
1833 2569 2092 2624 praesentibus
2133 2567 2275 2609 nostris
2312 2567 2496 2616 Literis,

1467 2630 1565 2672 alias
1591 2632 1612 2670 a
1645 2629 1777 2670 Nobis
1800 2627 1867 2670 die
1891 2641 1976 2670 xvi.
1996 2627 2266 2670 MartiiAnno
2280 2638 2496 2669 Mucxxvr.

1466 2700 1705 2737 emanatas,
1732 2687 1896 2728 minime
1911 2686 2067 2728 obstare
2094 2715 2108 2738 ,
2144 2684 2307 2739 Nosque
2339 2698 2411 2739 per
2441 2682 2502 2724 se·

1465 2747 1728 2790 cundodic‘tas
1770 2746 1909 2788 literas
1959 2745 2187 2790 auctoritati
2222 2740 2494 2786 Commiffarii

1466 2806 1665 2863 generalis
1691 2805 1785 2847 dieti
1810 2804 2004 2856 Ordinis,
2029 2807 2094 2847 cui
2122 2803 2304 2846 Minister
2321 2801 2498 2845 Provin-

1465 2865 1574 2908 cialis
1604 2867 1793 2908 Romanae
1821 2864 2041 2907 Provinciae
2068 2863 2256 2921 praediCtae
2280 2890 2294 2911 ,
2329 2855 2493 2917 ipsaque

1465 2925 1680 2968 Provincia
1699 2952 1711 2976 ,
1739 2938 1854 2967 more
1885 2933 2117 2967 ceterarum
2163 2922 2491 2968 provinciarum,

1466 2995 1782 3040 ceterorumque
1812 2982 2014 3025 Ordinum
2053 2995 2198 3037 parere
2229 2979 2406 3029 debent,
2439 2991 2491 3020 eo

1463 3042 1639 3086 maxime
1663 3053 1879 3100 tempore,
1905 3056 1986 3098 quo
2003 3043 2132 3085 dic‘tus
2158 3039 2341 3084 Minister
2356 3041 2497 3080 Gene-

1463 3103 1557 3144 ralis
1586 3101 1899 3151 transmarinas,
1936 3102 1977 3142 &
2014 3099 2295 3143 ultramarinas
2323 3095 2494 3142 Provin-

1461 3163 1540 3204 cias
1566 3161 1710 3204 incolit
1727 3191 1742 3214 ,
1768 3160 2011 3217 invisitque,
2038 3156 2228 3209 noluisse,
2258 3171 2331 3199 nec
2360 3157 2494 3198 inten-

1460 3219 1558 3263 disse
1587 3221 1791 3276 derogare
1820 3220 2100 3263 declaramus.
2135 3216 2378 3260 Mandantes
2396 3228 2493 3270 pro·

1460 3291 1602 3337 pterea
1618 3282 1779 3324 Dilecto
1798 3279 1903 3322 Filio
1926 3277 2126 3321 moderno
2140 3305 2154 3328 ,
2177 3278 2217 3318 δι
2231 3289 2304 3332 pro
2332 3285 2491 3327 tempo-

1456 3355 1510 3383 re
1533 3339 1717 3383 existenti
1746 3339 1930 3382 Ministro
1962 3335 2205 3381 Provinciali
2233 3360 2247 3382 ‚
2288 3332 2489 3387 aliisque„-

1460 3398 1713 3443 Officialibus
1728 3427 1742 3450 ,
1759 3400 1799 3440 δι
1817 3396 2026 3442 Fratribus
2041 3397 2152 3439 dieta:
2166 3391 2384 3435 Provinciae
2402 3393 2487 3432 Ro-

1457 3473 1604 3510 manae,
1618 3457 1928 3516 quomodolibet
1950 3454 2191 3509 nuncupatis
2205 3478 2218 3500 ‚
2238 3464 2343 3493 nnnc
2360 3452 2397 3491 &
2415 3463 2490 3504 pro

1457 3529 1644 3576 tempore
1673 3518 1839 3560 existen.
1875 3517 1917 3559 in
1950 3516 2103 3556 virtute
2130 3511 2266 3554 sanetae
2292 3508 2492 3552 obedien-

1455 3579 1550 3630 tiae,
1582 3593 1627 3620 ac
1655 3575 1725 3620 sub
1760 3573 2043 3631 suspensionis,
2079 3573 2118 3612 &
2142 3568 2451 3624 irregularitatis
2471 3597 2487 3618 ,

1453 3636 1796 3694 depositionisque
1822 3634 1873 3675 ab
1909 3645 2053 3674 eorum
2080 3629 2251 3679 officiis,
2277 3630 2317 3669 &
2345 3642 2492 3671 mune—

1454 3698 1569 3741 ribus
1585 3726 1598 3748 ,
1626 3695 1913 3752 perpetuatque
1932 3689 2167 3746 privationis
2193 3689 2304 3731 vocis
2329 3688 2491 3737 afflvae,

1454 3759 1495 3802 a&
1517 3755 1674 3814 paffivae
1703 3755 1784 3811 ipso
1811 3748 2182 3794 faooincurrendae
2199 3777 2213 3799 ,
2241 3746 2490 3847 aliislqiiear.

2355 3817 2434 3846 ltrll
