2710 4108
324 328 543 371 firmavit:
590 325 799 369 uoviffime
839 333 975 369 autem
1019 335 1095 381 per
1122 328 1206 369 Nos
1235 336 1352 369 acce-

323 399 421 443 pto,
446 399 497 429 ex
523 388 856 441 congregatione
873 384 1059 427 Fratrum
1087 386 1351 427 Conventus-

321 447 422 488 }ium
452 442 790 486 Reformatorum
823 442 1045 497 hujusmodi
1073 454 1151 485 non
1181 456 1254 486 eos
1280 442 1351 485 in..-

320 503 500 546 Ecclefia
523 503 600 544 Dei
616 502 841 558 spirituales
855 499 1032 552 fruetus,
1056 501 1124 557 qui
1141 500 1347 556 speraban—

323 574 392 604 tur
407 590 423 612 ‚
445 560 633 617 prodiiffe
654 588 668 611 ‚
711 561 778 603 sed
793 591 809 612 ,
823 562 929 617 quod
960 557 1093 616 plures
1109 557 1354 602 differentias

325 622 430 663 inter
468 619 630 661 eosdtm
662 622 828 662 Fratres
854 619 1118 662 Reformatos
1140 643 1155 667 2
1196 619 1233 660 &
1261 621 1353 660 Fra—

325 690 408 722 tres
434 678 745 722 Conventuales
772 707 791 729 ,
826 692 902 720 non
933 677 1222 730 Reformatos,
1249 686 1357 718 ortes

324 737 431 788 effe,
463 739 500 779 &
518 738 667 791 pariter
688 737 830 790 vigere
845 766 856 777 .
889 741 976 780 Nos
995 735 1190 792 pramissis
1217 735 1357 777 obvia-

325 809 371 839 re
385 824 400 846 ,
430 808 474 838 ac
503 796 597 837 alias
615 794 786 850 desuper
810 795 1037 850 opportune
1056 794 1268 847 providere
1287 806 1356 835 vo·

324 855 455 897 lentes
471 880 485 902 ,
514 863 625 895 motu
656 855 820 908 proprio
845 881 858 905 ,
887 856 926 896 δι
947 866 996 896 ex
1021 864 1134 895 certa
1165 852 1355 900 scientia,

324 926 370 955 ac
399 924 552 955 matura
579 910 873 954 deliberatione
897 913 1038 955 nostris
1054 938 1069 959 a
1098 912 1228 966 deque
1244 913 1352 963 Apo-

324 971 468 1013 stolicae
495 969 704 1026 potestatis
738 970 989 1025 plenitudine
1030 983 1078 1011 ex
1116 968 1308 1024 praemiffis
1337 995 1352 1018 ,

321 1029 486 1085 alitque
505 1028 613 1086 justis
626 1056 640 1079 ‚
663 1027 702 1069 &
718 1029 1017 1071 rationabilibus
1034 1026 1352 1076 caufis‚animum

321 1089 502 1130 nostrum
534 1086 789 1128 moventibus
808 1111 822 1136 ,
851 1085 1224 1141 congregationem
1254 1083 1348 1126 Fra-

325 1157 434 1188 trum
456 1144 799 1187 conventualium
815 1143 1143 1187 Refer-matorum
1162 1142 1353 1199 hujusmo-

324 1205 364 1246 di
378 1231 393 1255 ,
409 1204 566 1253 omnia,
582 1204 621 1245 c&
640 1215 884 1258 quascunque
900 1202 1007 1246 ill-*us
1033 1201 1161 1244 officia
1177 1229 1191 1253 ,
1215 1202 1254 1242 δι
1277 1201 1346 1243 mi—

329 1262 513 1311 nistr-ria,
551 1272 709 1303 necnon
743 1264 919 1310 Domos,
952 1264 993 1304 &t
1017 1262 1104 1302 loca
1130 1259 1346 1314 Regularia

323 1321 580 1375 qu'aecumque
605 1343 617 1369 ,
655 1321 694 1360 δι
721 1316 759 1360 in
788 1320 986 1375 quibusvis
1015 1319 1238 1362 Provinciis
1261 1318 1347 1362 exi-

323 1379 460 1421 stentia
478 1402 492 1428 ,
529 1379 568 1418 δι
594 1378 642 1419 ad
671 1389 740 1420 eos
773 1377 981 1433 spectantia
999 1406 1011 1430 ‚
1037 1390 1083 1421 ac
1109 1378 1278 1427 statuta,
1307 1377 1346 1417 dt

322 1435 632 1478 consuetudines
646 1463 660 1485 ,
677 1438 712 1477 δι
727 1436 891 1478 decreta
910 1465 923 1488 ,
943 1451 1094 1480 necnon
1112 1434 1346 1493 privilegis,

324 1497 363 1536 &
393 1494 551 1536 lndulta
586 1504 666 1534 tam
696 1492 877 1548 specialia
906 1522 920 1544 ,
949 1510 1066 1551 quam
1108 1493 1341 1549 generalia..-

318 1554 520 1609 perpetuo
561 1550 831 1607 suppreffimus
865 1578 878 1603 ,
919 1555 957 1594 δι
982 1552 1224 1595 extinximus
1254 1579 1273 1602 ,
1294 1564 1340 1592 ac

321 1613 369 1654 ab
392 1609 543 1652 eisdem
560 1611 759 1652 Fratribus
771 1612 1116 1654 Conventualibus
1134 1609 1345 1652 Reforma-

323 1671 375 1711 tis
395 1673 543 1710 Domos
558 1694 572 1718 ,
585 1672 826 1712 Conventus
838 1698 851 1721 ,
866 1670 905 1710 ἃ
920 1670 1007 1711 loca
1023 1698 1038 1722 ,
1069 1683 1114 1711 ac
1131 1669 1233 1710 bona
1258 1679 1342 1708 mo-

322 1728 443 1776 bilia,
472 1727 507 1766 &
531 1725 781 1778 immobilia,
809 1731 848 1770 δι
872 1727 912 1770 se
937 1728 1135 1770 moventia
1161 1727 1343 1781 ubique..-

321 1790 502 1841 gentium
525 1785 736 1826 constituta
752 1815 767 1836 ,
801 1787 946 1829 sacram
969 1800 1154 1842 quoque,
1180 1788 1216 1826 &
1234 1798 1340 1827 com-

328 1857 484 1883 munem
504 1842 819 1896 supellectilem,
852 1844 1106 1899 ipsorumque
1131 1844 1341 1886 omnium-2

318 1899 446 1950 usum,
466 1900 749 1944 usumfructum
764 1931 774 1949 ,
792 1903 1188 1953 administrationem,
1203 1903 1237 1942 &
1256 1900 1342 1955 pos-

320 1957 523 1999 senionem
553 1957 796 2011 spiritualem
813 1988 825 2011 ,
852 1963 891 2002 δι
915 1961 1178 2015 temporalem
1198 1985 1212 2007 ,
1239 1974 1340 2010 'nec-

315 2028 391 2058 non
417 2014 478 2070 jus
492 2043 506 2065 ,
537 2015 572 2057 &
599 2018 792 2058 actionem
807 2047 819 2068 ‚
836 2021 893 2060 eis
910 2017 1214 2073 quomodolibet
1228 2030 1337 2060 com·

315 2074 498 2129 petentia
537 2073 770 2117 abstulimus
797 2104 810 2126 ,
853 2079 893 2118 ἃ.
916 2078 1048 2119 ablata
1084 2075 1162 2118 eise
1186 2104 1200 2128 ,
1239 2088 1336 2118 cen-

314 2133 390 2174 seri
419 2131 641 2183 voluimus;
674 2136 842 2176 Necnon
873 2138 1055 2186 Domos,
1084 2137 1125 2176 &
1145 2139 1336 2178 Conven-

315 2199 408 2240 tus,
437 2191 550 2240 loca,
582 2190 903 2246 supelleffletn,
935 2195 1032 2236 bona
1051 2222 1065 2244 ,
1097 2208 1185 2244 res,
1216 2194 1336 2236 aetio-

314 2261 413 2293 nes,
444 2245 480 2287 8(
509 2245 597 2302 jura
626 2246 836 2303 praedffia,
865 2266 1086 2308 eorumque
1110 2253 1334 2308 proprieta-

316 2316 400 2346 tem
431 2307 596 2347 Ordinis
626 2309 809 2351 Fratrum
842 2312 1041 2353 Minorum
1071 2313 1110 2353 S.
1137 2310 1332 2353 Francisci

310 2365 655 2407 Conventualiutn
676 2380 994 2420 nuncupatorum
1011 2396 1022 2417 ,
1035 2369 1156 2411 certis
1184 2369 1303 2411 modo
1318 2397 1332 2419 ,

312 2423 350 2462 &
374 2420 502 2463 forma
530 2432 625 2463 tunc
655 2422 842 2480 expressis
869 2425 1155 2479 conceffimus,
1183 2426 1221 2469 &
1248 2427 1326 2470 affi-

311 2480 515 2533 gnavimus
531 2509 543 2530 ,
576 2480 732 2536 alisque
748 2482 912 2527 fecimus
929 2515 940 2534 ,
958 2486 1183 2534 statuimus,
1206 2489 1245 2528 &
1260 2502 1329 2528 or·

311 2537 564 2588 dinavimus,
587 2550 706 2594 prout
735 2542 772 2583 in
801 2542 892 2586 dieti
919 2545 1018 2586 Sixti
1036 2544 1331 2587 Praedecefforis

308 2593 377 2635 sub
405 2595 594 2648 plumba,
620 2599 659 2638 δι
684 2600 1100 2657 Nostris,desuperin
1118 2603 1228 2644 simili
1250 2604 1328 2646 sor-

306 2666 372 2694 ma
390 2654 527 2694 Brevis
543 2656 739 2709 expeditis
763 2657 907 2701 litteris
921 2689 936 2711 ,
967 2675 1131 2716 quarum
1147 2673 1330 2705 tenorem

305 2709 558 2778 praesentibus
573 2725 648 2766 pro
659 2714 842 2768 expressis
859 2718 994 2762 haberi
1013 2719 1195 2763 volumus
1210 2750 1225 2771 ,
1242 2721 1326 2774 ple·

305 2770 393 2810 nius
408 2771 649 2814 continetur.
671 2776 775 2815 Cum
792 2787 945 2828 autem,
960 2779 1055 2819 sicut
1072 2780 1298 2831 accepimus
1312 2808 1326 2831 ,

305 2827 457 2870 Diieeti
475 2827 531 2870 Fil
554 2830 563 2869 i
591 2832 752 2874 Fratres
770 2834 951 2876 Minores
964 2836 1127 2879 Ordinis
1148 2837 1327 2891 ejusdem

306 2890 347 2929 S.
367 2886 566 2953 Francisci
582 2890 779 2944 Capucini
801 2896 1015 2949 nuncupati
1031 2910 1102 2949 pro
1124 2897 1200 2938 suis
1229 2897 1294 2938 usu
1311 2923 1325 2947 2

306 2946 346 2986 δι
361 2945 625 3011 habitatione,
645 2951 775 2990 Domo
791 2952 984 3006 Regulari
1000 2951 1203 3009 suppreffae
1217 2957 1323 2997 Con.

305 3005 556 3058 gregationis
584 3005 800 3060 hujusmodi
838 3009 918 3053 loci
945 3013 1092 3067 Quarti
1118 3013 1320 3066 Januensis

304 3061 500 3103 Dioecefis
517 3065 686 3106 maxime
704 3064 926 3121 indigeant,
947 3070 986 3112 δε
1005 3071 1185 3115 Dilectus
1197 3073 1318 3116 etiarn

301 3119 423 3162 Filius
451 3119 631 3163 Minister
643 3125 857 3167 Generalis
881 3129 1118 3171 eorumdem
1135 3132 1322 3174 Fratrum

300 3178 507 3220 Minorum
525 3182 866 3225 Conventualium
882 3211 896 3233 -,
912 3197 955 3228 ut
976 3189 1128 3231 Domus
1146 3189 1323 3243 Regula-

303 3237 357 3277 ris
386 3236 565 3290 prtedic'ta
589 3236 738 3280 eisdem
759 3243 959 3287 Fratribus
976 3247 1194 3301 Caput-inis
1222 3261 1324 3289 con-

306 3294 498 3346 cedatur,
526 3295 711 3352 expresse
737 3298 1005 3345 consenserit.
1038 3307 1124 3347 Nos
1159 3306 1209 3348 ad
1237 3306 1323 3347 exi-

302 3353 400 3392 mios
416 3381 429 3403 ,
444 3364 564 3409 atque
583 3355 829 3410 multiplices
846 3358 1010 3412 fruetus,
1023 3377 1123 3417 quos
1136 3363 1206 3419 ipfi
1225 3366 1323 3407 Fra-

303 3419 387 3452 tres
405 3414 599 3466 Capucini
617 3415 792 3456 ardentis
810 3417 1031 3471 Religionis
1048 3421 1140 3464 zelo
1153 3449 1167 3472 ,
1179 3424 1219 3464 &
1236 3421 1321 3473 spe-

300 3467 406 3532 (tetd-
445 3479 536 3513 toto
567 3471 666 3514 Orbi
698 3475 909 3529 Regularis
940 3477 1162 3535 Disciplinae
1184 3480 1321 3523 obser-

298 3525 434 3568 vanna
451 3555 462 3576 ‚
492 3543 536 3571 ac
563 3530 706 3585 jugiter
732 3529 990 3585 spiritualium
1013 3547 1183 3594 operum
1201 3552 1320 3580 exer-

300 3583 400 3624 citio
424 3586 461 3625 in
496 3589 619 3631 Vinea
640 3591 799 3632 Domini
823 3591 996 3636 afferunt
1014 3622 1029 3643 s
1058 3606 1230 3652 paternae
1255 3596 1322 3639 di-

302 3643 480 3699 rigentes
506 3647 835 3706 considerationis
861 3651 1051 3697 intuitum
1073 3683 1088 3708 ,
1116 3654 1320 3711 dignum..-

1115 203 1648 296 Provinciis

1412 325 1504 378 quin
1527 327 1658 380 potius
1674 323 1862 369 debitunt
1882 323 2187 381 reputavimus,
2212 325 2436 368 eorundem

1412 385 1598 426 Fratrum
1612 385 1919 439 Capucinorum
1934 383 2229 426 necessitatibus
2247 383 2378 440 aliqua
2395 388 2433 428 in

1409 451 1524 496 parte
1551 442 1790 485 consulere.
1824 447 1965 499 ltaque
1991 442 2154 485 eosdem
2172 444 2336 484 Fratres
2352 447 2435 485 Ca-

1407 499 1573 555 pueinos
1594 499 1828 556 specialibus
1846 501 2075 550 favoribus,
2106 504 2146 543 ὅ(
2169 501 2310 557 gratiis
2338 515 2434 555 pro-

1414 557 1523 613 sequi
1553 560 1760 610 volentes,
1785 561 1822 601 ἃ
1850 572 1991 602 eorum
2004 561 2219 614 singulares
2245 559 2432 615 personas

1412 617 1435 659 ὲ
1462 617 1662 671 quibusvis
1680 619 2126 669 excommunicationis,
2156 617 2434 673 suspeniionis,

1416 672 1668 717 &interdicti
1683 704 1697 726 ,
1724 677 1890 732 aliisque
1906 676 2185 718 Eccieiiasticis
2199 677 2430 725 sententiis,

1415 732 1614 784 censuris,
1639 735 1676 775 &
1701 735 1831 789 poenis
1847 760 1861 782 ,
1888 735 1909 774 ὰ
1937 732 2052 790 jure,
2078 735 2143 776 vel
2157 735 2209 777 ab
2233 736 2433 778 homine,

1417 794 1556 845 quavis
1581 794 1786 834 occasione
1807 820 1821 844 ‚
1861 792 1927 834 vel
1958 795 2068 835 causa
2086 793 2202 842 latis,
2229 793 2253 835 fi
2287 796 2431 848 quibus

1414 848 1722 904 quomodolibet
1740 851 1935 893 innodatae
1949 850 2118 892 existunt
2134 880 2148 902 ,
2172 851 2222 893 ad
2243 851 2427 894 effectum

1412 909 1658 963 praesentium
1683 908 1877 952 duntaxat
1901 909 2226 964 consequendum
2251 929 2265 961 ·,
2289 911 2430 951 harum

1414 963 1513 1009 serie
1543 967 1791 1010 absolventes
1819 995 1833 1018 ,
1856 968 1893 1008 &
1919 966 2118 1009 absolutas
2145 965 2234 1009 fore
2265 971 2431 1009 censen-

1411 1034 1503 1078 tes,
1535 1035 1643 1067 motu
1670 1026 1859 1081 proprio,
1885 1026 1924 1067 &
1952 1038 2001 1066 ex
2023 1035 2137 1067 certa
2167 1025 2353 1076 scientia,
2378 1036 2424 1066 ac

1410 1094 1567 1126 matura
1594 1085 1892 1128 deliberatione
1907 1083 2044 1125 nostris
2061 1111 2072 1133 ,
2109 1082 2244 1139 deque
2255 1082 2426 1138 Apono*

1411 1141 1496 1185 licae
1530 1141 1736 1198 potestatis
1766 1141 2022 1198 plenitudine
2050 1142 2309 1184 fraternitati
2332 1143 2427 1184 Tuae

1411 1213 1481 1256 per
1499 1202 1710 1257 praeientes
1738 1200 2055 1250 committimus,
2080 1201 2118 1241 δι
2155 1201 2382 1242 mandamus
2405 1227 2423 1251 ,

1409 1269 1450 1302 ut
1477 1269 1638 1304 attento
1666 1258 1853 1302 consenso
1876 1257 2070 1314 praefato,
2097 1261 2268 1300 Domum
2287 1259 2428 1312 Regu—

1405 1320 1533 1363 latetn
1549 1318 1750 1375 suppreffae
1761 1317 2099 1371 Congregationis
2120 1316 2337 1374 hujusmodi
2362 1317 2427 1359 di⁴

1405 1379 1455 1420 sti
1484 1378 1592 1427 loci,
1623 1388 1715 1419 cum
1736 1375 1918 1418 omnibus
1946 1404 1961 1425 ,
1998 1375 2038 1416 δι
2063 1376 2222 1431 singulis
2244 1374 2424 1431 juribus,

1403 1440 1443 1479 &
1458 1436 1710 1493 pertinentiis
1738 1435 1810 1478 suis
1826 1432 2040 1484 universis,
2071 1434 2275 1475 fratribus
2287 1436 2425 1488 Capu-

1402 1496 1500 1538 cinis
1530 1494 1719 1551 praedietis
1745 1520 1758 1544 ,
1804 1505 1904 1548 quos
1936 1494 2182 1536 Procurator
2207 1492 2421 1534 Generalis

1404 1554 1580 1612 ejusdem
1604 1553 1770 1596 Ordinis
1791 1552 1840 1593 ad
1868 1551 1945 1592 hoc
1962 1550 2212 1607 deputandos
2229 1549 2392 1592 duxerit
2407 1577 2422 1601 ,

1404 1614 1651 1656 authoritate
1667 1611 1808 1653 Nostra
1836 1606 2061 1660 concedas,
2084 1609 2124 1649 &
2142 1608 2307 1663 affignes
2322 1636 2336 1659 ,
2364 1608 2424 1650 in·

1403 1673 1555 1715 ducens
1573 1685 1641 1714 eos
1661 1669 1764 1711 dieta
1789 1667 2027 1710 auctoritate
2052 1679 2125 1721 per
2143 1668 2205 1709 Te
2218 1696 2234 1718 ,
2262 1667 2327 1708 vel
2349 1675 2422 1724 per

1402 1732 1552 1780 alium,
1583 1730 1651 1773 seu
1673 1729 1773 1770 'alios
1796 1728 1833 1768 in
1862 1724 2114 1778 corporalem
2131 1754 2144 1776 ,
2172 1725 2352 1774 realem,
2382 1724 2422 1768 δι

1402 1789 1594 1832 aeniaiem
1626 1785 1895 1843 poffeffionem
1924 1786 2076 1825 Domus
2105 1783 2346 1839 Regularis,
2374 1797 2422 1826 ac

1401 1848 1577 1906 jurium,
1611 1844 2002 1900 &pertinentiarum
2036 1841 2191 1885 suarum
2218 1841 2422 1897 hujusmo-

1399 1909 1441 1949 di
1455 1921 1470 1960 ;
1486 1907 1817 1948 Contradic'tores
1838 1899 2067 1958 quoslibet,
2098 1903 2136 1943 &
2154 1901 2328 1943 rebelles
2348 1911 2422 1956 per

1400 1965 1615 2008 sententias
1630 1993 1644 2016 ,
1657 1961 1837 2006 censuras
1852 1987 1865 2009 ,
1887 1961 1923 2000 δι
1941 1972 2079 2015 poenas
2098 1958 2390 2001 Ecclesiasticus
2404 1983 2420 2008 ‚

1397 2025 1554 2079 aliaque
1570 2022 1696 2079 juris,
1728 2022 1767 2061 δι
1787 2018 1875 2059 faeti
1891 2028 2116 2073 opportuna
2135 2016 2326 2064 remedia,
2347 2030 2419 2072 ap-

1398 2081 1619 2139 pellatione
1647 2076 1853 2136 postposita
1875 2074 2169 2130 compescendo
2191 2104 2205 2126 ,
2230 2077 2419 2116 invocato

1397 2141 1519 2183 etiam
1545 2140 1595 2182 ad
1623 2141 1726 2190 hoc,
1751 2137 1773 2178 si
1789 2149 1885 2189 opus
1912 2133 2037 2176 fuerit
2055 2160 2070 2182 2
2101 2134 2250 2176 auxilio
2266 2132 2420 2176 brachii

1397 2198 1588 2241 saecularis
1602 2228 1612 2239 .
1646 2202 1737 2240 Non
1752 2193 1995 2237 obstantibus
2015 2192 2142 2236 literis
2165 2193 2304 2235 nostris
2320 2205 2420 2246 prae-

1392 2256 1508 2299 dictis
1524 2284 1538 2306 ,
1571 2270 1616 2299 ac
1643 2253 1842 2312 quibusvis
1859 2250 2223 2293 Constitutionibus
2244 2280 2257 2301 ,
2287 2251 2420 2291 &Oi-⁴

1391 2315 1661 2358 dinationibus
1691 2310 1925 2368 Apostolicis
1952 2337 1964 2361 ‚
1994 2322 2153 2351 necnon
2181 2309 2413 2351 ordinum..

1392 2373 1645 2428 praefatorum
1660 2397 1674 2420 s
1706 2372 1830 2413 etiam
1849 2366 2416 2423 jurament0,confirmatione

1391 2432 1621 2488 Apostolica
1644 2459 1657 2482 ,
1689 2431 1753 2470 vei
1770 2429 1907 2484 quavis
1923 2425 2112 2467 firmitate
2138 2426 2214 2467 alia
2242 2426 2414 2467 robora·

1394 2492 1445 2534 tis
1475 2491 1628 2532 statutis
1660 2516 1674 2538 ,
1704 2489 1743 2529 &
1769 2484 2119 2528 consuetudinibus
2145 2512 2159 2535 ,
2190 2482 2413 2538 privilegiis

1390 2563 1552 2605 quoque
1569 2546 1738 2591 indultis
1752 2576 1765 2595 ,
1787 2546 1825 2586 &
1843 2545 1990 2588 Literis
2007 2541 2242 2597 Ap‹·›stolicis
2258 2543 2296 2582 in
2315 2553 2413 2582 con·

1394 2609 1558 2650 trarium
1581 2602 1857 2661 premissorum
1874 2600 2177 2658 quomodolibet
2193 2598 2412 2650 conceffis,

1391 2665 1629 2709 confirmatis
1646 2694 1660 2715 ,
1687 2662 1934 2706 &innovatis
1955 2690 1966 2701 .
1998 2659 2157 2716 Quibus
2185 2658 2367 2700 omnibus
2395 2681 2411 2702 a

1388 2728 1428 2767 δε
1442 2723 1596 2778 singulis
1610 2751 1623 2774 2
1653 2723 1815 2765 illorum
1829 2720 2004 2762 omnium
2020 2731 2184 2760 tenores
2202 2731 2274 2770 pro
2288 2717 2408 2771 plen'e

1385 2787 1425 2826 &
1445 2781 1683 2825 sufficienter
1706 2777 1891 2835 expreffis
1908 2778 2101 2820 babentes
2119 2803 2133 2826 ,
2161 2776 2237 2818 illis
2259 2775 2409 2818 aliasin

1387 2844 1455 2885 suo
1484 2842 1631 2884 robore
1659 2837 1923 2895 permansuris
1949 2865 1963 2887 ,
1995 2838 2065 2877 hac
2099 2836 2185 2878 vice
2207 2838 2404 2875 duntaxat

1385 2899 1639 2957 specialiter,
1670 2899 1710 2940 &
1732 2896 1915 2949 expresse
1933 2895 2199 2950 derogtmus‚
2227 2887 2406 2934 caeteris·

1379 2973 1457 3015 que
1471 2956 1684 3000 contrariis
1706 2954 2017 3011 quibuscumque
2033 2983 2043 2994 .
2081 2954 2225 2994 Datum
2245 2952 2280 2992 in
2301 2953 2408 3014 Arce

1379 3015 1571 3061 Gandulfi
1599 3013 1830 3057 Albanensis
1856 3013 2049 3055 Dioeceiis
2079 3010 2146 3052 sub
2162 3008 2327 3053 Annulo
2342 3009 2408 3072 i'r·

1381 3074 1545 3119 scatoris
1560 3103 1573 3124 ,
1604 3075 1681 3115 Die
1700 3087 1763 3115 xx·
1787 3071 1974 3114 ostobrss
1989 3083 2204 3115 mncxxt’t.
2237 3063 2408 3112 Pontifi-

1383 3145 1493 3179 catus
1519 3131 1642 3175 nostri
1666 3134 1787 3175 Anno
1800 3139 1946 3187 quarto
1963 3156 1976 3170 ·

1972 3305 2024 3346 V.
2041 3300 2262 3347 ‘theatinus
2279 3327 2291 3339 .

1439 3483 1612 3538 exempl.
1640 3482 1682 3524 in
1696 3479 1815 3526 Arcb.
1835 3480 2012 3534 generali
2039 3475 2196 3520 Ordinis
2217 3476 2406 3516 Armam'o

1485 3540 1677 3595 prediffo
1692 3570 1704 3582 .
1743 3538 1855 3589 Wde,
1881 3536 1934 3589 ῥ’
1956 3538 1999 3579 de
2027 3536 2099 3580 bac
2125 3539 2249 3579 Domo
2274 3534 2401 3575 alia-‚0

1494 3595 1608 3660 infra
1621 3626 1634 3640 .

2241 3829 2356 3870 Con-
