2762 4108
1165 210 1648 300 Veneta.

280 363 289 370 ·
367 388 526 438 vilem
533 385 638 432 rma
655 347 868 425 ΖΙΜΒῚ
879 378 907 422 ἃ
923 378 1142 437 878181βο
1154 408 1169 434 ,
1193 382 1339 429 fratrs·

526 468 534 476 -
608 440 765 483 Ordinis
784 441 1070 493 capuanorum
1083 467 1095 482 .

326 520 840 622 'fautus
911 557 1175 607 PAPA
1250 562 1313 609 v.

421 678 581 729 niune
594 674 679 723 rm
695 704 713 728 ‚
730 648 904 731 fimen-
916 704 933 727 ,
957 673 1012 726 <9-
1028 673 1283 733 Amouea-

515 756 517 758 ·
685 733 992 778 &redimamur
1010 759 1024 774 .

327 887 333 898 .
442 859 597 906 UMTu
613 854 664 899 ad
678 854 913 899 exercitum
923 851 1073 896 Dileeii
1089 851 1364 904 Filii‚Nobilis

470 917 558 960 Viri
573 913 836 959 Maximiliani
852 910 1029 957 Barariae
1041 912 1168 954 Ducis
1183 939 1197 963 ,
1207 913 1247 953 δι
1258 913 1361 955 alio-

330 992 423 1022 rum
438 975 744 1020 catholicorum
757 973 872 1016 Sacri
883 971 1056 1017 Romani
1069 971 1234 1027 Imperii
1246 973 1359 1015 Prin-

329 1039 465 1094 cipum
479 1032 840 1078 coni'aederatorum
857 1040 1000 1074 contra
1015 1030 1239 1072 Haereticos
1254 1033 1363 1074 Ger-

328 1095 571 1139 maniaecom
602 1102 759 1135 aratum
772 1118 787 1141 ,
817 1100 860 1132 ut
874 1089 941 1131 ibi
957 1087 1177 1144 spiritualia
1203 1090 1361 1131 exerci-

328 1156 386 1198 tia
402 1154 455 1196 ad
465 1153 565 1196 Chr'
599 1148 854 1195 ifideliunuin
868 1146 978 1189 dieto
987 1148 1175 1190 exercitu
1186 1147 1363 1191 militan-

329 1214 437 1257 tium
449 1209 694 1266 spiritualem
709 1206 1051 1258 consolationem,
1073 1207 1113 1248 δι
1132 1206 1361 1249 >animarum

329 1270 495 1315 salutem
507 1267 656 1319 Facias,
686 1265 740 1308 de
755 1275 917 1309 tuorum
942 1267 1207 1320 superiorum
1231 1264 1360 1309 licen·-

328 1330 387 1372 tia
403 1356 417 1380 ,
441 1329 482 1369 δι
496 1323 590 1383 ,uffo
606 1324 739 1368 nostro
768 1320 1255 1380 propediem-acceffurus
1283 1323 1360 1378 523

329 1390 420 1432 Nos
433 1388 493 1430 Te
508 1382 771 1439 infrascriptis
783 1380 1054 1439 spiritualibus
1068 1383 1209 1438 gratiis
1223 1381 1361 1438 prose-

326 1445 537 1504 quendum
551 1443 760 1488 duximus.
792 1442 1019 1499 Propterea
1035 1440 1159 1492 Tibi,
1186 1451 1234 1484 ut
1259 1456 1359 1499 quo-

324 1517 595 1559 rumcumque
621 1499 958 1546 christifidelium
975 1500 1018 1543 in
1044 1498 1152 1543 dicio
1169 1502 1358 1545 exercitu

328 1564 591 1607 militantium
623 1557 903 1604 confeffiones
931 1557 1073 1601 audire
1085 1587 1105 1611 ,
1127 1560 1278 1617 eosque
1307 1563 1358 1604 ab

329 1621 517 1667 omnibus
532 1620 713 1678 peccatis
725 1646 740 1670 ,
754 1619 792 1660 et
805 1616 986 1662 censuris
1002 1616 1291 1662 Ecclefiasticis
1318 1621 1358 1663 in

329 1678 648 1738 quibuscumque
660 1678 810 1719 casibus
825 1705 839 1727 ‚
866 1679 995 1721 etiam.
1009 1676 1138 1719 Nobis
1154 1706 1170 1728 ,
1187 1679 1228 1722 δι
1250 1679 1357 1733 Apo-

329 1739 474 1783 stolicae
484 1738 578 1781 Sedi
591 1734 902 1794 quomodolibet
924 1733 1138 1777 reservatis
1151 1762 1165 1784 ‚
1179 1737 1304 1779 etiam
1317 1739 1359 1779 in

329 1798 463 1843 literis
477 1796 546 1839 die
555 1798 696 1839 Coeoae
713 1794 880 1836 Domini
891 1793 975 1850 legi
987 1792 1117 1836 solitis·
1127 1796 1356 1846 contentis,

329 1858 372 1900 in
389 1856 480 1899 foro
492 1852 744 1900 constiensioe
761 1862 953 1904 tantum,
984 1852 1163 1910 injunsta
1194 1852 1274 1895 iliis
1298 1851 1356 1897 fa·-

329 1916 449 1960 lutari
468 1912 708 1970 poenitentia
724 1911 966 1964 absol-vere,
997 1925 1156 1955 necnon
1183 1926 1354 1957 eorum..

330 1984 431 2017 vota
453 1984 714 2029 quecumque
748 1970 768 2023 s
800 1970 1006 2015 Castitatir
1020 1997 1035 2019 ‚
1062 1971 1101 2012 &
1131 1970 1360 2027 Religionis

326 2035 434 2077 vot-is
445 2030 660 2075 dumtaxat
672 2030 889 2086 exceptis)
905 2029 944 2071 in
961 2028 1038 2071 alia
1052 2029 1216 2085 pietatis
1231 2043 1359 2084 opera

324 2101 576 2135 com-mutare
590 2115 606 2138 ,
636 2102 683 2130 ac
698 2086 786 2130 illis
808 2086 1058 2132 Sanctiffimae
1073 2088 1363 2140 Eucharistiae,

310 2152 363 2192 Ι8(
376 2160 568 2193 extreme
591 2146 803 2190 Unctionis
817 2150 1089 2191 Sacramenta
1110 2147 1326 2190 ministrare
1340 2160 1364 2199 ἰ

326 2221 482 2252 necnon
506 2202 641 2250 Miss'as
667 2203 785 2261 super
813 2204 950 2248 Altari
975 2205 1169 2260 portatile
1201 2205 1240 2247 in
1264 2205 1361 2248 loco

326 2265 460 2311 clauso
473 2294 488 2318 ,
506 2265 579 2307 &a
595 2263 731 2307 ventis
748 2272 840 2305 tuto
856 2289 872 2312 ,
897 2263 937 2304 in
956 2271 1069 2303 terra
1093 2275 1188 2304 cum
1206 2263 1357 2306 debitis

326 2327 483 2368 honore
498 2351 513 2374 ,
544 2324 585 2364 δι
599 2322 832 2364 reverentia
856 2320 1096 2373 celebrare;
1123 2322 1354 2374 Praeterea,

326 2394 370 2427 ut
385 2380 665 2438 aegrotantibus
679 2378 1082 2437 ejusdem-exercitus
1108 2378 1265 2433 plenius
1296 2378 1354 2422 sa-

328 2438 693 2487 tisfacerevaleas,
718 2448 769 2482 ut
781 2439 844 2482 Tu
859 2466 874 2490 ,
906 2436 932 2480 fi
959 2451 1058 2493 opus
1087 2436 1213 2481 fixerit
1227 2468 1244 2491 ,
1273 2451 1350 2495 pro

327 2502 502 2557 ipsorum
518 2488 1134 2553 AEgrdtantiumneceffitatibus
1160 2498 1199 2540 in
1230 2511 1348 2541 exer—

325 2558 406 2603 citu
420 2587 436 2611 ,
449 2566 517 2601 aut
531 2556 626 2600 alibi
641 2554 918 2612 eleemosynas
931 2565 1100 2611 petere,
1111 2570 1204 2613 quae
1213 2566 1349 2599 tamen

323 2632 446 2675 penes
462 2615 713 2672 syndicum,
743 2625 808 2659 aut
827 2617 1146 2658 Procuratorem
1169 2614 1347 2670 aliquem

324 2677 395 2720 abs
409 2676 471 2719 're
485 2674 721 2730 eligendum
735 2671 1047 2724 conserventur,
1059 2673 1104 2714 δι
1117 2671 1155 2714 iu
1165 2671 1349 2715 infirmo-

322 2748 413 2777 rum
429 2731 726 2776 neceffitatibus
753 2742 1007 2788 exponantur
1020 2759 1035 2783 ,
1053 2731 1108 2774 ita
1122 2730 1258 2788 ,quod
1281 2732 1349 2774 Tu

318 2789 834 2847 hujusmodieleemosynas
866 2804 939 2833 nec
966 2789 1166 2845 recipias,
1189 2803 1265 2832 nec
1281 2787 1350 2831 adr

320 2848 518 2894 ministres
531 2878 548 2899 ,
569 2846 668 2896 nist,
692 2858 894 2905 quatenus
920 2858 988 2892 tua
1002 2847 1162 2904 Regula
1179 2847 1349 2904 permit-

320 2912 368 2952 tit
395 2923 408 2951 :
439 2906 603 2961 Insuper
628 2934 644 2957 ,
682 2905 793 2962 quod
823 2908 888 2949 Tu
916 2934 932 2958 ,
968 2905 1348 2963 quandocumque-2

319 2977 488 3013 ventum
499 2963 622 3006 fuerit
638 2963 689 3006 ad
703 2974 971 3008 arma·contra
989 2964 1214 3008 Haereticos
1225 2992 1239 3016 ,
1260 2967 1347 3006 Ca-

321 3025 486 3070 tholicis
502 3052 516 3074 ,
541 3024 587 3064 &·
601 3021 876 3078 Pugnantibus
892 3022 990 3066 dieii
1004 3021 1208 3066 exercitus
1224 3020 1350 3064 nomi-

321 3099 373 3129 ne
392 3083 541 3127 Nostro
563 3079 890 3123 benedictionem
919 3079 1159 3136 impendere
1186 3078 1346 3131 valeas,

319 3142 562 3187 austeritate
600 3136 832 3194 Apostolica
843 3166 858 3189 ,
893 3147 1041 3180 tenore
1067 3136 1316 3194 presentium
1331 3166 1349 3188 ,

321 3201 527 3245 licentiam
543 3228 557 3249 ,
569 3199 611 3239 &
624 3195 860 3241 facultatem
872 3195 1132 3239 concedimus
1144 3225 1156 3238 .
1173 3199 1347 3240 Praeter-

322 3274 374 3305 ea
408 3258 596 3302 omnibus
611 3282 625 3305 ,
654 3257 695 3297 8ι
725 3254 882 3310 lingulis
925 3252 1135 3298 Fidelibus
1157 3255 1211 3297 de
1236 3254 1346 3298 dieto

320 3318 507 3362 exercitu
519 3343 534 3366 ,
570 3316 613 3357 iis
639 3313 834 3356 videlicet
848 3341 863 3365 ,
891 3313 958 3369 qui
989 3313 1114 3367 gratis
1139 3313 1346 3356 militave-

308 3379 432 3428 rint,
465 3388 542 3433 pro
567 3374 692 3431 prima
714 3372 835 3422 vice,
859 3384 939 3427 qua
964 3371 1159 3424 contriti,
1187 3372 1230 3413 Gr
1251 3386 1347 3415 con·

322 3432 580 3478 feffrSacram
593 3430 883 3475 Eucharistiam
906 3427 1059 3471 devote
1084 3429 1346 3487 sumpserint,

322 3492 545 3549 plenariam
558 3492 734 3535 omnium
749 3499 1007 3546 peccatorum
1024 3485 1185 3532 suorum
1204 3488 1344 3532 Indul-

322 3550 530 3607 gentiam,
544 3551 585 3595 δι
599 3548 865 3592 remissionem
883 3545 1196 3589 misericorditer
1213 3548 1343 3590 inDo-

323 3607 435 3650 mino
443 3608 703 3652 concedimus
717 3620 733 3660 ;
748 3605 995 3663 stipendiaris
1013 3604 1112 3647 uero
1133 3604 1342 3656 militibus,

322 3665 509 3709 contritis
522 3667 589 3716 ,8ο
603 3664 784 3708 confeffis
799 3695 813 3718 ,
825 3668 988 3709 Sacram
1002 3664 1341 3706 communionem

325 3723 479 3766 devote
497 3721 742 3767 sumentibus
758 3752 774 3775 ,
803 3723 931 3779 prima
947 3724 1033 3765 vice
1049 3721 1194 3764 decem
1206 3735 1345 3770 annos,

324 3778 548 3824 &totidem
573 3781 849 3838 quadragenas
868 3796 884 3836 3
915 3780 1096 3826 omnibus
1120 3782 1349 3833 nahtam

445 3840 552 3883 Tom-
565 3842 619 3883 11·

2231 225 2409 331 289

1429 329 1711 386 stipendiaris,
1751 326 1871 385 quim
1898 342 1976 372 non
2004 331 2278 386 stipendiaris,
2314 339 2469 381 texeris

1419 389 1583 434 ‚vicibus
1599 414 1614 438 ,
1645 388 1787 443 quibus
1801 390 2000 440 commi,
2015 393 2225 436 &confessi
2241 397 2468 438 communi-

1431 447 1817 502 caverint‚quinque
1842 460 1979 498 annos,
1993 450 2031 489 &
2057 452 2227 494 totidem
2243 454 2470 509 quadrage·

1431 518 1501 546 nas
1516 505 1697 561 qualibet
1714 518 1802 548 vice
1818 533 1830 546 .
1862 507 1970 547 item
1993 508 2176 551 omnibus
2193 541 2208 560 ,
2238 516 2303 566 qui
2323 511 2467 562 Minae,

1430 561 1742 604 sermonibusve
1757 589 1773 612 ,
1787 574 1859 605 aut
1874 565 2151 606 Concionibus
2173 570 2265 609 Tuis
2279 600 2293 619 ,
2310 583 2376 613 aut
2395 573 2462 612 ho-

1427 620 1482 661 ris
1502 620 1747 672 matutinis,
1778 622 1815 663 &
1850 620 2089 677 vespertinis
2126 625 2319 668 habendis
2341 629 2469 670 inter-

1424 674 1607 730 fuerint,
1639 681 1763 722 toties
1780 680 2073 735 quinquaginta
2090 683 2176 724 dies
2205 685 2258 725 de
2275 685 2458 739 injuneus

1419 736 1478 778 eis
1491 764 1506 785 ,
1523 733 1588 776 scu
1603 737 1700 779 ali-‘is
1714 738 2025 794 quomodolibet
2043 740 2195 783 debitis
2216 745 2466 793 poenitentiis

1429 794 1472 836 in
1499 791 1628 837 forma
1655 794 1844 838 Ecclefiae
1868 795 2057 841 consueta
2095 799 2356 854 relaxamus,
2388 803 2461 845 im,

1427 850 1571 894 mortis
1589 855 1691 896 vero
1705 852 1882 897 articulo
1896 856 2124 900 constitutis
2136 885 2150 908 ,
2168 870 2291 915 arque
2309 860 2346 901 in
2362 873 2462 913 prae-

1422 909 1528 955 dieta
1543 910 1811 966 expeditione
1824 941 1839 964 ,
1872 913 1936 955 vel
1954 928 2086 971 pugna
2101 944 2116 966 ,
2137 915 2200 958 seu
2220 918 2363 971 praeliis
2376 933 2466 961 mo-

1419 969 1641 1021 rientibus,
1666 971 1858 1014 contritis
1872 981 2034 1023 tamen,
2061 974 2283 1028 plenariam
2301 990 2465 1032 quoque

1420 1028 1603 1071 omnium
1618 1039 1882 1085 peccatorum
1898 1027 2058 1074 suorum
2077 1033 2377 1088 indulgentiam
2392 1062 2407 1084 ,
2423 1039 2464 1077 δι

1421 1085 1718 1138 remillionem,
1742 1102 1864 1143 quam
1881 1091 1943 1133 Tu
1955 1089 1976 1132 d
1997 1091 2125 1133 Nobis
2141 1093 2369 1134 conceffam
2384 1095 2466 1135 esse

1425 1146 1697 1201 pronunciare
1730 1149 1886 1203 poteris
1900 1176 1915 1200 ,
1945 1147 1999 1191 de
2037 1151 2342 1205 Omnipotentis
2387 1152 2467 1193 Dei

1424 1202 1699 1249 misericordia
1715 1234 1731 1257 ,
1772 1220 1819 1249 ac
1848 1210 2064 1252 Beatorum
2102 1209 2239 1260 Petri,
2271 1211 2318 1253 δι
2351 1210 2466 1254 Pauli

1422 1263 1711 1319 Apostolorum
1731 1264 1820 1322 ejus
1846 1266 2090 1310 austoritate
2115 1266 2278 1319 confifi,
2309 1283 2465 1311 conce-

1423 1321 1555 1364 dimus
1571 1351 1587 1374 ,
1616 1325 1656 1366 δι
1673 1324 1959 1379 impartimur-3
1992 1328 2068 1369 Ne·
2084 1336 2223 1369 autem
2240 1329 2305 1370 Tu
2320 1356 2333 1378 ‚
2366 1329 2465 1370 dum

1422 1380 1510 1422 aliis
1526 1379 1711 1436 prodeffe
1722 1383 1883 1436 studes,
1915 1384 2055 1428 animae
2071 1394 2147 1428 tuae
2168 1386 2460 1431 detrimentum

1420 1440 1603 1494 patiaris,
1621 1441 1731 1493 Tibi,
1757 1451 1802 1485 ut
1815 1443 2017 1499 propriam
2035 1443 2239 1501 Regulam
2251 1443 2460 1498 observes,

1421 1499 1652 1541 mandamus
1667 1528 1682 1551 ,
1715 1501 1920 1557 Tibique,
1952 1500 2133 1545 donecin
2149 1501 2257 1545 dieto
2269 1507 2459 1549 exercitu

1421 1555 1619 1613 praemiffis
1643 1559 1802 1614 pietatis
1832 1559 1984 1603 Officiis
2013 1558 2218 1617 fungendo
2238 1564 2459 1614 manseris,

1421 1626 1464 1657 ut
1481 1629 1531 1659 ex
1550 1615 1713 1659 defectu
1731 1618 1942 1673 lenitatis,
1972 1617 2197 1663 dummodo
2223 1621 2260 1662 in
2290 1622 2459 1678 alicujus

1419 1685 1593 1718 mortem
1626 1690 1703 1718 non
1733 1677 1919 1733 opereris
1963 1677 2113 1722 nullam
2145 1678 2458 1735 irregularitatis

1418 1743 1558 1776 notam
1583 1734 1792 1787 incurras,
1819 1738 2089 1785 austeritate,
2121 1738 2158 1779 δε
2186 1748 2333 1781 tenore
2360 1753 2460 1795 prae-

1416 1792 1585 1835 i‘entium
1611 1794 1890 1846 concedimus,
1906 1795 2210 1852 &indulgemus
2223 1825 2235 1838 .
2269 1800 2367 1839 Non
2383 1800 2461 1841 ob-

1419 1850 1612 1894 stant-ibus
1626 1852 1989 1899 Constitutionibus
2004 1882 2020 1907 ‚
2051 1857 2095 1898 &⁴
2112 1855 2455 1901 ordinationibus

1417 1909 1693 1965 Apostolicis,
1719 1912 1951 1970 coeteriffiue
1964 1914 2178 1958 contrariis
2195 1915 2453 1972 quibuscum·

1419 1981 1526 2022 que.
1559 1970 1719 2012 Datum
1730 1973 1869 2014 Romae
1895 1972 2004 2028 apud
2027 1976 2215 2017 sancium
2232 1977 2459 2018 Marcum-A

1421 2026 1490 2067 sub
1506 2026 1674 2069 Annulo
1689 2027 1903 2073 Piscatoris
1920 2030 1989 2074 die
2019 2044 2033 2073 ι
2049 2044 2086 2073 ι.
2109 2033 2295 2075 octobris
2319 2047 2454 2077 uncx-

1420 2083 1684 2131 Pontificatus
1699 2087 1835 2132 Nostri
1855 2090 1980 2135 Anno
1995 2092 2108 2133 sexto
2121 2118 2135 2131 .

1991 2210 2033 2252 S·
2047 2207 2308 2252 cobellutius
2321 2236 2334 2248 .

1473 2322 1644 2376 Erkeg.
1669 2326 1813 2367 secret.
1830 2327 1946 2368 Bm.
1975 2325 2108 2384 qust.
2132 2326 2252 2386 menst
2275 2327 2324 2375 (5
2350 2326 2448 2368 anni

1518 2380 1737 2442 pudfol.
1770 2396 1860 2440 135.

1656 2581 2210 2650 NOTAss

1409 2727 1583 2813 Αιῖι,
1602 2728 1733 2774 quade
1755 2726 1822 2763 hoc
1843 2726 2041 2767 Venerabili
2065 2729 2133 2765 Dei
2152 2731 2266 2767 Servo
2282 2730 2354 2778 jam
2377 2731 2443 2767 im·

1522 2773 1625 2821 pressa
1637 2774 1738 2819 sunt,
1764 2773 1844 2810 vide
1859 2775 1893 2811 in
1908 2779 2049 2815 rom-1.
2061 2779 2127 2815 fol.
2138 2779 2243 2825 51.&
2258 2780 2325 2815 alia
2338 2804 2351 2823 ,
2365 2792 2440 2826 quae

1408 2823 1443 2858 in
1453 2822 1546 2859 illius
1557 2822 1702 2868 gloriam
1713 2823 1876 2859 narranda
1887 2825 2003 2863 restant
2014 2851 2026 2870 ,
2054 2826 2172 2872 partim
2185 2826 2268 2863 infra
2278 2826 2341 2864 fol.
2356 2837 2436 2875 39²·

1408 2870 1536 2920 Inspice
1547 2894 1558 2912 .
1578 2872 1699 2919 partim
1710 2871 1830 2909 inaliis
1844 2872 1974 2912 Tomis
1981 2873 2130 2913 edendis
2138 2875 2282 2923 cxpeffl
2294 2900 2305 2912 .

1406 3212 1738 3265 Monasterium
1778 3219 2054 3269 Monialium
2090 3218 2432 3283 Capucinarum

1474 3282 1555 3335 sub
1570 3286 1939 3354 RegulaSanftae
1969 3290 2119 3340 Clarae
2150 3288 2197 3335 in
2225 3283 2447 3338 Civitate⁰

1475 3356 1720 3405 Vicentina
1733 3360 1845 3428 erigi
1862 3396 1877 3417 ,
1888 3359 2141 3409 committit
2154 3391 2169 3413 ,
2202 3358 2254 3405 iis
2269 3353 2350 3407 sub
2358 3362 2433 3421 J‘u-

1470 3422 1731 3477 risdifiione
1762 3428 2000 3479 Ordinarii
2028 3426 2286 3477 viventibus
2303 3461 2320 3485 ,
2346 3428 2435 3495 pti·

1471 3495 1643 3564 vilegia
1655 3497 1846 3548 Ordinis
1865 3499 2035 3549 Sanstae
2056 3500 2205 3548 Clarae
2223 3514 2433 3548 commu·

1471 3565 1619 3624 nicar,
1647 3563 1696 3618 &
1712 3585 1797 3636 pro
1811 3572 1984 3621 Earum
2007 3568 2225 3638 regimine
2247 3571 2428 3621 Statura

1472 3633 1744 3700 condijubet
1761 3676 1782 3691 0

1879 3852 1973 3893 00
2221 3849 2372 3893 PAU-
