2762 4088
421 372 619 442 Epistola
641 374 688 423 S.
710 377 944 443 Congreg.
960 369 1106 438 Episc.
1137 372 1186 422 ὅ(
1221 373 1389 442 Regul.

354 448 534 495 Fratres
562 445 609 494 in
646 443 969 493 Monasterium
987 442 1043 491 ad
1062 445 1390 512 S.Joanne1n.›

353 513 604 583 Baptistam
626 529 942 584 *nuncupatum
961 511 1390 582 introduci,Episco·

351 603 413 655 po
427 583 638 637 Curienfi
657 588 906 635 committit
923 620 935 634 .
1293 583 1356 633 ibi
1374 621 1387 636 .

423 657 727 710 Calamitates
745 654 950 716 Ecclefiae
966 690 980 713 ,
1014 652 1063 706 &
1096 653 1389 724 Episcopatus

352 729 583 778 Curienfis
611 728 636 775 ὲ
664 731 737 775 Fr.
775 728 958 798 Ignatio
987 726 1012 774 ὲ
1041 730 1272 795 Bergomo
1310 725 1390 776 fibi

356 799 520 847 relatas
551 796 631 849 esse
645 833 659 855 ,
691 796 911 865 Episcopo
943 796 1109 846 ibidem
1143 795 1389 866 significat,

351 868 648 936 Eandemque
675 868 718 917 in
739 868 859 937 spem
886 869 1086 917 melioris
1098 865 1228 918 sortis
1240 869 1389 937 erigit.

354 940 582 1005 Gregorius
603 942 717 988 XV.
1271 957 1296 1000 3
1307 957 1331 1001 5
1348 958 1387 988 ῐ.

423 1013 603 1059 Fratres
624 1009 794 1057 nostros
809 1044 823 1066 ,
841 1028 892 1058 ac
913 1007 1202 1059 Reverendos
1222 1011 1386 1077 PP.Je·

352 1076 489 1128 suitas
511 1082 553 1128 in
570 1080 793 1130 Rhaetiam
811 1080 993 1136 induci,
1020 1079 1270 1129 Archiduci
1292 1086 1386 1129 Au-

351 1147 492 1208 striae,
523 1147 570 1200 ὅι
589 1149 812 1218 Episcopo
834 1152 1075 1219 Argentin.
1093 1149 1183 1200 (Sec.
1198 1151 1387 1218 Leopol-

353 1219 416 1269 do
433 1221 722 1269 commendat
739 1256 750 1268 .
824 1218 935 1269 Idem
951 1257 963 1268 .
1267 1238 1359 1283 451
1372 1256 1384 1271 .

420 1294 475 1339 ln
492 1288 733 1339 subsidium
757 1292 816 1338 rei
835 1289 1169 1348 Ecclefiasticae,
1191 1291 1236 1338 in
1257 1292 1385 1340 Rhae-

351 1362 414 1409 tia
433 1358 523 1409 ἃς.
540 1362 736 1409 nutantis
752 1395 766 1416 ,
782 1362 824 1407 in
842 1363 981 1410 Alma
1004 1361 1133 1415 Urbe
1150 1397 1166 1418 ,
1197 1358 1384 1428 aliisque

352 1429 635 1480 Civitatibus
652 1465 667 1488 ,
692 1427 738 1480 ὅ(
760 1432 869 1480 locis
884 1430 1040 1499 stipem
1059 1432 1085 1479 ὲ
1103 1435 1177 1480 Fr.
1197 1434 1378 1499 Ignatio

351 1499 379 1549 ὲ
397 1503 626 1568 Bergomo
643 1501 833 1568 colligi,
862 1501 909 1552 ἃ
937 1501 991 1551 ab
1021 1519 1078 1552 eo
1100 1500 1196 1570 ipso
1215 1505 1379 1570 Paupe-

350 1588 453 1619 rum
475 1606 490 1628 ‚
517 1568 563 1620 ὃ(
581 1573 811 1620 Locorum
835 1574 1019 1623 Piorum
1047 1571 1380 1623 ncceffitatibus

350 1638 550 1689 succurri
571 1641 756 1690 mandat
773 1676 787 1699 ,
827 1641 941 1692 Idem
957 1679 970 1692 .
1263 1662 1287 1704 3
1299 1661 1378 1706 5²·

424 1710 582 1760 Eidem
605 1715 678 1760 Fr.
702 1714 883 1782 ignatio
901 1716 944 1762 in
978 1715 1087 1763 locis
1109 1711 1379 1763 Miffionum

353 1783 505 1831 Vallis
533 1783 750 1839 Tellinae,
784 1781 831 1834 ὅ(
859 1784 1041 1834 Rhaetiae
1060 1820 1076 1843 ,
1098 1783 1173 1833 ubi
1190 1785 1380 1834 Parochi

349 1869 439 1900 non
452 1850 586 1903 essent
602 1851 690 1903 διο.
705 1856 855 1902 omnia
868 1890 881 1912 ,
899 1853 947 1906 ἃ
962 1853 1135 1925 singula
1151 1853 1207 1903 ad
1222 1872 1379 1904 curam

352 1924 606 1972 animarum
651 1925 916 1990 pertinentia
964 1923 1302 1975 administrandi
1332 1927 1382 1974 li-

349 1996 543 2041 centiam
561 2029 576 2052 ,
607 1995 805 2061 hancque
832 1993 1077 2045 necessariis
1097 1994 1289 2045 Ordinis
1304 1999 1383 2046 So-

357 2066 437 2130 ciis
472 2065 841 2115 communicandi
872 2063 1135 2118 facultatem
1155 2067 1348 2134 largitur
1367 2103 1379 2116 .

349 2130 463 2181 Idem
480 2170 492 2183 .
1265 2154 1287 2199 3
1300 2154 1326 2200 5
1336 2155 1382 2198 3.

420 2205 733 2256 Archiducem
753 2204 946 2256 Austriae
980 2205 1268 2275 Leopoldum
1295 2206 1382 2257 de„

349 2273 573 2324 beneficiis
586 2275 791 2326 Ecclefiae
809 2279 852 2326 in
866 2278 1039 2326 Rhaetia
1064 2279 1241 2326 collatis
1261 2295 1383 2326 com·

350 2345 568 2402 mendat,
599 2345 674 2404 ἃ,
711 2361 760 2395 ut
779 2351 854 2395 Fr.
872 2348 1038 2416 Ignatii
1053 2363 1241 2397 conatus
1255 2348 1384 2412 adju-

345 2414 1023 2472 vet,hortatur.UrbanusVllI.
1039 2436 1125 2466 cum
1142 2433 1249 2471 nota.
1267 2438 1290 2480 3
1302 2436 1381 2480 54.

421 2488 621 2534 Decreto
636 2490 780 2535 Sacrae
796 2490 971 2555 Congr.
985 2486 1039 2536 de
1058 2489 1254 2556 Propag.
1270 2489 1380 2537 Fide

351 2557 585 2612 Articuli,
617 2554 663 2606 ὅ(
683 2560 1001 2606 conventiones
1015 2556 1070 2606 de
1085 2556 1378 2608 divisionibus

347 2623 718 2685 Ecclefiarum‚&
735 2644 892 2676 earum
911 2625 1161 2677 redditibus
1173 2644 1256 2695 pro
1272 2629 1379 2696 plu-

345 2694 468 2744 ribus
492 2695 755 2745 Miffionum
781 2700 890 2747 locis
909 2697 1015 2746 fasti
1032 2697 1377 2756 rescinduntur,

346 2763 393 2815 δι
409 2769 622 2816 nonnulla
634 2767 719 2816 alia
731 2785 816 2835 pro
831 2767 950 2818 bono
969 2769 1223 2837 Religionis
1243 2784 1378 2838 agen·

344 2835 402 2884 da
421 2835 765 2901 praescribuntur
783 2875 794 2886 .
1260 2855 1282 2900 3
1296 2857 1375 2902 54.

418 2910 640 2974 Legatum
657 2910 783 2974 pium
802 2906 1004 2959 Ecclefiae
1020 2910 1133 2960 Loci
1152 2907 1207 2958 de
1227 2908 1372 2978 Pigno

340 2978 636 3043 applicari,ad
652 2977 876 3027 instantias
891 2983 968 3028 Fr.
979 2981 1135 3030 Irenaei
1150 2976 1372 3038 Praefesti,

344 3045 567 3115 Episcopo
576 3048 786 3098 Curiensi
803 3052 1056 3101 committit
1079 3087 1090 3099 .
1120 3048 1248 3099 Idem.
1257 3069 1280 3111 3
1292 3069 1316 3113 5
1328 3069 1373 3113 5.

413 3117 595 3169 Festum
615 3118 823 3168 Dedicat.
853 3121 1060 3171 Ecclefiae
1091 3125 1143 3171 B.
1163 3123 1297 3189 Virg.
1316 3124 1375 3171 de

335 3191 551 3260 Sagagno
568 3225 584 3248 ,
604 3194 649 3238 in
665 3192 788 3238 diem
807 3193 981 3258 Populo
1009 3192 1373 3241 commodiorem

339 3258 604 3318 transferri,
641 3260 800 3309 Eidem
831 3260 1057 3331 Episcopo
1084 3264 1338 3312 committit
1357 3300 1368 3312 .

339 3327 453 3377 Ide-m
471 3365 487 3387 ,
531 3350 619 3380 cum
657 3347 752 3380 nota
771 3367 783 3379 .
1280 3333 1369 3382 ibi.

411 3399 756 3451 Conceffionem
793 3399 900 3451 situs
930 3401 987 3452 ad
1011 3403 1339 3454 Monasterium
1354 3440 1368 3463 ,

338 3465 413 3516 seu
462 3471 708 3523 Abbatiam
752 3472 1021 3523 Sandiorum
1046 3473 1253 3524 Gervafii
1273 3510 1289 3532 ,
1319 3474 1366 3526 ὃ(

337 3538 552 3589 Prothafii
570 3540 803 3609 spefiantis
818 3560 902 3609 pro
912 3545 1168 3611 amplianda
1182 3561 1300 3594 nova
1313 3545 1375 3596 fa-

340 3604 463 3655 brica
475 3612 738 3661 Conventus
751 3613 990 3662 Brixiensis
1027 3628 1154 3664 extra
1168 3614 1370 3674 Urbem,

331 3677 558 3727 ratihabet
576 3715 587 3727 .
621 3681 734 3730 Idem
748 3716 765 3739 ,
796 3701 887 3732 cam
914 3699 1012 3732 noca
1030 3720 1042 3732 .
1250 3705 1273 3747 3
1285 3696 1366 3748 56.

405 3748 667 3798 Paramenta
682 3786 696 3806 ,
729 3755 801 3801 vel
819 3771 1111 3820 quacumque
1128 3756 1213 3803 alia
1231 3755 1286 3804 de
1304 3756 1367 3805 sa-

335 3832 410 3866 cra
426 3814 771 3885 supelleftile,ex
790 3821 986 3873 Ecclesia
1000 3824 1180 3876 Domus
1200 3827 1364 3884 Brixiae

867 249 1920 343 ELENCHUS.

1452 371 1628 420 extrahi
1645 370 1854 439 prohibet
1868 406 1883 428 ,
1908 369 1957 422 &
1971 367 2288 438 prohibitionis
2305 368 2486 434 copiam

1451 443 1496 492 in
1518 442 1661 492 valvis
1681 439 1888 493 Ecclefiae
1903 477 1919 499 ,
1947 445 2018 493 vel
2033 439 2252 494 Sacristiae
2267 436 2397 508 affigi
2414 443 2488 503 J'u-

1449 512 1526 563 bet
1539 549 1551 561 .
1590 511 1850 561 Innocentius
1870 517 1928 562 X.
2367 528 2391 571 3
2403 527 2427 572 5
2439 529 2486 570 7.

1517 587 1719 634 Decreto
1736 587 1782 634 S.
1795 586 2034 652 Congreg.
2051 580 2108 631 de
2122 585 2315 649 Propag.
2338 580 2448 630 Fide
2466 615 2484 639 ,

1450 658 1633 706 Fratres
1648 655 1894 705 Provinciae
1906 669 1989 722 pro
2002 651 2484 702 MiffionibusRhaetiae

1450 723 1780 775 confirmantur
1791 759 1806 781 ,
1821 722 1869 775 δε
1881 741 1964 791 pro
1978 726 2302 791 opportuniore
2318 723 2483 771 harum

1448 795 1676 866 gubernio
1694 796 1820 844 varia
1836 794 2103 844 ordinantur
2122 830 2134 843 .
2363 812 2387 855 3
2399 795 2481 855 58.

1518 871 1593 916 Fr.
1627 864 2010 933 christophorum
2040 863 2353 914 Tusculanum
2379 865 2404 912 ὲ
2439 861 2482 912 se

1448 935 1637 1007 benigne
1656 937 1894 994 auditum,
1929 933 2205 987 Consulibus
2234 936 2407 984 Rhetiae
2429 932 2481 983 fi-

1444 1007 1632 1076 gnificat
1644 1043 1659 1066 ,
1684 1005 1845 1075 eosque
1860 1006 1917 1056 de
1937 1004 2174 1057 Pontificia
2199 1023 2308 1054 cura
2325 1004 2477 1055 reddit

1444 1080 1657 1127 certiores
1678 1113 1690 1127 .
1765 1077 2007 1127 Alexander
2026 1081 2148 1128 VII.
2185 1080 2194 1100 ⁵
2379 1076 2443 1124 ibi
2466 1110 2479 1124 .

1514 1152 1712 1198 Decreto
1735 1152 1782 1200 S.
1802 1152 2038 1220 Congreg.
2060 1143 2208 1215 Episc.
2230 1145 2278 1197 ὅ(
2308 1147 2478 1215 Regul-

1445 1220 1707 1270 Translatio
1724 1223 1991 1270 Conventus
2015 1223 2230 1268 Fratrum
2261 1217 2318 1266 de
2350 1220 2477 1267 Loco

1447 1292 1646 1339 Curzani
1660 1289 1718 1340 ad
1733 1292 1886 1340 locum
1898 1291 2115 1340 Trinzani
2131 1324 2145 1346 ,
2164 1287 2282 1338 Exitio
2300 1285 2483 1356 Episco-

1442 1377 1501 1428 po
1519 1359 1734 1410 Brixienfi
1753 1362 2058 1411 committitur
2073 1396 2084 1409 .
2123 1377 2208 1407 cum
2227 1373 2321 1407 nota
2334 1393 2348 1408 .
2384 1357 2448 1406 ibi
2465 1393 2479 1407 .

1511 1435 1712 1481 Decreto
1724 1429 1918 1494 ejusdem
1938 1429 2477 1498 S.Congreg.Fabricam

1439 1503 1719 1552 Monialium
1751 1504 1943 1560 Lonati,
1970 1500 2296 1551 Monasterium
2324 1499 2476 1548 decla-

1438 1574 1552 1630 rari,
1582 1571 1629 1623 ὅ(
1644 1571 1899 1622 clausuram
1918 1574 1964 1621 in
1978 1589 2032 1621 eo
2051 1571 2229 1628 induci,
2249 1569 2475 1637 Episcopo

1442 1641 1690 1693 Veronensi
1703 1679 1719 1702 ‚
1745 1644 1972 1692 nonnullis
2006 1640 2272 1710 praescriptis
2318 1639 2476 1689 condi·

1439 1713 1670 1772 tionibus,
1700 1715 2009 1764 committitur
2030 1749 2041 1762 .
2078 1732 2165 1762 cum
2177 1726 2298 1760 nota.
2385 1709 2475 1759 ibi.

1508 1788 1706 1834 Decreto
1723 1787 1878 1835 S.Con
1917 1800 2010 1852 reg.
2027 1782 2476 1840 Con*cilii,Moniales

1442 1856 1658 1923 Bergomi
1672 1869 1760 1904 tres
1784 1799 1940 1904 Μὶίέε
1957 1890 1972 1913 ,
2000 1853 2056 1903 ad
2074 1871 2186 1921 quas
2213 1848 2346 1901 Miffa
2367 1868 2477 1918 quo·

1441 1925 1609 1976 t1diana
1628 1924 1811 1975 redusta
1826 1923 1913 1975 fuit
1932 1960 1947 1983 ,
1965 1942 2042 1993 per
2069 1923 2233 1993 viginti
2252 1939 2389 1971 annos
2403 1939 2478 1989 ap-

1441 1996 1601 2064 plicari
1618 1994 1763 2045 facere
1778 1993 2096 2045 obliviscentes
2108 2030 2124 2053 ‚
2156 1991 2204 2044 <St
2225 1990 2479 2060 supplican-

1442 2081 1506 2116 tes
1522 2065 1612 2117 ἃς.
1628 2065 1684 2116 ab
1704 2063 1961 2129 huJusmodi
1973 2063 2206 2116 omiffione
2222 2061 2475 2121 absolvi,ad

1442 2137 1622 2186 tertiam
1651 2151 1825 2205 partem
1849 2138 1939 2205 legi
1970 2134 2221 2185 faciendam
2251 2133 2444 2203 obligari
2457 2167 2476 2192 ,

1441 2205 1655 2275 Episcopi
1673 2208 1862 2257 arbitrio
1880 2243 1893 2266 ,
1918 2205 1967 2258 ὅ(
1983 2205 2263 2256 conscientiae
2285 2206 2478 2254 remitti-

1441 2292 1515 2327 tur
1531 2313 1548 2335 ,
1617 2297 1704 2327 cum
1729 2294 1825 2327 nota
1843 2315 1856 2328 .
2352 2284 2470 2336 360.

1509 2349 1808 2415 Presbyteros
1827 2346 2054 2398 saeculares
2074 2384 2089 2406 ,
2105 2348 2181 2416 qui
2198 2348 2242 2396 in
2257 2344 2474 2394 Ecclefias

1448 2420 1728 2467 Parochiales
1746 2421 1894 2469 Vallis
1913 2419 2173 2469 Mesolcinae
2194 2453 2207 2478 ,
2237 2414 2470 2466 Miffiona-

1440 2488 1516 2536 riis
1532 2487 1724 2556 expulsis
1738 2524 1753 2545 ,
1782 2486 1823 2536 se
1837 2488 2138 2546 intruserunt,
2166 2506 2216 2536 ac
2237 2489 2394 2536 Laicos
2410 2485 2468 2535 ad

1439 2557 1485 2606 id
1505 2571 1849 2615 concurrentes,
1880 2559 2294 2613 excommunicari,
2323 2554 2470 2622 resipi-

1438 2627 1607 2678 scentes
1620 2644 1774 2679 autem
1789 2626 1961 2678 absolvi
1979 2628 2072 2679 ἃς.
2090 2647 2140 2677 ac
2161 2625 2471 2677 Miffionarios

1438 2700 1483 2747 in
1511 2697 1745 2766 pristinum
1772 2698 1974 2758 restitui,
2002 2697 2227 2767 Episcopo
2258 2695 2469 2748 Curienfi

1437 2772 1690 2819 committit
1709 2806 1720 2819 .
1794 2769 1976 2819 Clemens
1995 2773 2090 2821 XI.
2212 2823 2215 2825 ,
2354 2777 2419 2829 36
2429 2774 2469 2818 i.

1505 2843 1701 2893 Decreto
1715 2838 2149 2913 S-Congr.Episc.&
2165 2840 2471 2907 Regul.Con>-

1435 2908 1621 2960 struc‘iio
1639 2909 1841 2979 Hospitii
1862 2913 1904 2961 in
1934 2914 2035 2960 loco
2051 2913 2188 2962 Demi
2215 2911 2357 2960 Bertii
2386 2907 2467 2960 sub

1432 2983 1660 3031 nonnullis
1675 2981 1889 3033 clausulis
1905 2981 2169 3032 conceditur
2190 3016 2203 3030 .
2349 2989 2465 3042 363.

1504 3055 1701 3102 Decreto
1717 3051 1913 3116 ejusdem
1934 3057 1981 3102 S.
1997 3057 2236 3122 Congreg,
2263 3067 2345 3118 pro
2373 3069 2471 3098 am-

1432 3122 1616 3189 pliando
1635 3126 1881 3175 Conventu
1901 3123 2127 3175 Manerbii
2146 3123 2318 3191 petium
2331 3135 2458 3170 terrae

1431 3191 1490 3241 ad
1516 3195 1807 3245 Reverendos
1842 3199 1931 3248 PP.
1957 3192 2312 3262 Augustinianos
2368 3193 2469 3241 Bri-

1431 3264 1512 3312 xiae
1544 3262 1741 3333 spestans
1769 3263 1958 3325 emi,seu
1985 3263 2235 3335 permutari
2264 3260 2466 3310 concedi-

1431 3347 1508 3382 tur
1524 3372 1538 3383 .
2347 3341 2463 3393 363.

1503 3405 1738 3456 Nonnulla
1757 3408 1876 3456 circa
1906 3404 2178 3476 gubernium
2207 3403 2459 3453 Provinciae

1429 3473 1694 3542 praescribit.
1716 3475 1960 3526 BenediHus
1976 3478 2218 3526 X111.cum
2233 3488 2344 3521 nota.
2381 3473 2461 3522 ibi.

1502 3550 1702 3596 Decreto
1717 3550 1764 3595 S.
1780 3551 2015 3616 Congreg.
2041 3544 2098 3594 de
2124 3548 2317 3612 Propag.
2347 3544 2459 3593 Fide

1432 3617 1553 3666 varia
1589 3620 1783 3666 Decreta
1800 3653 1816 3676 ,
1855 3619 1974 3667 circa
2004 3614 2238 3664 Miffiones
2273 3614 2458 3665 Rhaetiae

1428 3686 1533 3736 alias
1551 3701 1759 3738 emanata
1771 3723 1788 3747 ,
1806 3699 2106 3746 revocantur,
2131 3685 2179 3739 ὅ(
2194 3685 2280 3735 alia
2294 3684 2461 3736 confir-

1426 3771 1612 3807 mantur
1628 3793 1642 3807 .
2344 3766 2410 3819 36
2411 3773 2458 3823 4.

2271 3894 2405 3937 PRO·
