2774 4068
399 213 555 268 120

330 300 445 344 nibus
469 295 687 347 inclinati,
716 294 770 339 de
800 297 908 340 Ven.
925 296 1111 336 Fratrum
1139 292 1367 336 nostrorum

328 359 500 401 S.R.E.
527 353 815 398 Cardinalium
842 354 1008 408 negotiis
1024 350 1187 408 Epist-2
1216 353 1256 393 Β(
1282 354 1365 393 Re-

326 416 411 470 gul.
439 413 744 471 praepofitorum
768 443 783 467 ,
815 413 956 470 quibus
981 412 1196 466 negotium
1226 409 1362 465 hujus-

323 473 435 515 modi
453 471 613 515 mature
640 472 978 520 examinandum,
1009 467 1361 512 &discutiendum

324 530 595 574 commisimus
618 559 633 583 ,
676 530 844 573 confilio
865 556 877 578 a
910 527 1154 571 Discretioni
1171 530 1265 571 Tuae
1291 542 1364 584 per

288 608 290 611 ·
324 588 545 646 praesentes
569 590 867 632 committimus
884 618 897 640 ‚
928 589 965 629 8<
982 586 1244 638 mandamus,
1269 600 1364 643 qua-

324 660 446 691 tenus
477 649 532 692 de
559 647 761 705 praemiffis
792 650 854 690 Te
885 647 1109 701 diligenter
1141 645 1333 689 informes
1354 674 1368 698 ,

324 710 366 749 δι
382 737 397 760 ,
428 706 453 749 fi
479 721 550 763 per
579 706 909 749 informationem
926 703 1102 747 eandem
1126 705 1182 748 ita
1197 702 1275 747 effe
1306 719 1369 747 re-

325 766 485 824 pereris
500 796 514 818 ,
536 764 685 807 dietum
703 764 993 808 Monasterium
1009 777 1058 805 ex
1074 777 1181 807 nunc
1193 791 1207 814 ,
1242 773 1365 818 prout

327 839 378 867 ex
407 835 500 867 tunc
528 850 543 872 s
582 824 622 864 &
655 833 829 867 econtra
864 852 877 875 ,
908 822 1115 878 postquam
1144 822 1282 864 debita
1326 823 1365 863 δε

328 883 596 927 convenienti
632 880 818 924 clausura
858 882 1024 923 omnino
1061 881 1288 930 munitum,
1319 894 1366 922 ac

329 943 519 986 omnibus
547 941 637 983 aliis
666 940 847 995 partibus
874 939 950 982 suis
968 937 1330 982 absolutumfuerit
1353 968 1367 989 ,

329 1001 358 1043 st
386 1001 566 1044 nondum
581 998 659 1049 fit,
685 998 862 1054 dictique
878 998 1118 1042 Confratres
1135 1026 1149 1048 ,
1182 997 1290 1039 illius
1308 995 1370 1038 fu—

330 1061 434 1103 turis
465 1057 745 1106 Monialibus,
771 1071 844 1112 pro
873 1068 1059 1112 tempore
1073 1055 1331 1099 existentibus
1356 1084 1370 1106 ‚

329 1129 530 1175 quotquot
549 1115 730 1165 fuerint,
755 1117 793 1156 ὃ(
809 1115 1130 1171 quotiescunque
1143 1129 1282 1157 earum
1297 1128 1370 1156 ne-

332 1177 489 1220 cessitas
528 1175 744 1229 exegerit,
774 1175 814 1214 &
846 1188 946 1228 opus
976 1171 1125 1220 fuerit,
1157 1187 1206 1215 ex
1235 1172 1367 1217 reddi.

331 1237 471 1285 tibus,
504 1236 544 1274 ὃς
562 1232 829 1289 proventibus
858 1232 970 1273 die'tae
999 1230 1367 1276 Confi-aternitatis

336 1293 549 1352 perpetuis
579 1289 725 1332 futuris
755 1292 1005 1344 temporibus
1033 1289 1248 1334 subvenire
1275 1305 1370 1346 pro-

331 1352 546 1401 miserint,
577 1362 622 1390 ac
653 1347 704 1389 ad
730 1348 772 1389 id
791 1346 899 1400 sese,
929 1351 967 1390 &
989 1346 1230 1391 Confratres
1255 1348 1370 1405 ipfius

331 1407 701 1455 Confraternitatis
728 1421 801 1462 pro
816 1416 1002 1462 tempore
1018 1407 1234 1451 existentes
1250 1437 1266 1458 ,
1299 1409 1369 1451 itt-2

334 1469 467 1511 forma
496 1466 593 1523 juris
621 1464 783 1516 valida,
815 1466 1010 1516 realiter,
1040 1467 1080 1507 δε
1108 1481 1202 1509 cum
1227 1465 1372 1508 effeftu

335 1530 376 1570 in
395 1527 575 1570 manibus
612 1523 690 1566 tuis
708 1552 723 1575 ,
746 1524 784 1565 se
812 1523 1034 1568 efficaciter
1066 1525 1366 1580 obligaverint,

337 1589 378 1629 in
404 1583 691 1629 Monasterium
725 1583 965 1625 Monialium
997 1583 1172 1639 praedicti
1202 1585 1366 1627 Ordinis

339 1643 669 1700 Capucinarum,
701 1655 776 1698 pro
802 1642 1010 1697 perpetuis
1026 1641 1094 1683 usu
1111 1670 1124 1693 ,
1152 1645 1191 1685 ὃς
1209 1643 1368 1685 habita-

337 1703 453 1746 tione
470 1702 585 1743 unius
603 1697 841 1750 Abbatiffae,
859 1703 897 1741 8(
913 1700 1051 1743 saltem
1067 1699 1259 1745 undecim
1275 1702 1373 1744 alia-

343 1775 435 1803 rum
453 1759 695 1802 Monialium
710 1787 724 1809 ,
753 1773 838 1815 quae
859 1758 1012 1814 semper
1027 1762 1261 1803 numerariae
1277 1774 1373 1803 cen-

341 1821 504 1864 seantur
523 1847 537 1869 ,
570 1819 687 1867 ita,ut
704 1816 786 1859 aliae
802 1846 814 1867 ,
835 1832 920 1873 quae
936 1817 1048 1874 supra
1064 1816 1215 1861 dietum
1231 1833 1373 1862 nume-

339 1894 432 1921 rum
459 1878 510 1919 de
541 1886 690 1919 caetero
711 1877 959 1932 recipientur
978 1904 992 1925 ,
1022 1873 1375 1933 supranumerariae

339 1937 548 1986 existant,
579 1945 705 1991 atque
731 1934 983 1991 duplicatam
1006 1935 1191 1979 dotalem
1218 1937 1378 1979 elemo-

343 1996 482 2052 synam
511 1993 701 2043 solvere,
734 2008 778 2036 ac
805 1992 964 2036 solitam
993 1994 1200 2037 licentiam
1227 1994 1249 2037 ἃ
1273 1996 1380 2039 Sede

342 2052 578 2110 Apostolica
622 2052 812 2094 obtinere
848 2062 1098 2103 teneantur,
1127 2055 1381 2110 omnesque)

342 2126 481 2156 earum
498 2109 694 2152 Habitum
721 2123 793 2164 per
820 2111 1019 2153 Moniales
1045 2112 1218 2153 aliorum
1235 2115 1379 2156 Mona-

341 2171 559 2215 steriorum
585 2168 681 2210 dieti
703 2168 870 2210 Ordinis
894 2169 1037 2225 gestari
1054 2168 1218 2213 solitum
1236 2199 1249 2223 ,
1266 2171 1381 2213 sulci-

342 2244 444 2288 pere
471 2257 485 2280 ,
531 2229 570 2268 δε
600 2226 912 2282 professionem,
943 2242 1016 2283 per
1051 2227 1211 2272 easdem
1245 2229 1382 2272 emitti

346 2284 738 2341 consuetam,elapso
753 2287 995 2342 probationis
1011 2296 1211 2343 tempore,
1232 2289 1381 2344 expost.

345 2348 562 2390 emitttere
581 2344 788 2400 regulares
803 2374 817 2396 ,
837 2360 993 2388 necnon
1013 2357 1252 2403 perpetuam
1269 2348 1379 2390 clau·

345 2408 476 2451 suram
496 2429 510 2450 2
541 2404 607 2454 δε,
638 2403 770 2458 quoad
797 2402 886 2446 fieri
917 2406 1098 2460 poterit,
1130 2407 1261 2458 ritus,
1292 2421 1382 2450 mo-

345 2478 414 2508 res
434 2492 448 2515 ,
480 2461 792 2504 consuetudines
819 2490 834 2513 ,
874 2465 914 2504 &
940 2464 1143 2517 regularia
1172 2465 1382 2508 instituta„

348 2521 535 2579 ejusdem
549 2519 714 2562 Ordinis
729 2521 892 2563 servare
908 2550 922 2573 ,
956 2522 1191 2577 Divinisque
1206 2524 1359 2565 Officiis
1371 2551 1386 2574 ,

347 2584 387 2623 &
414 2579 598 2623 laudibus
626 2577 832 2631 insistere,
863 2594 910 2622 ac
939 2579 1006 2622 sub
1031 2581 1267 2623 obedientia
1287 2611 1300 2633 ,
1329 2583 1388 2624 vi-

346 2640 535 2682 sitatione
554 2665 568 2688 ,
590 2638 848 2689 correctione
863 2666 878 2690 ‚
909 2637 1156 2693 subjectione
1170 2668 1184 2692 ,
1207 2641 1245 2681 &
1261 2642 1388 2684 omni-‘

351 2697 473 2742 moda
497 2694 788 2751 superioritate
804 2725 818 2747 ,
848 2711 892 2740 ac
918 2695 1195 2752 jurisdietione
1215 2698 1389 2743 Ordina-

349 2758 400 2800 rii
420 2756 528 2803 loci,
561 2769 665 2797 nunc
682 2781 696 2803 ,
727 2756 763 2796 &
781 2769 856 2811 pro
874 2764 1062 2811 tempore
1079 2756 1308 2809 existentis,
1328 2759 1388 2801 vi-

354 2828 458 2858 vere
475 2841 489 2865 ,
522 2826 568 2854 ac
594 2812 835 2870 subjacere,
867 2829 911 2857 ac
940 2815 1132 2871 quaelibet
1148 2829 1289 2858 earum
1314 2817 1389 2860 sal-

358 2886 443 2917 tem
467 2871 647 2915 ducenta
679 2871 789 2915 scuta
820 2883 992 2916 monetae
1023 2873 1183 2916 illarum
1211 2876 1389 2930 partium

353 2947 432 2990 pro
460 2930 695 2986 elemosyna
720 2931 850 2974 dotali
874 2932 1006 2983 dare,
1036 2947 1083 2975 ac
1098 2934 1390 2989 persolvere,

354 2991 537 3034 debeant
555 3018 569 3040 ‚
601 3004 646 3033 ac
662 2992 786 3033 etiam
803 3001 1047 3043 teneantur,
1064 2993 1306 3036 auctoritate
1319 3009 1391 3036 no-

354 3051 433 3094 stra
465 3052 701 3105 perpetuo,
732 3052 810 3093 fine
839 3060 973 3093 tamen
1005 3050 1178 3107 aliquus
1207 3053 1391 3110 pra-judi-

357 3110 424 3151 cio
447 3108 579 3163 erigas
595 3135 609 3158 ,
641 3109 880 3151 &instituas
894 3137 908 3161 ,
940 3108 1084 3166 illique
1101 3110 1150 3153 fic
1166 3113 1305 3154 erefflo
1320 3139 1334 3161 ‚
1353 3114 1393 3153 &

356 3167 542 3211 instituto
573 3181 648 3223 pro
673 3167 761 3220 ejus
792 3168 921 3220 dote,
953 3182 999 3210 ac
1017 3168 1229 3212 commoda
1257 3171 1394 3214 Abba·

358 3225 453 3269 tilsae
481 3253 494 3276 ,
523 3227 564 3266 &
594 3227 833 3270 Monialium
878 3227 1104 3284 hujusmodi
1142 3227 1396 3272 sustentatio-

357 3300 437 3337 ne,
461 3297 716 3342 onerumque
736 3285 1157 3331 illis'incumbentium
1187 3287 1397 3344 supporta-

362 3346 478 3387 tione
503 3345 638 3386 omnia
655 3372 668 3395 ,
700 3347 740 3387 &
764 3344 915 3400 lingula
932 3346 1034 3389 bona
1052 3375 1066 3399 ,
1098 3347 1398 3403 proprietates,

362 3402 502 3445 census
517 3432 531 3454 ,
562 3403 749 3447 redditus
763 3435 778 3455 ,
794 3403 881 3460 jura
898 3433 911 3454 ‚
936 3406 1398 3454 obventiones‚&emo.

367 3463 552 3505 lumenta
580 3493 595 3514 ,
637 3473 718 3506 tam
754 3478 827 3520 per
854 3462 1005 3506 distum
1039 3466 1319 3519 Testatorem,
1354 3475 1398 3509 ut

365 3519 605 3575 praefertur,
621 3524 758 3566 relicta
772 3550 787 3571 ,
803 3522 948 3565 donata
963 3551 976 3574 ,
992 3525 1029 3565 &
1046 3524 1232 3582 assignata
1249 3553 1262 3577 ,
1275 3529 1396 3582 quam

369 3592 421 3643 ex
447 3582 583 3633 pretio
610 3582 723 3625 mille
752 3579 987 3633 scutorum,
1024 3583 1087 3626 seu
1119 3584 1286 3626 alterius
1315 3600 1398 3628 ma-

371 3637 469 3692 joris
488 3636 641 3682 summa:
658 3670 671 3691 ,
704 3653 748 3685 ut
777 3638 1021 3698 praefertur,
1055 3643 1225 3685 emenda
1243 3672 1256 3695 ,
1281 3646 1320 3686 &
1336 3645 1396 3686 in-

373 3695 576 3761 posterum
605 3713 676 3752 per
700 3701 958 3757 quoscunque
984 3701 1084 3743 alios
1101 3701 1397 3747 Christifideles

376 3765 701 3811 inperpetuum,
730 3761 794 3803 vel
809 3761 857 3803 ad
878 3772 1034 3816 tempus
1053 3787 1067 3812 ,
1099 3774 1145 3803 ac
1165 3762 1306 3816 simul,
1334 3762 1400 3806 vel

1142 177 1669 264 Provincia

1428 291 1643 336 succeffive
1663 305 1739 346 pro
1763 294 2010 347 augment03
2040 291 2080 333 δι
2102 288 2304 333 beneficio
2320 290 2460 335 Mona.

1427 351 1535 395 sterii
1566 352 1616 393 fic
1642 351 1861 406 erigendi,
1893 348 2110 406 illiusque,
2142 363 2184 391 ac
2211 349 2423 392 Abbatifl'ae
2442 377 2458 401 ,

1422 411 1462 452 8c
1479 410 1716 453 Monialium
1732 408 2033 464 particularium
2049 438 2063 461 ,
2094 413 2161 451 seu
2182 407 2353 467 alicujus
2386 422 2461 451 ea-
2531 405 2536 412 “

1421 483 1511 511 rum
1536 469 1715 521 intuitu,
1747 467 1813 510 vel
1840 467 2191 524 contemplatione
2218 481 2294 522 per
2321 467 2458 511 viam..

1426 527 1654 571 testamenti
1669 555 1682 579 ,
1705 526 2005 570 Codicillorum
2021 555 2035 577 ‚
2059 525 2290 569 donationis
2307 553 2320 576 ,
2341 526 2381 566 δε
2397 525 2458 567 in—

1425 598 1491 629 ter
1516 587 1627 629 vivos
1645 615 1658 638 ,
1688 587 1728 626 δε
1752 583 1875 626 causti
1901 586 2070 641 mortis,
2101 584 2167 627 seu
2192 584 2359 627 alterius
2383 598 2459 626 cu-

1429 643 1647 704 juscunque
1675 642 1971 698 dispositionis,
2001 658 2047 686 ac
2074 645 2196 687 etiam
2229 643 2269 685 in
2298 642 2460 685 elemo-'

1429 703 1597 758 synam,
1631 703 1696 745 vel
1733 701 1830 743 aliis
1862 701 2260 758 quomodocunque,
2291 703 2331 743 δε
2354 716 2459 757 qua-

1427 762 1686 818 litercunque
1700 759 1888 802 donanda
1904 789 1918 811 ,
1951 759 2171 814 affignanda
2188 789 2203 812 ,
2226 762 2456 816 &erogan-

1426 821 1477 864 da
1493 836 1541 864 ex
1561 836 1691 872 nunc,
1722 829 1847 875 prout
1864 818 2068 875 postquam
2086 819 2234 862 donata
2247 847 2261 871 ,
2292 817 2459 876 affigna-

1428 891 1469 921 ta
1485 906 1499 927 ,
1530 882 1753 933 &erogata
1776 875 1930 920 fuerint
1945 907 1961 929 ,
1993 878 2078 924 ita,
2108 877 2215 933 quod
2231 878 2353 920 liceat
2370 879 2460 922 Ab·

1427 937 1571 982 batilsae
1599 966 1614 988 ,
1643 939 1683 978 δι
1713 936 1959 979 Monialibus
1983 936 2174 992 praeditstis
2202 936 2459 991 corporalem

1431 998 1611 1043 realem,
1642 997 1682 1037 δι
1699 996 1895 1038 εέὶυειῑεῐη
1910 995 2077 1038 illorum
2096 995 2305 1045 omnium,
2331 1009 2376 1037 ac
2396 994 2460 1051 ju-

1432 1057 1535 1099 rium
1549 1086 1564 1107 ,
1593 1057 1632 1095 δι
1648 1054 1986 1109 pertinentiarum
2003 1053 2161 1097 suarum
2176 1065 2459 1110 quarumcum-

1431 1129 1510 1172 que
1524 1112 1796 1170 possessionem
1819 1126 1891 1167 per
1905 1112 1943 1157 se
1958 1141 1973 1165 ,
2005 1112 2071 1154 vel
2094 1113 2216 1155 alium
2233 1141 2246 1164 ,
2276 1111 2342 1155 seu
2357 1112 2460 1155 alios

1430 1188 1569 1217 earum
1592 1201 1607 1224 ,
1646 1173 1686 1213 &
1708 1171 1939 1214 Monasterii
1975 1170 2025 1214 fic
2052 1171 2239 1228 erigendi
2265 1171 2463 1220 nomine,

1429 1232 1593 1290 propria
1621 1229 1865 1273 austeritate
1895 1230 2027 1272 libere
2054 1230 2397 1287 apprehendere,
2422 1230 2463 1270 δι

1430 1289 1722 1347 apprehensam
1737 1290 1941 1344 perpetuo
1953 1289 2133 1332 retinere
2146 1318 2160 1341 ,
2192 1287 2342 1332 fruetus
2360 1301 2463 1344 quo—

1431 1365 1541 1407 que,
1573 1347 1789 1398 redditus,
1821 1358 2066 1403 proventus,
2096 1347 2215 1405 jura,
2245 1347 2465 1391 obventio-

1433 1423 1500 1452 nes
1518 1437 1533 1460 ,
1562 1409 1602 1449 &
1625 1408 1901 1449 emolumenta
1919 1421 1967 1449 ex
1985 1407 2042 1449 eis
2059 1406 2342 1463 provenientia
2357 1418 2465 1462 quae-

1433 1480 1592 1524 cunque
1608 1466 1822 1522 percipere
1837 1493 1851 1515 ,
1877 1466 2040 1520 exigere
2055 1492 2070 1516 ,
2094 1465 2236 1508 levare
2249 1493 2264 1516 ,
2289 1478 2464 1519 recupe-

1431 1541 1556 1575 rare,
1588 1538 1761 1580 regere,
1793 1522 2101 1571 administrare,
2133 1524 2301 1575 locare,
2332 1524 2372 1564 &
2398 1535 2465 1563 ar·

1427 1585 1631 1632 rendare,
1661 1597 1706 1624 ac
1736 1582 1776 1623 in
1802 1595 2034 1624 communes
2050 1581 2280 1626 Monasterii
2308 1580 2358 1624 fic
2385 1579 2471 1622 eri-'

1432 1643 1553 1701 gendi
1580 1638 1666 1684 usus
1684 1671 1700 1692 ,
1730 1641 1770 1681 &
1794 1641 2020 1684 utilitatem
2047 1651 2321 1691 convertere,
2353 1639 2471 1682 Dioe-

1433 1700 1567 1746 cesani
1597 1699 1705 1749 loci,
1739 1699 1801 1743 vel
1827 1698 1999 1753 cujusvis
2016 1700 2184 1742 alterius
2201 1698 2368 1741 licentia
2393 1697 2470 1740 de-

1434 1762 1550 1817 super
1565 1758 1728 1800 minime
1754 1757 1969 1814 requisita,
1999 1760 2037 1800 δι
2063 1759 2264 1814 perpetuo
2280 1757 2468 1814 applices

1434 1823 1475 1863 δι
1499 1819 1733 1873 appropries
1749 1845 1762 1867 ,
1793 1817 2010 1873 eidemque
2037 1817 2284 1861 Monasterio
2312 1816 2364 1858 fic
2389 1815 2471 1859 eri-

1438 1877 1574 1935 gendo
1597 1904 1611 1926 ,
1646 1875 1829 1931 illiusque
1859 1876 2099 1928 Abbatiffae,
2128 1879 2166 1918 &
2195 1875 2473 1927 Monialibus,

1441 1935 1607 1991 aliisque
1646 1933 1821 1990 personis
1850 1949 1922 1990 pro
1950 1947 2137 1992 tempore
2167 1934 2433 1977 existentibus
2454 1962 2469 1986 ,

1442 2007 1487 2038 ut
1514 1993 1699 2036 omnibus
1724 2022 1738 2044 ,
1769 1994 1808 2033 &
1837 1995 1999 2049 lingulis
2032 1994 2256 2050 privilegiis
2277 2020 2291 2041 ,
2322 1995 2475 2034 immu-

1443 2054 1635 2098 nitatibus
1655 2079 1668 2102 ,
1698 2053 2058 2108 exemptionibus,
2091 2051 2296 2096 favoribus
2324 2082 2339 2102 ,
2376 2065 2474 2093 con-

1443 2111 1678 2156 ceffionibus
1690 2140 1706 2161 ‚
1722 2111 1891 2153 indultis
1906 2141 1921 2161 ,
1935 2112 2194 2167 indulgentiis
2209 2141 2223 2162 ,
2238 2109 2476 2166 caeterisque

1443 2172 1583 2228 gratiis
1610 2168 1803 2212 universis
1826 2198 1840 2220 ,
1873 2180 1954 2212 tam
1987 2170 2287 2225 spiritualibus,
2316 2169 2476 2224 quam-a

1442 2229 1737 2285 temporalibus
1753 2256 1765 2279 ,
1797 2227 1996 2283 quibusvis
2015 2229 2101 2271 aliis
2117 2229 2369 2272 Monasteriis
2385 2231 2476 2270 Mo-

1442 2289 1607 2332 nialium
1623 2288 1923 2342 Capucinarum
1946 2298 2268 2343 nuncupatarum
2297 2286 2475 2342 praedicti

1442 2347 1606 2391 Ordinis
1621 2375 1634 2399 ,
1664 2345 1911 2403 illorumque
1929 2347 2142 2389 Abbatiffis
2161 2377 2174 2398 ‚
2206 2345 2447 2388 Monialibus
2463 2373 2478 2397 ,

1443 2410 1482 2448 δι
1507 2407 1685 2462 personis
1716 2405 1754 2446 in
1784 2419 1961 2460 genere,
1996 2406 2061 2448 vel
2095 2407 2132 2448 in
2161 2405 2322 2461 specie,
2350 2404 2475 2446 etiam

1444 2480 1517 2523 per
1543 2464 1647 2506 viam
1670 2461 1855 2518 simplicis
1878 2464 2256 2507 communicationis
2271 2491 2285 2514 ,
2316 2477 2361 2504 ac
2378 2463 2477 2506 alias

1445 2521 1755 2581 quomodolibet
1777 2521 1968 2564 conceffis
1984 2551 1998 2575 ‚
2030 2537 2076 2564 ac
2092 2537 2165 2577 pro
2181 2534 2366 2577 tempore
2381 2535 2479 2563 con-

1447 2580 1640 2627 cedendis
1656 2608 1669 2632 ,
1685 2594 1731 2622 ac
1750 2581 1891 2636 quibus
1905 2581 1975 2624 illa
1987 2609 2002 2632 ,
2017 2583 2057 2622 &
2070 2581 2146 2623 illae
2159 2580 2212 2622 de
2226 2579 2316 2637 jure
2332 2607 2347 2630 ,
2377 2580 2445 2622 usu
2459 2609 2476 2632 ,

1448 2639 1668 2699 privilegio
1686 2667 1699 2689 ,
1729 2639 2051 2692 consuetudine,
2074 2653 2122 2682 ac
2136 2639 2232 2683 alifas
2253 2637 2480 2695 quomodo·

1450 2702 1552 2743 libet
1577 2707 1774 2749 utuntur,
1806 2698 2018 2750 fruuntur,
2050 2701 2287 2754 potiuntur,
2317 2698 2357 2738 &
2379 2711 2481 2752 gau·-

1450 2759 1550 2802 dent
1569 2786 1583 2809 ,
1597 2757 1657 2799 uti
1675 2784 1690 2808 ,
1707 2754 1813 2806 frui,
1836 2758 1989 2814 potiri,
2018 2758 2058 2799 &
2078 2757 2258 2813 gaudere
2286 2752 2445 2811 poffunt
2461 2785 2476 2808 ,

1450 2820 1490 2860 &
1513 2825 1708 2873 poterunt
1733 2816 2040 2872 quomodolibet
2067 2817 2107 2858 in
2123 2814 2298 2858 futurum
2319 2843 2331 2864 ,
2361 2814 2483 2858 dum-

1452 2875 1575 2920 modo
1602 2884 1738 2917 tamen
1760 2874 1831 2918 fint
1857 2876 1896 2917 in
1916 2874 2016 2927 usu,
2039 2889 2171 2930 neque
2199 2873 2268 2916 sub
2295 2873 2387 2916 ullis
2412 2886 2479 2915 re-

1451 2933 1729 2978 vocationibus
1767 2930 2056 2989 comprehensa
2091 2932 2246 2977 fuerint
2275 2961 2289 2984 ,
2330 2946 2379 2975 ac
2405 2935 2479 2976 Sa-

1451 2995 1530 3037 cris
1544 2992 1777 3036 Canonibus
1794 3022 1808 3045 ,
1840 2995 1880 3035 &
1895 2993 2263 3037 Constitutionibus
2275 2990 2480 3047 Apostoli-

1452 3054 1508 3097 cis
1523 3083 1538 3105 .,
1570 3051 1636 3095 vel
1663 3052 1851 3095 Decretis
1867 3053 2043 3096 Concilii
2060 3050 2294 3096 Tridentini
2317 3063 2397 3093 non
2417 3062 2486 3090 re-

1455 3121 1664 3170 pugnent,
1696 3110 1911 3164 fimiliter,
1940 3110 2270 3169 &pariformiter
2298 3106 2483 3162 absque.)

1458 3173 1542 3215 ulla
1570 3168 1733 3227 prorsus
1762 3169 1986 3215 differentia
2004 3171 2091 3218 uti,
2123 3167 2229 3221 frui,
2260 3167 2408 3225 potiri,
2442 3167 2483 3207 &

1458 3229 1638 3287 gaudere
1666 3228 1824 3280 libere,
1855 3231 1893 3271 &
1918 3230 2031 3272 licite
2059 3230 2250 3275 valeant,
2281 3226 2483 3282 perpetu&

1461 3289 1687 3333 concedas:
1709 3302 1865 3332 necnon
1878 3289 2086 3332 Christinae
2101 3318 2115 3341 ,
2144 3291 2180 3330 &
2195 3286 2370 3330 Beatrici
2385 3298 2485 3340 prae-

1459 3349 1575 3392 dictis
1603 3361 1852 3404 quaecunque
1881 3347 2048 3396 statuta,
2079 3347 2386 3394 ordinationes,
2416 3357 2485 3386 ca-

1456 3407 1585 3466 pitula
1604 3437 1619 3458 ,
1648 3408 1688 3448 &
1711 3406 1880 3449 decreta
1906 3408 1956 3451 ad
1974 3404 2205 3450 Monasterii
2226 3406 2277 3446 sic
2300 3401 2485 3458 erigendi

1458 3466 1715 3525 hujusmodi,
1745 3465 1932 3523 illiusque
1961 3465 2248 3521 personarum,
2279 3463 2319 3503 δι
2349 3475 2484 3504 rerum

1457 3541 1596 3570 curam
1614 3555 1628 3578 ,
1657 3525 1839 3581 regimen
1857 3553 1870 3577 ,
1899 3523 2166 3578 gubernium,
2189 3521 2483 3574 directionem,

1457 3588 1495 3628 &
1510 3584 1891 3629 administrationem
1903 3609 1918 3632 ‚
1936 3582 2080 3623 vietum
2091 3611 2108 3632 ‚
2124 3581 2325 3633 amititum,
2338 3581 2484 3623 instru-

1457 3645 1656 3694 ἂῐοηεηι,
1686 3645 1726 3685 &
1749 3640 1996 3698 disciplinam
2018 3641 2293 3696 pertinentia,
2324 3654 2372 3683 ac
2386 3639 2482 3686 alias

1462 3704 1575 3748 utilia
1590 3733 1605 3756 ,
1634 3705 1673 3744 &
1694 3699 1935 3750 necessaria,
1967 3698 2079 3741 licita
2102 3710 2263 3751 tamen,
2296 3701 2335 3741 &
2359 3702 2488 3743 hone-

1461 3763 1545 3816 sta,
1577 3777 1623 3806 ac
1652 3760 1780 3807 Sacris
1807 3757 2066 3811 Canonibus,
2095 3760 2134 3802 &
2162 3760 2351 3803 Decretis
2383 3758 2486 3816 ejuss-

2337 3818 2430 3863 dem
