2774 4068
6 4062 13 4068 -
0 4045 8 4056 ⁴²
0 3528 23 4038 ·-<⁷a·‹3.-1„:4e›-WW<0<r-rvwvm

1062 188 1595 289 Ma'rchik:

291 291 442 361 negare
457 335 472 358 ,
496 307 537 350 δι
561 304 601 348 in
625 296 998 349 coelis-thesturo's
1037 304 1126 350 suos
1168 323 1315 352 recon—

291 366 391 409 dere
416 364 690 408 decreverunt
707 388 724 414 ,
746 361 1066 407 consblationem
1101 365 1316 421 spectat-2,

293 421 617 480 dignoscuntur,
655 420 835 463 libenter
861 422 1071 463 annuimus
1092 448 1107 469 ,
1134 425 1216 478 qub
1244 438 1325 469 ma.

2042 302 2047 307 ,
2189 231 2220 285 1
2238 203 2287 286 8
2301 233 2341 316 ς

1375 311 1499 368 tiguis
1514 338 1529 363 ,
1554 307 1840 365 Superioribus
1860 311 2099 356 eorumdem
2124 317 2311 361 Fratrum
2326 319 2410 360 Ca-

1377 372 1618 426 pucinorum
1634 394 1650 418 ‚
1675 368 1727 411 ad
1754 366 1941 412 effectum
1961 369 2057 411 inibi
2082 388 2201 416 unam
2219 377 2408 418 Fratrum

1385 428 1687 483 Capucinorum
1715 425 1940 483 hujusmodi
1969 428 2142 471 Domum
2159 434 2409 487 Regularem

294 484 371 543 jori
398 482 558 540 spiritua
571 477 731 522 fervore
747 478 901 523 accensi
915 508 930 529 ,
950 478 1055 521 viam
1069 480 1327 523 consiliorum
1384 487 1560 528 construi
1589 481 1762 526 faciendi
1788 485 2087 527 concederetur
2103 514 2117 536 ,
2147 502 2191 529 ac
2221 490 2313 533 loco
2329 494 2410 534 Ec-

298 541 488 588 Domini,
512 548 631 594 quam
659 550 735 591 pro
749 537 836 592 ejus
858 550 997 581 amore
1021 536 1109 580 sunt
1136 539 1292 593 ingressi
1307 570 1323 592 ‚

296 595 484 645 inoffenso
513 593 620 651 pede
646 608 916 651 percurrere,
937 597 978 638 δι
998 596 1169 641 alacrius
1184 598 1321 652 prose-

294 660 364 718 qui
391 654 577 701 valeantt
603 653 653 696 ad
682 655 774 697 illos
812 666 976 711 quoque
996 654 1207 698 dexteram
1236 660 1323 699 Νο-

293 719 378 762 stro
400 712 662 758 liberalitatis
689 713 971 764 extendimus,
998 727 1098 768 quos
1110 713 1160 756 ad
1175 715 1215 755 id
1231 730 1323 770 pro-

294 775 380 835 pria
420 773 619 814 virtutum
659 774 801 816 merita
838 771 1122 829 multipliciter
1156 786 1318 816 recom-

293 831 516 878 mendant:
550 830 715 874 Dudum
738 830 930 888 siquidem
949 830 1081 873 omnia
1120 830 1316 874 beneficia

292 888 574 938 Ecclefianica
611 916 627 940 ,
677 890 782 946 apud
822 889 971 944 Sedem
1009 888 1322 944 Apostolicanu

294 963 391 995 tunc
426 947 612 992 vacantia
635 975 650 999 ,
682 950 724 990 δι
769 948 926 991 inantea
964 957 1156 991 vacatura
1196 948 1321 992 colla·

292 1009 395 1054 tioni
419 1035 433 1059 ,
459 1010 501 1050 δι
529 1004 777 1062 dispositioni
819 1006 956 1049 nostrae
997 1005 1317 1056 reservavimus,

293 1072 569 1112 decernentes
608 1078 663 1106 ex
701 1074 798 1107 tunc
824 1064 984 1107 irritum
1008 1091 1023 1113 ‚
1056 1066 1096 1107 δι
1120 1066 1264 1116 inane,
1290 1063 1314 1106 si

292 1126 407 1170 secus
435 1126 554 1181 super
583 1122 644 1165 his
678 1122 700 1165 a
723 1124 1158 1180 quocumque,quavis
1185 1126 1320 1168 austo-

291 1187 435 1237 ritate,
450 1183 654 1231 scienter,
677 1182 740 1225 vel
756 1181 996 1238 ignoranter
1024 1183 1244 1239 contigerit
1259 1190 1322 1223 at-

291 1242 469 1288 tentari.
501 1243 609 1284 Cum
646 1241 788 1297 itaque
821 1239 1076 1296 postmodum
1105 1242 1186 1284 sine
1224 1253 1319 1282 cura

293 1299 478 1357 Ecclesia
494 1300 727 1342 sanctorum
743 1299 897 1341 Cosmae
911 1327 925 1350 ,
950 1300 988 1340 &
1007 1299 1190 1343 Damiani
1203 1328 1216 1352 ,
1238 1300 1321 1341 sive

291 1362 444 1406 Sancta:
472 1358 613 1400 Mariae
638 1358 779 1400 Fontis
796 1358 895 1400 Boni
910 1369 1139 1414 nuncupata
1155 1385 1170 1408 ,
1195 1371 1323 1414 prope

289 1422 332 1463 δι
351 1427 469 1461 extra
492 1429 633 1459 muros
663 1418 802 1460 Terrae
837 1419 880 1460 S.
894 1418 1094 1460 Anatoliae
1109 1417 1321 1470 ,Cameri-

290 1476 418 1522 nensis
444 1473 672 1527 Dioecesis,
700 1488 775 1532 per
807 1474 976 1518 liberam
1014 1476 1320 1533 resignationem

293 1533 443 1580 Dilefiti
474 1533 566 1577 Filii
589 1533 822 1577 Alexandri
842 1533 1126 1578 Perbenedicti
1145 1566 1160 1587 ‚
1195 1548 1322 1591 nuper

294 1594 411 1653 ipsius
435 1591 624 1636 Ecclefiae
652 1591 866 1644 Renoris,
895 1591 951 1636 de
974 1593 1071 1646 illa,
1093 1607 1213 1650 quam
1226 1605 1323 1637 tunc

292 1651 534 1703 obtinebat,
564 1651 811 1695 inmanibus
832 1650 971 1694 nostris
998 1651 1136 1708 sponte
1155 1653 1323 1703 sanam,

291 1714 333 1756 δι
357 1724 430 1769 per
459 1713 547 1755 Nos
573 1707 774 1754 admissam
790 1739 806 1761 ,
834 1710 940 1766 apud
972 1711 1122 1754 Sedem
1137 1705 1323 1754 camdeni

292 1769 534 1820 vacaverit,
559 1769 598 1810 δι
625 1778 744 1811 vacet
770 1767 822 1811 ad
850 1767 1014 1824 prael'ens
1031 1798 1045 1820 ,
1071 1769 1322 1826 nullusque,

292 1830 347 1874 de
375 1826 445 1872 illa
473 1836 616 1885 praeter
641 1830 756 1879 Nos,
790 1828 871 1870 hac
901 1829 990 1871 vice
1014 1827 1226 1884 disponere
1251 1841 1324 1882 po·

292 1887 445 1937 tuerit,
474 1886 555 1930 sive
578 1884 718 1941 possit,
747 1884 1051 1939 reservatione,
1082 1888 1123 1929 δι
1151 1886 1324 1930 decreto

292 1945 572 1991 obsistentibus
596 1943 856 2000 supradietis.
891 1945 972 1993 Et,
996 1947 1092 1988 ficut
1109 1946 1323 1990 exhibita-1

293 2003 426 2051 Nobis
448 2016 572 2058 nuper
599 2015 674 2059 pro
702 2014 817 2059 parte
853 2002 1094 2048 dilectorum
1126 2003 1322 2047 Filiorum

293 2062 640 2112 communitatis,
682 2063 722 2104 δε
766 2062 987 2105 Hominum
1029 2063 1140 2106 dit‘tae
1183 2065 1325 2105 Terras

294 2123 444 2167 San-ftae
469 2119 668 2163 Anatoliae
696 2121 844 2177 petitio
866 2122 1133 2170 continebat,
1150 2123 1187 2164 in
1218 2122 1323 2164 diet-a

294 2183 427 2224 Terra
454 2178 567 2221 nulla
603 2180 756 2221 Domus
787 2180 1005 2234 Regularis
1031 2183 1216 2223 Fratrum
1249 2181 1327 2222 Mi-

296 2248 438 2283 norum
461 2241 500 2280 S.
518 2235 715 2279 Francisci
736 2238 1045 2291 Capucinorum
1072 2248 1326 2294 nuncupato-

297 2311 410 2347 rum,
436 2297 626 2338 haGtenus
660 2294 840 2337 instituta
875 2299 1107 2351 reperitur,
1136 2311 1179 2340 ac
1196 2301 1326 2340 Com-

296 2354 467 2398 munitas
485 2381 500 2404 ,
524 2354 564 2408 Bt
578 2353 772 2396 Homines
786 2349 936 2407 praefati
952 2353 1229 2406 attendentes,
1241 2357 1327 2398 Re-

296 2411 472 2468 ligiosos'
507 2412 692 2453 Fratrum
729 2411 1030 2467 Capucinorum
1073 2411 1329 2468 hujusmodi,

299 2484 384 2515 tum
412 2468 650 2512 voluntariae
671 2471 919 2526 paupertatis
932 2469 1063 2514 studio
1077 2499 1092 2522 ,
1106 2481 1194 2513 tum
1207 2471 1326 2514 disci-

297 2531 416 2588 plinae
441 2527 663 2584 Regularis
687 2528 947 2578 austeritate,
985 2531 1026 2571 δι
1060 2526 1216 2579 assiduis
1236 2542 1326 2572 ora-

299 2587 504 2638 tionibus,
528 2585 712 2642 jejuniis,
743 2587 783 2627 δι
814 2587 925 2630 verbi
963 2589 1041 2630 Dei
1069 2587 1326 2643 proedicatio-

294 2648 410 2691 nibus
425 2674 441 2696 ,
464 2643 635 2702 aliisque
661 2645 934 2700 spiritualibus
974 2647 1180 2688 exercitiis
1195 2672 1211 2695 ,
1238 2645 1324 2700 qui-

294 2707 367 2749 bus
394 2703 547 2761 jugiter
575 2714 753 2754 vacant,
779 2705 1025 2760 praelucere,
1052 2705 1198 2747 uberes
1222 2705 1326 2759 quo-

294 2778 372 2822 que
398 2763 437 2804 in
469 2761 585 2804 vinca
611 2761 775 2804 Domini
805 2759 956 2804 fruetus
977 2761 1205 2817 producere
1231 2774 1327 2802 con-

297 2819 495 2871 suevisse,
523 2834 569 2862 ac
606 2830 824 2875 propterea
860 2821 1053 2875 peculiari
1076 2834 1171 2876 erga
1197 2819 1324 2861 dictos

300 2876 530 2933 Religiosos
559 2876 931 2930 devotione-duni,
958 2892 1076 2922 unam
1089 2877 1325 2923 eorumdem

299 2937 599 2991 Capucinorum
643 2938 817 2978 Domum
846 2937 1118 2992 Regularem,
1150 2937 1190 2978 in
1219 2936 1327 2978 dicta

302 2999 432 3040 Terra
454 2992 628 3036 construi
654 2990 790 3035 facere
814 2994 1135 3050 proposuerunt,
1158 2996 1199 3036 δι.
1221 2994 1271 3036 ad
1290 2992 1329 3035 id

300 3056 321 3096 a
334 3050 664 3109 Congregatione
677 3054 808 3094 Sacra
829 3052 1019 3095 Romanae
1029 3052 1214 3095 Ecclesia:
1225 3055 1331 3095 Car-

303 3112 499 3156 dinalium
514 3139 530 3161 ,
541 3109 715 3164 negotiis
733 3109 998 3165 Regularium
1013 3109 1330 3167 prepositorum,

302 3170 564 3214 licentiam&
591 3166 827 3209 facultatem
851 3168 1153 3219 obtinuerunt,
1185 3183 1232 3211 ac
1246 3170 1330 3225 pri-

302 3231 372 3272 ωδ
415 3228 521 3270 dieta
569 3225 747 3269 Ecclesia
793 3226 872 3269 una
921 3240 1013 3270 cum
1062 3228 1197 3269 Domo
1226 3257 1241 3277 ,
1290 3227 1332 3268 δι

303 3288 447 3333 Terris
474 3284 531 3328 illi
564 3284 797 3340 contiguis,
825 3284 880 3326 ob
906 3283 992 3340 ejus
1026 3286 1149 3334 situs,
1182 3286 1223 3327 δι
1251 3285 1330 3327 loci

302 3344 655 3403 opportunitatem
686 3356 760 3398 pro
792 3341 904 3384 dietae
934 3345 1089 3386 Domus
1119 3344 1331 3399 Regularis

303 3404 597 3448 construetione
634 3401 725 3443 satis
748 3411 840 3457 apta
867 3430 882 3452 ,
923 3402 961 3442 δι
998 3400 1142 3443 idonea
1166 3401 1332 3444 existit.

305 3463 346 3507 Si
378 3463 503 3520 igitur
530 3462 570 3503 in
599 3460 783 3516 praedifita
812 3458 986 3503 Ecclesia
1014 3473 1162 3507 nomen
1186 3487 1202 3510 ,
1234 3460 1332 3502 titu-

305 3522 395 3568 lus,
424 3522 464 3563 8:
488 3520 767 3562 denominatio
796 3518 979 3560 Ecclefiae
1003 3516 1230 3569 collativa,
1262 3531 1334 3573 per

306 3581 424 3629 Nos,
450 3580 492 3622 δι
515 3575 651 3621 sedem
677 3577 947 3634 Apostolicam
1016 3587 1059 3618 ut
1075 3574 1209 3625 infra,
1240 3589 1333 3631 per-

307 3634 813 3695 petuovsupprimerentur
842 3663 857 3686 ‚
900 3638 939 3677 δι
966 3605 1331 3687 extinguerentur,

308 3692 465 3750 illisque
504 3695 556 3737 ste
588 3694 795 3753 suppressis
827 3722 843 3746 ,
882 3697 921 3735 &
950 3693 1163 3741 extinctis,
1194 3692 1329 3745 primo

306 3754 410 3797 dista
427 3751 634 3809 Ecclesia,
659 3766 752 3797 cum
771 3756 930 3804 Domo,
962 3754 1001 3796 δι
1019 3751 1135 3796 terris
1150 3750 1210 3793 illi
1229 3764 1329 3793 con-

427 3813 532 3855 Yam.
547 3814 601 3856 11.

1384 543 1506 586 clesiae
1519 543 1570 585 sic
1586 540 1808 597 suppressae,
1824 541 2005 585 Ecclesia
2022 545 2059 583 S.
2079 544 2190 585 Blasii
2202 547 2407 602 ,ejusdem

1384 603 1515 655 Terre
1544 603 1583 642 S.
1595 601 1813 658 Anatholie
1830 628 1844 651 ,
1868 599 2061 655 praedic'tae
2077 603 2265 644 Ecclefiae
2282 620 2407 648 mem-

1382 660 1528 706 brum,
1559 656 1625 700 seu
1654 658 1707 700 ab
1733 673 1780 701 ea
1804 658 2073 714 dependens,
2102 660 2143 701 δι.
2176 659 2234 701 illi
2255 674 2406 705 annexa

1384 717 1421 758 in
1448 716 1613 757 titulum
1649 717 1729 757 sine
1754 730 1848 759 cura
1876 716 2095 767 Ecclesiae,
2127 716 2195 760 seu
2226 720 2411 765 Canenae

1376 772 1602 822 collativae,
1650 776 1850 830 perpetuo
1873 774 2103 830 erigeretur
2133 803 2148 827 ,
2190 769 2313 832 atque
2350 776 2413 819 in-

1378 830 1644 890 stitueretur,
1677 846 1723 874 ac
1752 835 1883 883 bona,
1909 834 2214 888 proprietates,
2259 836 2299 876 δι
2328 834 2411 877 fru-

1380 891 1464 932 ἕως
1495 889 1718 944 huiusmodi
1742 890 1926 933 Ecclesia·
1954 892 2282 947 applicarentur,
2309 892 2411 935 alia-

1381 963 1461 1005 que
1489 947 1737 1004 infrascripta
1770 948 1945 1001 fierent,
1974 950 2014 991 δι
2040 952 2118 993 hoc
2147 950 2309 1005 profuso
2336 951 2411 993 Di-

1378 1010 1459 1051 vini
1475 1006 1881 1064 Cultfis,piorumque
1896 1021 2062 1063 operum
2084 1011 2411 1065 augment0‚Re·

1379 1066 1540 1123 ligionis
1557 1068 1859 1121 Capucinorum
1884 1066 2110 1121 hujusmodi
2140 1069 2410 1123 propagatio-

1380 1127 1445 1177 ni,
1479 1139 1525 1167 ac
1553 1123 1808 1168 edificationi
1838 1124 2070 1181 opportuna
2100 1125 2315 1169 admodum
2349 1138 2417 1168 ra-

1380 1185 1494 1226 tione
1509 1184 1807 1227 consuleretur.
1823 1187 1963 1243 Qare
1974 1199 2049 1241 pro
2061 1195 2179 1240 parte
2195 1194 2276 1227 tam
2289 1189 2417 1228 Com-

1382 1243 1616 1294 munitatis,
1649 1244 1690 1284 &
1714 1244 1931 1286 Hominum
1947 1270 1962 1294 ,
1993 1257 2038 1287 ac
2057 1242 2283 1287 Alexandri
2310 1256 2416 1298 prae-

1381 1301 1583 1344 dictorum
1598 1328 1612 1351 ‚
1639 1304 1758 1359 quam
1785 1300 2051 1356 superiorum
2069 1304 2259 1345 Fratrum
2273 1304 2413 1356 Capu-

1382 1361 1560 1403 cinorum
1584 1359 1809 1416 hujusmodi
1828 1360 1955 1403 Nobis
1983 1358 2059 1402 fuit
2084 1360 2299 1402 humiliter
2321 1358 2416 1414 sup-

1383 1420 1576 1477 plicatum
1601 1447 1616 1470 ,
1652 1429 1851 1475 quatenus
1886 1416 2086 1474 praemislis
2126 1416 2415 1460 favorabiliter

1383 1491 1591 1525 annuere,
1623 1491 1669 1520 ac
1694 1478 1789 1519 alias
1805 1477 2032 1532 opportune
2060 1476 2416 1532 providere,d22

1384 1536 1644 1594 Benignitate
1662 1534 1892 1591 Apostolica
1907 1534 2170 1590 dignaremur
2186 1563 2199 1575 .
2233 1538 2320 1576 Nos
2337 1534 2413 1590 igi-

1383 1607 1479 1648 tur,
1509 1595 1578 1651 qui
1611 1594 1839 1650 Religionis
1854 1593 2153 1648 Capucinorum
2181 1591 2410 1647 hujusmodi

1385 1655 1714 1712 propagationem
1732 1681 1746 1703 ,
1774 1653 1814 1694 δι
1831 1649 2127 1694 DiviniCultt‘is
2152 1660 2412 1706 augmentum

1384 1714 1521 1756 nostris
1544 1711 1781 1767 potissimum
1796 1710 2063 1766 temporibus,
2077 1709 2239 1752 sinceris
2259 1708 2417 1752 deside-

1383 1784 1512 1814 ramus
1534 1769 1737 1813 affet‘tibus
1754 1798 1768 1821 ,
1799 1772 1952 1825 quique
1981 1779 2141 1812 certam
2169 1768 2225 1810 de
2246 1765 2418 1822 praemis-

1382 1829 1430 1873 fis
1446 1830 1636 1872 notitiam
1666 1843 1744 1871 non
1769 1830 1992 1878 habentes,
2010 1828 2218 1885 ipsumque
2233 1827 2415 1869 Alexan-

1383 1889 1500 1932 drum
1517 1916 1531 1940 ‚
1561 1890 1601 1930 δι
1628 1886 1848 1944 singulares
1873 1886 2061 1943 personas
2087 1884 2414 1928 Communitatis

1382 1949 1424 1989 δι
1437 1948 1677 1997 Hominum,
1694 1961 1739 1989 ac
1757 1947 2019 2001 Superiorum
2036 1943 2263 2001 hujusmodi
2286 1946 2308 1987 a
2322 1942 2414 1999 qui·

1381 2006 1519 2048 busvis
1548 2004 1978 2048 excommunicationis
2002 2030 2018 2052 ,
2061 2002 2346 2058 suspensionis,
2377 2001 2418 2042 &

1385 2063 1621 2112 interdicti,
1651 2061 1815 2118 aliisque
1847 2060 2138 2105 Ecclesiasticus
2168 2059 2413 2107 sententiis,

1385 2122 1559 2165 censuris
1582 2150 1596 2172 ,
1626 2122 1665 2162 &
1695 2120 1855 2176 poenis,
1882 2121 1906 2162 a
1925 2119 2042 2175 jure,
2075 2118 2139 2159 vel
2170 2120 2220 2159 ab
2249 2118 2415 2159 homine

1385 2181 1527 2237 quavis
1550 2178 1788 2230 occasione,
1819 2177 1885 2219 vel
1912 2175 2027 2220 causa
2060 2176 2179 2228 latis,
2213 2177 2236 2217 si
2266 2175 2412 2230 quibus

1385 2238 1698 2296 quomodolibet
1723 2235 1908 2279 innodati
1933 2235 2104 2277 existunt
2123 2233 2200 2286 ,ad
2225 2232 2414 2277 effessum

1386 2298 1641 2354 praesentium
1656 2296 1866 2342 dumtaxat
1893 2293 2225 2349 consequendum
2241 2319 2254 2342 ,
2271 2293 2416 2334 harum

1388 2356 1489 2398 serie
1518 2355 1774 2414 absolventes
1791 2382 1804 2405 ,
1833 2355 1873 2394 δι
1898 2352 2102 2394 absolutos
2129 2350 2217 2393 fore
2247 2350 2416 2392 censen-

1387 2426 1450 2456 tes
1465 2443 1477 2465 ,
1492 2412 1716 2467 hujusmodi
1733 2411 2090 2468 supplicationibus
2112 2409 2320 2460 inclinati,
2346 2409 2417 2451 Di-

1387 2469 1576 2515 scretioni
1603 2483 1676 2513 tuae
1707 2485 1780 2526 per
1800 2469 2033 2525 Apostolica
2061 2468 2219 2523 scripta
2248 2467 2415 2509 manda-

1388 2545 1473 2573 mus
1486 2560 1502 2582 ,
1532 2541 1734 2587 quatenus
1749 2528 1920 2572 constito
1937 2526 2029 2569 Tibi
2043 2527 2149 2579 prius
2166 2526 2346 2581 legitime
2361 2525 2415 2567 de

1387 2589 1583 2641 praemiffis
1603 2616 1618 2638 ,
1643 2587 1878 2643 primodit‘ta
1898 2583 2074 2625 Ecclesia
2089 2610 2104 2634 ,
2126 2583 2239 2638 cujus
2253 2612 2267 2634 ,
2296 2585 2336 2623 δι
2353 2582 2414 2623 illl

1386 2646 1517 2689 forsan
1543 2658 1791 2688 annexorum
1806 2641 1980 2691 frustus,
2006 2639 2193 2681 redditus
2209 2663 2223 2684 a
2250 2642 2291 2681 δι
2319 2653 2415 2694 pro-

1387 2715 1528 2747 ventus
1556 2713 1722 2744 centum
1746 2701 1989 2743 ducatorum
2015 2698 2101 2739 auri
2122 2696 2175 2738 de
2201 2699 2412 2739 Camera.»

1382 2760 1600 2804 fecundum
1635 2770 1893 2801 communem
1931 2756 2226 2798 aestimationem
2252 2783 2266 2806 ,
2300 2754 2414 2797 valo-

1384 2833 1471 2863 rem
1502 2831 1708 2868 annuum,
1742 2826 1785 2859 ut
1810 2813 1997 2858 asseritur
2014 2843 2028 2866 ,
2063 2827 2142 2855 non
2172 2813 2377 2855 excedunt
2395 2840 2411 2864 ,

1385 2877 1466 2920 sive
1511 2876 1703 2931 praemisso
1730 2902 1746 2926 ,
1793 2873 1872 2916 sive
1912 2874 1992 2916 alio
2035 2872 2177 2929 quovis
2234 2871 2358 2913 modo
2395 2895 2410 2916 2

1387 2946 1456 2979 aut
1484 2947 1535 2976 ex
1573 2934 1740 2976 alterius
1766 2930 2036 2988 cujuscunque
2078 2928 2254 2985 personae
2280 2954 2296 2977 ,
2341 2928 2411 2970 seu

1388 3008 1460 3051 per
1498 2991 1662 3034 similem
1700 2989 2009 3044 resignationem
2057 2987 2153 3029 disti
2190 2986 2413 3029 Alexandri

1392 3052 1459 3095 vel
1506 3050 1677 3107 cujusvis
1721 3049 1890 3090 alterius
1930 3046 1984 3089 de
2024 3045 2094 3088 illa
2130 3046 2169 3086 in
2197 3047 2413 3086 Romana..

1391 3109 1547 3161 Curia,
1573 3108 1639 3151 vel
1668 3118 1782 3151 extra
1796 3119 1885 3148 eam
1901 3115 2053 3160 ,atque
2071 3117 2206 3147 coram
2237 3102 2414 3145 Notario

1391 3167 1553 3225 publico
1576 3194 1591 3216 ,
1631 3169 1671 3208 δι
1705 3164 1889 3208 Testibus
1923 3162 2064 3221 sponte
2089 3159 2228 3204 saetam
2255 3170 2370 3202 vacet
2396 3186 2413 3211 ,

1390 3230 1427 3269 δι
1461 3227 1487 3267 st
1524 3236 1641 3269 tanto
1673 3236 1858 3279 tempore
1899 3224 2144 3271 vacaverit,
2187 3217 2294 3276 quod
2321 3216 2412 3279 ejus

1392 3283 1560 3328 collatio
1598 3284 1707 3339 juxta
1734 3281 2015 3326 Lateranensis
2041 3283 2199 3321 statuta
2228 3274 2411 3317 Concilti

1392 3341 1443 3386 ad
1472 3343 1622 3386 Sedem
1649 3341 1875 3398 predictam
1904 3338 2084 3394 legitime
2109 3333 2335 3383 devoluta,
2363 3345 2413 3374 ac

1393 3402 1630 3457 primodis'ta
1677 3400 1854 3441 Ecclesia
1896 3396 2135 3452 dispositioni
2171 3390 2411 3447 Apostolicae

1393 3459 1652 3516 specialiter,
1684 3457 1747 3499 vel
1781 3458 1878 3499 alias
1906 3451 2209 3511 quomodolibet
2234 3449 2412 3492 reserva-

1394 3529 1434 3559 ta
1450 3517 1590 3560 existat
1606 3546 1617 3558 .
1654 3518 1703 3558 Et
1720 3514 1836 3571 super
1861 3528 1907 3556 ea
1935 3514 2043 3554 inter
2061 3509 2215 3562 aliquos
2234 3508 2281 3550 lis
2297 3535 2312 3558 ,
2337 3521 2414 3551 cu-

1395 3575 1454 3631 jus
1471 3576 1611 3620 statum
1626 3574 1880 3629 praesentibus
1894 3569 2031 3612 haberi
2050 3568 2230 3610 volumus
2245 3578 2318 3622 pro
2338 3580 2426 3613 εκ-.

1394 3633 1523 3689 presso
1539 3663 1553 3685 ,
1568 3634 1745 3691 pendeat
1760 3628 1931 3673 indecisa
1945 3657 1960 3679 ,
1983 3625 2206 3669 dummodo
2229 3624 2317 3682 ejus
2348 3624 2413 3665 di·

1388 3690 1544 3747 spositio
1569 3693 1619 3734 ad
1648 3694 1735 3733 Nos
1759 3690 1832 3731 hac
1860 3688 1949 3729 vice
1976 3684 2206 3741 pertineat,
2231 3695 2377 3726 nomen
2393 3710 2410 3732 ,

1388 3750 1580 3801 titulum,
1596 3752 1636 3792 δι
1648 3745 2019 3793 denominationem
2035 3744 2218 3790 Rcssoris
2232 3770 2247 3792 ,
2275 3755 2322 3783 ac
2338 3752 2411 3781 na-

1754 3809 1790 3848 A
1807 3818 1828 3846 a
2188 3811 2319 3843 turam
2336 3824 2351 3849 ,
