2710 4108
353 182 567 325 406⁵

1105 206 1629 298 Provincia

296 332 510 382 similiter,
541 344 585 372 ac
614 324 889 384 pariformiter
916 322 1005 374 uti,
1038 321 1144 375 frui,
1176 323 1329 379 potiri,
1389 320 1485 366 Idus
1530 320 1628 380 Maji
1656 348 1671 374 ,
1719 321 1985 377 Pontificatus
2026 318 2163 365 Nostri
2188 321 2310 365 Anno
2331 321 2419 386 serr-

295 390 533 445 &gaudere
561 387 721 435 libere,
750 386 790 427 δι
817 383 928 426 licite
958 382 1144 429 valeant,
1176 381 1325 426 eisdem

295 451 563 498 auctoritate,
593 448 788 488 &tenore
813 441 1090 495 indulgemus-

355 511 634 549 Decernentes
670 502 879 559 praesentes
909 501 1045 543 literas
1082 499 1136 543 de
1162 499 1326 556 subrep-

295 565 415 608 tionis
440 594 454 616 ,
493 575 559 607 aut
585 561 818 606 intentionis
846 559 983 600 nostrae
1010 555 1172 602 defectu
1197 589 1214 611 ,
1253 569 1321 602 aut

295 625 377 666 alio
404 625 532 675 vitio,
563 624 687 665 etiam
703 632 752 661 ex
769 632 818 660 eo
834 645 848 668 ‚
878 617 983 673 quod
1006 616 1192 661 interesse
1218 631 1319 673 prae-

294 681 516 725 tendentes
545 680 707 730 vocati,
735 691 814 719 non
843 675 1025 728 fuerint,
1057 677 1223 727 notari,
1253 675 1318 718 seu

294 740 521 796 impugnari
545 765 559 788 2
603 748 670 780 aut
698 734 748 777 ad
779 736 997 777 terminum
1021 733 1118 791 juris
1146 734 1316 785 reduci,

295 810 363 843 aut
381 801 418 841 in
436 799 520 855 jus,
553 797 614 839 vel
637 795 949 837 controversiam
974 794 1111 835 vocari
1127 807 1204 835 non
1226 793 1316 847 pos-

293 857 335 900 se
349 886 364 907 ,
396 856 463 898 sed
482 854 628 898 validas
650 850 888 894 &efficaces
917 850 1084 894 existere
1099 881 1113 903 ,
1144 866 1314 905 neque..-

294 916 367 958 sub
391 914 484 956 ullis
502 913 710 962 similium,
742 910 808 952 vel
826 909 1067 952 dissimilium
1092 911 1314 965 gratiarum

294 972 625 1018 revocationibus
650 997 664 1019 a
692 968 1001 1023 suspensionibus
1027 997 1041 1020 ,
1069 967 1314 1011 annullatio-

294 1033 440 1082 nibus,
472 1028 799 1078 alterationibus,
825 1026 1132 1069 limitationibus
1150 1053 1162 1074 ,
1190 1025 1315 1068 dero-

295 1089 524 1147 gationibus
556 1117 570 1138 ,
599 1096 665 1128 aut
697 1087 784 1128 aliis
814 1085 1019 1127 contrariis
1047 1083 1313 1139 dispositioni-

294 1151 366 1192 bus
397 1147 418 1189 ἃ
445 1147 572 1189 Nobis
595 1174 609 1196 ,
650 1145 716 1187 vel
753 1143 774 1185 ἃ
803 1143 993 1184 Romanis
1023 1140 1312 1194 Pontificibus,

291 1203 646 1252 Praedecessoribus
675 1202 843 1251 nostris,
874 1215 924 1243 ex
955 1200 1156 1256 quibusvis
1188 1203 1310 1253 etiam

291 1264 499 1323 justissimis
527 1263 678 1312 causis,
709 1261 830 1302 etiam
857 1259 1003 1301 intuitu
1020 1288 1033 1311 ,
1063 1261 1101 1301 &
1123 1270 1310 1302 contem..

290 1324 472 1379 platione
499 1319 762 1376 Imperatoris
780 1345 794 1368 2
826 1320 1015 1372 Regum,
1045 1327 1114 1361 aut
1139 1318 1307 1362 aliorum

289 1382 552 1435 Principum,
582 1379 704 1420 etiam
719 1385 831 1418 motu
860 1378 1053 1432 proprio,
1086 1378 1186 1419 &ex
1199 1387 1311 1421 certa

289 1440 455 1482 scientia
480 1467 494 1490 ,
526 1451 571 1478 ac
597 1434 945 1484 consistorialiter,
976 1437 1015 1477 &
1039 1435 1125 1477 aliis
1143 1450 1310 1491 quomo-

290 1497 447 1539 dolibet
480 1496 670 1538 emanatis
695 1522 709 1543 ,
750 1495 789 1535 δι
815 1494 1045 1536 emanandis
1085 1494 1310 1536 nullatenus

289 1554 580 1610 comprehendi
599 1582 613 1604 ,
645 1566 773 1608 neque
787 1552 968 1593 revocari
985 1549 1114 1607 poffe3
1131 1550 1197 1594 sed
1211 1550 1310 1593 sem-

289 1630 363 1670 per
386 1615 436 1655 ab
460 1612 540 1655 illis
555 1620 743 1666 exceptas
759 1639 773 1661 ,
802 1611 865 1661 δι,
888 1612 1047 1666 quoties
1066 1610 1140 1652 illae
1154 1624 1312 1653 emana-

287 1675 423 1723 bunt,
455 1673 576 1713 toties
600 1672 639 1711 in
665 1669 865 1725 pristinum
892 1697 905 1720 ,
934 1671 974 1710 δε
1003 1668 1310 1713 validissimum,

288 1733 434 1774 statum
452 1729 648 1771 restitutas
663 1757 678 1778 ‚
696 1726 885 1783 repositas
902 1755 914 1777 ,
928 1742 972 1768 ac
987 1727 1037 1770 de
1053 1741 1175 1775 novo,
1189 1728 1312 1770 etiam

293 1790 363 1832 sub
388 1787 592 1843 posteriori
620 1788 726 1827 Data
749 1812 762 1832 a
799 1799 870 1839 pro
902 1795 1085 1840 tempore
1099 1785 1310 1841 eligenda,

291 1844 490 1889 'concessas
515 1841 593 1886 esse
610 1871 623 1892 ,
655 1846 692 1885 &
717 1843 893 1885 censeri.
928 1846 1096 1887 irritum
1125 1859 1311 1900 quoque,

289 1908 329 1946 81
345 1904 487 1954 inane,
519 1902 542 1944 si
565 1902 674 1944 secus
692 1900 807 1957 super
836 1903 896 1944 his
919 1904 1150 1959 aquoquam
1174 1904 1311 1957 quavis

287 1962 530 2005 'auftoritate
560 1959 760 2012 scienter,
791 1961 855 2002 vel
872 1963 1105 2016 ignoranter
1130 1965 1313 2016 contige-

287 2032 339 2063 rit
357 2030 577 2063 attentari.

347 2082 438 2120 Non
465 2077 712 2119 obstantibus
742 2078 948 2119 voluntate
977 2078 1119 2121 Nostra
1134 2076 1310 2132 praefata,

285 2151 330 2180 ac
361 2137 431 2178 sel.
448 2150 530 2177 rec.
548 2134 741 2177 Bonifacii
765 2138 877 2190 Papae
894 2138 1012 2178 vm.
1044 2134 1308 2178 Praedeceffo-

284 2197 338 2238 ris
369 2195 531 2244 Nostri,
563 2208 638 2248 qua
668 2195 774 2236 inter
795 2194 870 2236 alia
897 2204 1065 2236 cavetur
1092 2194 1277 2249 expresse
1295 2223 1308 2246 ,

283 2268 334 2297 ne
349 2253 520 2309 cujusvis
537 2252 699 2294 Ordinis
716 2252 1037 2295 Mendicantium
1063 2252 1306 2295 Professores

280 2313 370 2356 loca
415 2311 466 2353 ad
493 2310 749 2353 habitandum
774 2311 826 2352 de
858 2325 965 2354 novo
995 2312 1208 2367 recipere,
1239 2312 1305 2354 seu

283 2380 451 2423 recepta
467 2380 620 2411 mutare
638 2369 903 2423 praesumant,
932 2371 1078 2424 absque
1105 2370 1217 2412 distae
1232 2374 1306 2413 Se-

283 2431 344 2473 dis
370 2429 532 2469 licentia
559 2428 746 2482 speciali,
783 2428 835 2470 de
865 2429 1141 2483 prohibitione
1166 2428 1302 2486 hujus..

279 2485 625 2541 modiexpreffam
645 2487 891 2527 mentionem
918 2485 1121 2535 faciente,
1151 2488 1191 2528 &
1214 2488 1298 2531 aliis

279 2544 643 2588 Constitutionibus
659 2572 673 2595 ,
702 2546 742 2585 &
769 2544 1098 2588 Ordinationibus
1122 2547 1294 2601 Aposto-

277 2603 368 2646 licis
389 2631 404 2654 ,
440 2617 488 2645 ac
513 2603 606 2644 dieti
631 2602 821 2654 Ordinis,
853 2603 1110 2660 juramento,
1137 2604 1295 2647 Confir—

276 2661 452 2707 matione
467 2661 697 2715 Apostolica
714 2690 726 2712 ‚
755 2661 819 2703 vel
844 2664 985 2717 quavis
1004 2662 1193 2706 firmitate
1220 2665 1296 2707 alia

274 2719 473 2762 roboratis
494 2720 644 2762 statutis
659 2747 672 2767 ,
699 2721 738 2760 δε
752 2717 1104 2762 consuetudinibus
1119 2750 1133 2773 ,
1163 2734 1295 2765 coete-

274 2778 407 2833 risque
425 2777 636 2822 contrariis
650 2777 946 2835 quibuscunque
963 2809 973 2819 .

333 2835 526 2886 Proviso,
558 2837 664 2892 quod
697 2848 862 2892 propter
892 2838 1185 2881 concessionem
1208 2868 1222 2890 ,
1259 2843 1298 2882 &

271 2894 573 2951 assignationem
602 2894 851 2948 hujusmodi,
882 2895 985 2938 diCta
1003 2897 1181 2939 Ecclesia
1200 2902 1299 2941 San-

269 2955 322 2996 ἇὶί
346 2954 555 2995 Michaelis
578 2953 726 2995 debitis
743 2968 818 2996 non
838 2951 1047 2997 fraudetur
1072 2955 1296 3011 obsequiis,

269 3011 338 3112 {ed
371 3011 480 3054 illius
508 3011 686 3068 congrue
726 3014 1010 3069 supportentur
1046 3028 1171 3070 opera
1196 3030 1297 3058 con-

288 3081 378 3113 ueta
394 3100 405 3111 .

327 3128 443 3172 Nulli
460 3143 558 3184 ergo
572 3130 731 3172 omnino
747 3130 949 3172 hominum
967 3130 1086 3174 liceat
1103 3131 1204 3173 hanc
1225 3145 1294 3185 pa-

269 3189 403 3243 ginam
417 3187 553 3229 nostrae
567 3188 824 3230 absolutionis
839 3216 853 3237 ‚
884 3187 1146 3231 dissolutionis
1161 3219 1175 3239 ,
1198 3204 1292 3234 ere-

267 3247 436 3295 Ctionis,
466 3245 727 3288 institutionis
752 3272 767 3295 2
798 3246 1055 3290 concessionis
1072 3276 1086 3298 ,
1118 3248 1290 3301 indulti,

264 3308 303 3346 &
323 3305 492 3346 Decreti
517 3303 762 3360 infringere,
795 3304 860 3346 vel
891 3306 928 3346 ei
951 3309 1047 3349 ausu
1068 3309 1288 3352 temerario

263 3375 495 3405 contraire.

1386 387 1456 424 10·

1571 498 1694 550 Hier.
1724 497 1965 551 Ubaldinus
1985 533 1998 547 .
2282 517 2284 520 ·
2339 512 2344 532 ⁵

1668 627 1716 670 ll.
1737 629 1899 670 Leonius
1910 658 1926 679 ,
1947 629 2032 672 off.
2061 633 2112 673 A.
2138 629 2301 674 Mileti.
2338 665 2343 670 .

1785 689 1827 728 C·
1857 690 2057 743 Luparus.
2341 717 2344 726 .

2337 784 2342 811 i

1433 799 1553 844 Bulla
1564 801 1751 861 formata
1780 804 1823 846 in
1848 802 2020 847 Arcblvo
2059 793 2322 850 Provinciae.''

1374 941 1488 954 —
1924 944 2060 958 a*

1374 1097 1535 1144 Altare
1566 1097 1763 1161 Capellae
1792 1099 2115 1166 Conceptionis
2137 1102 2281 1149 Beatae
2302 1102 2409 1151 Vir-

1437 1167 1556 1235 ginis
1576 1168 1734 1215 Mariae
1768 1169 1811 1216 in
1832 1169 1934 1217 loco
1951 1171 2126 1219 Montis
2145 1171 2363 1239 Ugorurn
2385 1207 2403 1230 ,

1439 1253 1523 1304 pro
1554 1235 1784 1286 Fratribus
1831 1239 2021 1288 Ordinis
2052 1274 2068 1297 ,
2120 1241 2181 1288 ita
2223 1239 2410 1307 privile-

1436 1309 1559 1375 giat‚
1583 1325 1633 1355 ac
1664 1305 1696 1355 s1
1714 1307 1857 1357 Missae
1886 1310 1930 1357 in
1953 1311 2104 1359 Altari
2130 1313 2256 1360 Beati
2289 1315 2409 1362 Gre-

1437 1379 1558 1446 gorii
1588 1376 1644 1425 de
1679 1377 1808 1432 Urbe
1832 1378 2088 1431 dicerentur
2108 1416 2120 1429 .

1371 1550 1874 1603 GREGORIUS
1921 1552 1956 1600 P
1987 1553 2031 1599 A
2063 1553 2098 1601 P
2130 1554 2172 1600 A
2215 1553 2400 1604 XIII.

1545 1666 1612 1709 Ad
1636 1675 1866 1721 perpetuam
1891 1670 1952 1709 rei
1980 1671 2224 1710 memoriam.

1448 1782 1655 1825 Alvatoris
1671 1783 1802 1826 Nostri
1819 1785 2081 1842 DominiJesu
2100 1784 2269 1837 Christi,
2285 1794 2403 1829 aeter-

1478 1855 1530 1883 no
1545 1841 1651 1884 Patri
1667 1841 2000 1885 consubstantialis
2019 1873 2031 1895 ,
2044 1845 2082 1885 &
2097 1845 2321 1895 coaeterni,
2333 1843 2401 1900 qui

1372 1913 1447 1954 pro
1462 1899 1741 1955 redemptione
1755 1903 1924 1944 Generis
1942 1904 2144 1953 Humani,
2170 1903 2222 1946 de
2250 1906 2402 1945 summo

1373 1958 1588 1999 Coelorum
1605 1958 1716 1999 Solio
1731 1959 1778 2001 ad
1800 1959 1911 2016 hujus
1926 1961 2065 2002 Mundi
2086 1960 2218 2004 infima
2231 1960 2402 2004 descen-

1373 2015 1504 2068 dere,
1533 2018 1747 2058 &carnem
1774 2018 1942 2061 nostram
1970 2033 2018 2061 ex
2046 2029 2168 2062 utero
2196 2020 2396 2076 Virginea

1371 2072 1561 2117 assumere
1576 2076 1763 2131 dignatus
1776 2076 1832 2118 est
1848 2105 1863 2128 ,
1896 2079 2031 2125 vices,
2065 2077 2161 2120 licet
2177 2078 2397 2132 immeriti,

1368 2144 1555 2188 gerentes
1571 2136 1607 2176 in
1624 2134 1742 2176 terris
1756 2164 1770 2184 ,
1795 2137 1830 2176 8<
1846 2137 1935 2192 ejus
1961 2135 2146 2192 exempla
2169 2135 2395 2191 sectantes,

1368 2192 1569 2235 animabus
1583 2192 1916 2236 Christifidelium
1929 2193 2227 2237 Defunctorum
2240 2196 2277 2237 in
2293 2199 2399 2239 Pur--

1368 2251 1524 2303 gatorio
1534 2251 1793 2294 existentibus
1809 2278 1823 2301 ,
1838 2266 1919 2305 quae
1939 2267 2011 2307 per
2026 2253 2286 2297 Charitatem
2302 2257 2393 2299 Deo

1367 2309 1485 2351 unitae
1501 2338 1514 2360 ,
1538 2310 1586 2352 a'b
1612 2310 1686 2351 hac
1713 2309 1806 2352 luce
1833 2309 2083 2355 decesserunt
2099 2338 2113 2364 ,
2143 2314 2183 2354 δε
2202 2312 2394 2368 ρὶοηιῐιυ

1365 2366 1555 2423 suffragiis
1569 2368 1697 2424 juvari
1715 2378 1967 2421 meruerunt,
1980 2383 2204 2425 opportuna
2217 2371 2271 2413 de
2284 2371 2393 2414 The-

1362 2426 1494 2469 sauris‘
1513 2426 1696 2468 Ecclesiae
1733 2425 1897 2468 subsidia
1936 2427 2231 2471 subministrare
2258 2428 2392 2471 stude-

1360 2499 1445 2526 mus
1460 2514 1472 2536 ,
1489 2494 1532 2526 ut
1549 2485 1837 2541 illis2quantum
1858 2486 2010 2529 Divinae
2027 2489 2205 2530 Bonitati
2223 2487 2389 2543 placue-

1357 2542 1641 2599 rit2adjutae22d
1657 2543 1863 2586 coelestem
1879 2545 2055 2588 Patriam
2069 2543 2223 2588 facilius
2241 2559 2390 2602 perve-

1356 2602 1442 2645 nire
1468 2602 1654 2644 valeant.
1689 2605 1753 2644 De
1777 2603 1924 2646 Divina
1955 2604 2077 2660 igitur
2103 2603 2380 2647 misericordia

1358 2659 1490 2703 confisi
1510 2690 1524 2712 ,
1555 2671 1698 2704 tenore
1712 2661 1960 2717 praesentium
1975 2693 1990 2714 ,
2019 2665 2219 2718 perpetuo
2237 2676 2387 2705 conce-

1356 2719 1513 2771 dimus,
1545 2721 1785 2775 ut2quoties
1801 2720 1841 2762 in
1858 2721 1987 2762 Altari
2004 2721 2184 2777 Capellae
2216 2724 2386 2763 Conce-

1356 2778 1507 2833 ptionis
1529 2781 1660 2823 Beatae
1678 2779 1810 2821 Mariae
1826 2778 1980 2834 semper
1995 2780 2177 2835 Virginis
2195 2777 2384 2822 Ecclefiae

1359 2839 1511 2880 Domus
1525 2837 1661 2880 Sancti
1678 2837 1878 2879 Francisci
1893 2839 1945 2879 de
1967 2839 2126 2881 Montui
2141 2868 2156 2890 ,
2185 2850 2327 2889 extra,
2346 2839 2387 2880 δι

1360 2909 1486 2950 prope
1503 2896 1726 2945 Civitatem
1746 2896 1956 2938 Florentiae
1973 2924 1987 2946 ,
2015 2897 2178 2939 Ordinis
2199 2901 2383 2941 Fratrum

1358 2954 1658 3009 Capucinorum
1673 2982 1687 3005 ,
1716 2957 1858 2998 Frater
1874 2956 2068 2998 Sacerdos
2098 2956 2197 2998 dicti
2214 2955 2384 2998 Ordinis

1356 3012 1511 3055 Missam
1523 3027 1598 3067 pro
1615 3012 1854 3055 liberatione
1869 3013 1985 3055 unius
2000 3013 2157 3056 Animae
2180 3016 2220 3055 in
2235 3017 2385 3069 Purga-¹

1356 3071 1461 3113 torio
1476 3072 1677 3114 existentis
1693 3100 1707 3122 ,
1734 3073 1799 3113 siro
1815 3100 1828 3122 ,
1855 3071 1918 3114 vel
1939 3072 2072 3115 alieno
2085 3074 2255 3115 arbitrio
2273 3071 2386 3115 cele·v

1356 3130 1534 3171 braverit
1552 3159 1564 3180 ,
1595 3130 1672 3184 ipsa
1690 3130 1831 3174 Anima
1860 3143 1932 3185 per
1958 3130 2179 3185 hujusmodi
2198 3129 2382 3177 celebra-

1354 3189 1507 3231 tionem
1532 3189 1687 3231 easdem
1717 3187 1996 3243 indulgentias
2009 3217 2021 3239 ‚
2053 3191 2092 3231 δι
2122 3199 2351 3246 peccatorur

1349 3246 1595 3288 remissiones
1623 3248 1912 3300 consequatur,
1945 3248 1985 3288 &
2006 3246 2054 3288 ad
2080 3249 2197 3303 ipsius
2230 3247 2380 3289 libera-

1348 3305 1527 3357 tionem,
1544 3319 1617 3361 pro
1628 3318 1703 3360 qua
1718 3304 1993 3348 celebrabitur
2004 3305 2115 3347 dicta
2136 3303 2260 3353 Missa,
2279 3319 2380 3360 ope-

1347 3372 1488 3414 retur,
1516 3378 1610 3419 quas
1623 3365 1971 3420 consequeretur,
1999 3365 2036 3405 δι
2050 3373 2291 3419 operaretur
2305 3392 2318 3415 ,
2349 3366 2377 3406 si

323 3423 453 3478 Siquis
477 3432 612 3464 autem
641 3423 716 3464 hoc
742 3430 943 3463 attentare
968 3423 1283 3480 praesumpserit,
1342 3421 1557 3480 praedictus
1585 3422 1783 3466 Sacerdos
1815 3422 1888 3464 hac
1915 3421 1968 3464 de
1999 3423 2110 3464 causa
2144 3420 2298 3464 Missam
2326 3421 2381 3465 ad*

258 3480 576 3534 indignationem
600 3480 898 3536 omnipotentis
928 3482 1033 3532 Dei,
1063 3496 1110 3524 ac
1139 3486 1284 3525 Beato·
1345 3479 1670 3531 Altare,s1tumin
1687 3479 1865 3522 Ecclesia
1880 3479 1994 3522 Beati
2011 3480 2200 3534 Gregorii
2227 3479 2278 3522 de
2296 3483 2374 3524 Ur-

260 3552 353 3581 rum
370 3540 507 3586 Petri,
537 3541 576 3580 &
605 3541 715 3583 Pauli
731 3538 1016 3595 Apostolorum
1045 3540 1128 3598 ejus
1159 3542 1198 3584 se
1213 3556 1286 3584 no-

261 3597 367 3640 verit
382 3595 631 3639 incursurum
648 3627 660 3639 .

320 3659 469 3698 Datum
495 3658 631 3700 Romae
659 3656 765 3712 apud
791 3659 975 3700 Sanctum
990 3657 1155 3699 Petrum
1180 3671 1284 3701 anno

260 3714 555 3759 incarnationis
598 3716 816 3758 Dominicae
849 3744 863 3768 ,
906 3715 1121 3760 Millesimo
1174 3717 1285 3772 quin-

257 3773 477 3831 gentesimo
555 3772 841 3829 septuagesimo
913 3777 1056 3818 ostavo
1087 3802 1101 3827 ,
1153 3775 1278 3819 tertio

1347 3542 1399 3583 be
1415 3567 1428 3590 ,
1440 3539 1489 3581 ad
1506 3539 1544 3580 id
1561 3539 1800 3595 deputatum
1815 3537 2047 3580 celebraret
2061 3565 2072 3578 .
2107 3542 2201 3581 Non
2218 3538 2379 3582 obstan-

1347 3599 1453 3640 tibus
1467 3598 1609 3640 Nostra
1624 3597 1677 3639 de
1691 3611 1772 3639 non
1799 3596 2072 3639 concedendis
2097 3597 2372 3653 indulgentiis

1344 3656 1391 3702 ad
1403 3655 1520 3698 instar
1534 3685 1547 3707 ,
1576 3657 1616 3698 &
1629 3655 1715 3699 aliis
1732 3652 2099 3699 constitutionibus
2114 3684 2126 3707 ,
2141 3659 2181 3698 ὃ(
2196 3656 2372 3699 Ordina-

1346 3715 1520 3759 tionibus
1537 3714 1791 3771 apostolicis,
1803 3715 2031 3770 ceterisque
2046 3716 2265 3758 contrariis
2283 3716 2372 3771 qui-

1344 3772 1591 3832 buscumque
1605 3802 1616 3815 .
1649 3775 1798 3816 Datum
1814 3773 1952 3818 Romae
1968 3773 2070 3829 apud
2089 3777 2273 3819 sanctum
2292 3776 2371 3830 Pe-⁴

2203 3843 2313 3875 trum
