2710 4108
367 259 542 343 412

340 363 801 459 ‘PAULUs
875 404 1157 454 PAPA
1232 376 1295 454 v.

507 523 576 567 Ad
590 521 787 582 futuram
811 527 872 566 rei
894 523 1118 564 memoriam
1132 550 1146 564 .

317 668 319 670 -
419 641 618 698 Upientes
655 641 949 684 conservationi
987 642 1199 683 sacrarum
1230 638 1348 682 Reli-

350 716 353 717 ’
455 701 638 756 quiarum
652 729 668 751 ,
694 714 779 756 quae
793 728 805 750 ‚
826 699 922 742 ficut
939 699 1068 741 Nobis
1084 695 1346 753 expositum..

308 758 401 805 fuit,
418 760 457 800 in
470 758 733 809 Ecclefia,seu
747 758 991 802 Monastcrio
1007 756 1243 799 Monialium
1260 759 1345 799 Ca-

303 817 540 873 pucinarum
567 828 882 873 nuncupatarum
899 846 914 867 ,
943 816 1108 858 Ordinis
1123 815 1343 870 *Minorum

311 875 449 918 bancti
465 875 663 919 francisci
677 878 826 918 Senen.
842 874 1091 917 asservantur
1107 903 1123 925 ,
1142 885 1339 929 quantum

310 947 402 975 cum
419 935 596 976 Domino
623 933 845 991 possumus,
874 934 1103 990 opportune
1134 932 1340 988 prospice-

307 1005 383 1043 re,
416 991 767 1048 supplicationibus
794 993 965 1036 Dilectae
1007 993 1048 1033 in
1083 990 1246 1033 Christo
1275 993 1343 1035 Fi-

301 1050 364 1092 liae
389 1050 627 1103 Abbatissae‚
659 1053 700 1094 &
724 1051 960 1094 Monialium
986 1049 1086 1091 dicti
1112 1050 1342 1092 Monasterii

312 1110 443 1151 Nobis
467 1110 675 1152 humiliter
705 1111 904 1168 porrectis
931 1108 1147 1160 inclinati,
1173 1121 1225 1150 ne
1251 1109 1342 1154 de...

307 1178 447 1210 cetero
465 1167 659 1211 Abbatiffa
677 1197 691 1220 2
718 1179 785 1211 aut
811 1169 892 1211 ulla
908 1166 1087 1223 ejusdem
1102 1167 1340 1211 Monasterii

304 1226 522 1275 Monialis,
551 1226 614 1270 vel
632 1227 761 1282 quivis
778 1227 879 1270 alius
895 1225 994 1268 dicti
1014 1225 1244 1268 Monasterii
1266 1229 1341 1270 Su-

308 1284 445 1338 perior
458 1310 472 1333 ,
497 1295 565 1327 aut
587 1284 662 1329 alia
679 1286 851 1329 Persona
864 1283 1149 1342 cujuscumque
1165 1285 1312 1339 gradus
1324 1312 1338 1333 2

301 1342 471 1384 Ordinis
490 1371 504 1394 ,
531 1345 570 1384 &
588 1345 831 1387 conditionis
848 1344 987 1386 existat
1003 1369 1016 1391 a
1047 1346 1186 1397 quavis
1202 1355 1339 1387 aucto.

299 1401 421 1442 ritate
445 1398 625 1456 fungens,
647 1407 787 1446 Sacras
806 1403 1013 1459 Reliquias
1025 1402 1339 1457 hujusniodi,vel

298 1459 450 1514 aliquas
460 1473 600 1503 earum
614 1473 744 1516 partes
762 1460 1184 1512 extraEcclefism‚seu
1202 1466 1341 1505 Mona·-

297 1517 459 1561 sterium
473 1519 705 1574 praedictum
720 1523 934 1564 extrahere
948 1521 1252 1576 praesumat‚sub
1267 1535 1338 1563 ex-

297 1578 669 1620 communicationis
687 1578 952 1631 sententia‚eo
965 1578 1065 1632 ipso,
1079 1579 1228 1636 absque
1244 1580 1326 1623 ulla

296 1634 576 1679 declaratione
604 1652 677 1691 per
692 1637 1034 1691 contrafacientes
1052 1637 1297 1682 incurrenda
1312 1668 1325 1691 ,

299 1694 540 1739 auctoritate
571 1696 798 1752 Apostolica
821 1723 835 1745 a
887 1708 1030 1739 tenore
1076 1696 1324 1752 praesentium

298 1752 599 1807 prohibemus;
632 1769 711 1797 non
740 1755 982 1798 obstantibus
1011 1755 1324 1799 Constitutioni-

300 1811 372 1851 bus
389 1839 403 1859 ,
428 1811 468 1851 δι
493 1812 823 1856 Ordinationibus
844 1813 1083 1868 Apostolicis
1111 1842 1126 1866 ,
1165 1829 1320 1858 necnon

300 1868 532 1910 Monasterii
549 1898 562 1921 ,
576 1871 791 1914 &Ordinis
807 1870 1062 1928 praefatorum
1078 1900 1091 1923 ,
1120 1872 1240 1914 etiam
1257 1873 1319 1930 ju·

292 1936 482 1969 ramento
495 1956 510 1977 ,
541 1929 851 1973 confirmatione
867 1929 1096 1985 Apostolica
1110 1956 1123 1978 2
1141 1932 1206 1972 vel
1225 1945 1320 1985 qua·

297 1984 356 2025 vis
371 1984 564 2046 firmitate
583 1988 660 2029 alia
677 1989 878 2032 roboratis
902 1988 1052 2030 statutis
1066 2015 1080 2037 ,
1108 1990 1147 2029 ὅτ,
1161 1989 1328 2032 consue-

295 2043 527 2094 tudinibus,
555 2048 781 2103 ceterisque
823 2049 1036 2090 contrariis
1072 2045 1326 2103 quibuscum-

295 2113 399 2154 que.
435 2104 587 2144 Datum
605 2106 741 2147 Romae
763 2106 869 2160 apud
894 2107 1082 2149 Sanetum
1106 2108 1328 2149 Marcum-³

297 2157 370 2199 sub
384 2160 549 2202 Annulo
566 2162 777 2205 Piscatoris
792 2163 860 2206 die
876 2178 913 2206 x.
932 2162 1031 2221 Maji
1060 2177 1197 2207 mncx.
1223 2169 1327 2209 Pon-

299 2215 473 2261 tificatus
493 2220 612 2263 nostri
633 2235 739 2266 anno
751 2223 893 2279 quinto
908 2251 920 2264 .

859 2401 898 2441 S.
913 2395 1176 2441 Cobellutius
1193 2430 1204 2438 .

348 2570 494 2624 Auteg.
507 2568 551 2611 in
566 2572 734 2614 Archivo
749 2577 891 2615 secret.
909 2574 1022 2614 Brev.
1040 2572 1205 2629 Apostol.
1224 2577 1318 2632 Reg.

412 2629 531 2686 mens:
544 2629 591 2677 (9·
603 2633 839 2686 anm'praed.
847 2629 929 2688 fol.
946 2643 1041 2674 220.

283 2967 614 3021 Monasteriutn
634 2975 912 3023 Monialium
928 2975 1123 3026 inTerra
1141 2976 1315 3026 Sant‘iae

352 3043 497 3091 Florae
523 3043 578 3091 ab
594 3046 816 3093 Eleonora
835 3043 1002 3098 Urfina
1021 3044 1198 3096 sforzia
1217 3052 1313 3097 Du-

351 3110 454 3160 cissa
486 3113 659 3181 Segniae
691 3112 931 3165 fundatum
951 3151 966 3173 ,
1013 3115 1093 3166 sub
1126 3119 1311 3184 prima..

351 3181 525 3231 Sanstae
541 3185 689 3232 Clarae
708 3187 887 3253 Regula
906 3221 921 3243 ,
938 3201 1152 3253 perpetua
1171 3190 1308 3238 Clau·

350 3249 486 3310 sura,
522 3251 570 3303 ἃ
606 3252 913 3318 jurisdifflone
959 3257 1194 3307 Ordinarii
1221 3259 1310 3308 loci

347 3321 551 3381 institui,
576 3322 721 3373 eidem
740 3327 917 3395 legata,
948 3324 996 3376 ὅ(
1024 3326 1143 3376 dona
1175 3341 1308 3379 tam-2

348 3391 545 3459 ejusdem
593 3395 826 3444 Eleonorae
866 3394 1057 3445 Duciffae
1085 3433 1101 3455 ,
1129 3398 1308 3465 quam-2

347 3466 710 3513 communitatis
742 3465 910 3515 ibidem
940 3469 1252 3533 appropriari,
1282 3469 1308 3518 ai

343 3534 621 3583 Monialibus
637 3537 901 3591 numerariis
922 3555 1038 3585 200.
1058 3536 1104 3588 8(
1123 3539 1148 3586 εἱ
1162 3536 1310 3603 super-

349 3606 616 3652 numerariis
633 3621 752 3666 400.
774 3604 897 3656 scuta
922 3607 1054 3674 pendi
1082 3607 1175 3660 ἅε.
1206 3613 1307 3679 Epi-

348 3668 485 3741 scopo
502 3674 654 3725 Castri
672 3675 820 3727 Plebis
835 3679 1090 3729 committit
1107 3697 1119 3711 ·

1096 226 1645 331 Provincia

1434 427 1437 430 ,
1486 356 1705 421 Venerabili
1716 375 1862 418 Fratri
1876 355 2057 433 apssopo
2074 373 2206 433 castri
2218 346 2341 418 Plebis
2356 404 2368 417 .

1411 494 1912 548 PAULUS
1986 496 2302 544 PAPA
2378 498 2442 547 Vs

1444 611 1674 657 Venerabilis
1689 614 1837 655 Frater
1848 637 1864 661 2
1874 611 2048 669 salutem
2063 638 2078 661 ‚
2093 611 2141 659 ὅ
2157 611 2414 668 Apostolicam

1750 670 1949 712 Benediffl
1952 683 2057 712 onem
2068 699 2079 710 .

1520 753 1746 799 Postolatiis
1763 752 1987 799 Ministerio
2004 786 2019 808 ,
2050 757 2203 800 meritis
2236 758 2335 802 licet
2357 759 2435 799 im-

1436 839 1448 854 -.
1547 819 1707 871 paribus
1724 844 1737 867 ‚
1751 814 1887 856 divina
1906 815 2163 870 dispositione
2175 818 2436 871 praelidentes

1403 875 1510 915 inter
1525 886 1665 917 caetera
1694 873 1829 916 cordis
1850 875 1973 915 nostri
1989 875 2268 918 desiderabilia
2283 905 2299 926 ,
2323 889 2435 917 circa

1404 947 1451 975 ea
1467 960 1480 982 ‚
1508 947 1580 988 per
1593 947 1674 989 quae
1695 932 1882 988 Majestas
1897 932 2083 979 Altiffimi
2100 933 2247 989 ubique
2275 933 2434 975 collau-

1403 993 1549 1042 detur,
1562 989 1771 1047 cultusque
1799 989 1856 1032 sui
1872 990 2133 1046 gloriofiflimi
2150 993 2335 1034 Nominis
2352 1006 2440 1033 am-

1404 1050 1583 1107 plietur,
1609 1052 1648 1091 &
1664 1050 1712 1091 ad
1732 1049 2047 1101 illiuslaudem,
2077 1051 2117 1091 &
2141 1050 2312 1105 gloriam
2342 1054 2437 1092 Mo-

1404 1110 1665 1152 nasteriorum
1680 1138 1695 1159 ‚
1712 1110 1750 1150 &
1763 1108 1934 1149 aliorum
1951 1107 2214 1163 Regularium
2232 1109 2434 1161 locorum,

1409 1183 1456 1210 ac
1473 1167 1759 1223 personarum,
1790 1165 2012 1221 praesertim
2037 1168 2218 1212 Feminei
2235 1169 2347 1209 sexus
2367 1168 2435 1209 sub

1401 1226 1509 1268 suavi
1530 1224 1877 1282 Religionisjugo,
1894 1225 2022 1268 studio
2035 1226 2106 1281 piae
2124 1225 2214 1268 vitae
2232 1225 2431 1268 Altiffimo

1402 1284 1680 1328 famulantium
1698 1297 1880 1327 numerus
1896 1295 2094 1339 augeatur
2108 1313 2122 1335 ,
2154 1284 2434 1327 sollicitudinis

1401 1344 1540 1387 nostrae
1552 1344 1723 1387 studium
1741 1344 1913 1385 libenter
1927 1345 2205 1386 convertimus
2221 1369 2235 1392 ,
2249 1345 2353 1395 &‚ut
2366 1344 2430 1398 pia

1403 1403 1606 1454 fidelium,
1634 1402 1853 1458 praesertim
1870 1402 2028 1455 generis
2055 1402 2245 1445 clai-itate
2260 1400 2428 1458 fulgen-

1401 1464 1500 1511 tium
1520 1472 1636 1513 vota,
1654 1461 1704 1502 ad
1721 1460 1760 1503 id
1779 1460 1988 1503 tendentia
2007 1471 2191 1518 optatum
2207 1461 2431 1503 sortiantur

1398 1521 1609 1571 effefiium‚
1630 1533 1748 1575 opem
1763 1547 1777 1571 ,
1802 1520 2017 1573 &operam
2033 1547 2046 1571 ,
2075 1531 2271 1575 quantum
2297 1520 2427 1562 Nobis

1396 1595 1445 1623 ex
1462 1580 1545 1622 alto
1560 1578 1819 1629 conceditur,
1834 1576 2017 1620 efficaces
2034 1580 2317 1634 impendimus,
2334 1593 2428 1631 pro-

1388 1650 1431 1682 ut
1454 1638 1491 1680 in
1512 1637 1684 1680 Domino
1698 1635 1960 1690 conspicimus
1977 1635 2195 1682 salubriter
2209 1637 2428 1692 expedire.

1446 1697 1549 1739 Sane
1564 1709 1637 1752 pro
1654 1707 1767 1751 parte
1788 1695 1948 1737 Dilectae
1974 1695 2014 1736 in
2034 1695 2196 1738 Christo
2222 1695 2328 1738 Filiae
2342 1698 2428 1738 No-

1384 1757 1476 1799 bilis
1506 1756 1690 1798 Mulieris
1725 1755 1935 1797 Eleonorae
1966 1755 2114 1796 Ursinae
2144 1751 2303 1798 Sfortiae
2334 1755 2421 1796 Du-

1382 1814 1482 1857 ciffae
1499 1814 1660 1869 Segnin.
1680 1827 1726 1854 ac
1746 1813 1996 1855 Dilectorum
2022 1814 2216 1855 Filiorum
2245 1813 2424 1856 Univer-

1380 1873 1501 1917 fitatis
1514 1901 1528 1924 ‚
1541 1875 1577 1914 δι
1594 1872 1950 1929 HominumTerrae
1967 1874 2112 1914 Sanctae
2127 1871 2270 1920 Florae,
2285 1870 2420 1914 Castri

1390 1933 1523 1976 Plebis
1542 1930 1716 1973 Dioeces.
1747 1930 1876 1972 Nobis
1903 1943 2034 1983 nuper
2060 1931 2281 1986 expositum
2308 1929 2387 1971 fuit
2404 1957 2422 1979 ,

1388 1992 1494 2046 quod
1520 1989 1597 2044 ipsa
1618 1989 1816 2030 Eleonora
1844 1986 1998 2030 Duciffa
2029 1989 2079 2030 ad
2109 1989 2416 2043 Omnipotentis

1390 2050 1467 2092 Dei
1483 2047 1639 2091 laudem
1655 2077 1669 2098 ‚
1684 2048 1722 2088 δι
1738 2047 1906 2102 gloriam
1921 2076 1936 2098 ,
1950 2045 2115 2103 ejusque
2127 2050 2278 2090 Sandtae
2296 2046 2413 2088 Fidei

1386 2107 1678 2149 exaltationem
1696 2135 1708 2156 ‚
1735 2120 1779 2147 ac
1790 2105 2175 2161 quamplurimarum
2194 2105 2418 2159 virginum

1386 2167 1454 2208 sub
1470 2174 1666 2221 perpetua
1683 2163 1860 2207 clausura
1875 2190 1889 2212 0
1913 2166 1954 2205 δε
1975 2163 2175 2219 regularis
2202 2163 2420 2219 disciplinae

1386 2239 1523 2268 norma
1537 2224 1775 2279 praepotenti
1793 2225 1884 2264 Deo
1914 2220 2098 2266 famulari
2131 2222 2419 2277 cupientium

1385 2282 1735 2333 commoditatem,
1750 2283 1788 2323 in
1810 2280 2050 2323 distarem
2063 2310 2077 2332 ,
2107 2281 2218 2338 cujus
2234 2280 2418 2323 Dilectus

1385 2342 1509 2385 Filius
1527 2341 1686 2383 Nobilis
1704 2340 1776 2383 Vir
1792 2340 2026 2383 Alexander
2046 2338 2192 2382 bfortia
2215 2342 2307 2381 Dux
2335 2342 2420 2384 Se··.

1384 2402 1492 2456 goin.
1511 2399 1700 2456 praedictae
1731 2399 1946 2441 Eleonorae
1972 2397 2134 2456 Conjux
2157 2402 2308 2441 Comes
2324 2398 2420 2442 exis

1383 2461 1473 2510 stit,
1497 2473 1540 2502 ac
1558 2458 1649 2500 loco
1663 2457 1713 2500 ad
1739 2457 1779 2499 id
1804 2456 2021 2499 commodo
2037 2486 2050 2508 ,
2074 2458 2113 2499 &
2146 2467 2381 2513 opportuno
2398 2485 2415 2508 ,

1380 2532 1503 2561 unum
1519 2517 1802 2559 Monasterium
1815 2516 2051 2559 Monialium
2066 2542 2081 2565 ,
2108 2516 2411 2571 Capucinarum

1382 2574 1922 2631 nuncupandarum,0rdinis
1936 2575 2084 2617 Samffiae
2095 2573 2227 2617 Clarae
2244 2575 2314 2616 sub
2329 2574 2414 2629 pri·

1381 2650 1445 2677 ma
1483 2635 1589 2677 illius
1621 2635 1760 2690 regula
1789 2647 1881 2675 cum
1915 2631 2096 2677 Ecclefia
2113 2662 2128 2683 ,
2160 2634 2413 2686 campanili„

1381 2694 1584 2750 campanis
1604 2723 1617 2744 ,
1638 2695 1880 2736 coemeteri'o
1894 2719 1908 2741 ³
1936 2691 2182 2740 refectorio,
2205 2691 2406 2741 claustro,

1380 2753 1623 2796 dormitorio
1637 2781 1650 2803 ‚
1677 2752 1802 2793 hortis
1817 2780 1832 2801 ‚
1861 2750 2075 2793 hortalitiis
2090 2777 2103 2799 ³
2139 2749 2408 2806 ceterisque)

1380 2810 1562 2854 officinis
1577 2839 1590 2862 ‚
1610 2825 1655 2853 ac
1673 2812 1858 2851 membris
1875 2809 2101 2852 necessarii's
2117 2836 2130 2860 ,
2159 2810 2199 2849 δι
2215 2819 2414 2863 opportu-

1381 2874 1438 2914 nis
1456 2885 1528 2925 pro
1551 2884 1626 2913 una
1645 2868 1846 2911 Abbatissa
1861 2897 1874 2920 ‚
1901 2870 1941 2910 δε
1967 2866 2016 2909 ad
2045 2868 2172 2908 minus
2193 2867 2412 2911 undecim,

1378 2930 1544 2973 aliarum
1563 2928 1798 2971 Monialium
1813 2941 1979 2970 numero
1994 2954 2008 2976 ,
2030 2925 2104 2968 suis
2120 2926 2290 2982 propriis
2305 2923 2412 2966 sum-

1375 2989 1510 3044 ptibus
1527 3016 1540 3038 ,
1571 2988 1611 3028 &
1625 2987 1806 3041 expensis
1822 2983 2080 3036 fundaverit,
2109 2999 2155 3026 ac
2172 2985 2333 3026 illitam
2352 2982 2411 3026 dc

1373 3047 1618 3103 paramentis
1636 3075 1649 3097 ,
1675 3047 1714 3086 &
1739 3044 1987 3088 ornamentis
2001 3073 2016 3094 ,
2044 3057 2160 3099 quam
2177 3043 2264 3086 aliis
2279 3042 2405 3084 rebus

1373 3105 1423 3148 ad
1440 3105 1623 3147 divinum
1638 3104 1792 3147 cultum
1822 3101 2046 3146 necessariis
2068 3102 2292 3158 providerit
2306 3126 2321 3149 ‚
2353 3112 2402 3141 ac

1372 3178 1447 3220 pro
1470 3163 1557 3221 ejus
1584 3163 1712 3214 dote,
1742 3176 1899 3205 necnon
1926 3161 2163 3203 Monialium
2191 3160 2230 3202 in
2251 3175 2302 3201 eo
2327 3172 2405 3214 pro

1373 3235 1558 3277 tempore
1583 3222 1821 3276 degentium
1858 3233 2038 3275 congrua
2075 3218 2399 3269 sustentatione.)

1370 3281 1574 3339 quoddam
1602 3283 1800 3335 Legatum
1832 3276 1939 3334 pium
1964 3280 2084 3320 annui
2112 3277 2294 3320 redditus
2327 3274 2406 3316 du-

1368 3351 1580 3382 centorum
1597 3339 1989 3389 scutorum,m0netae
2007 3335 2249 3385 Romanae,in
2273 3335 2406 3388 vigin-

1369 3401 1399 3441 ti
1415 3398 1478 3440 sex
1495 3398 1592 3441 locis
1609 3397 1910 3447 Montium‚00n
1928 3394 2163 3437 vacabilium
2178 3392 2404 3448 Religionis

1373 3467 1694 3512 nuncupatorum
1711 3455 1762 3498 de
1779 3457 1893 3498 Urbe
1908 3451 2170 3502 consistentis,
2188 3466 2260 3507 pei·
2272 3466 2401 3507 quon·

1369 3515 1461 3557 dam
1491 3517 1663 3558 Marium
1702 3514 1827 3556 etiam
1864 3509 2055 3555 sfortiam
2096 3510 2270 3566 praedicti
2302 3509 2404 3553 Ale·

1367 3573 1511 3617 xandri
1541 3575 1690 3624 Ducis,
1723 3573 1762 3613 &
1783 3570 1954 3613 Comitis
1983 3572 2116 3612 Avum
2146 3583 2222 3624 pro
2243 3570 2404 3612 nuben-

1365 3628 1611 3686 dis‘fingulis
1640 3631 1749 3675 annis
1775 3640 1951 3685 quatuor
1983 3628 2136 3671 Puellis
2165 3628 2276 3670 diste
2293 3629 2394 3669 Ter-

1365 3706 1416 3733 rae
1451 3692 1633 3733 relietum
1648 3718 1663 3740 ‚
1691 3689 1743 3731 de
1779 3685 1973 3729 consensu
2007 3687 2183 3741 pra-dieti
2209 3687 2393 3730 Alexan-

1369 3750 1431 3791 dri
1451 3751 1573 3793 Ducis
1589 3777 1602 3797 2
1619 3751 1660 3791 δε
1676 3747 1879 3798 Comitis3
1897 3760 2051 3789 necnon
2070 3743 2344 3796 Udiva-nias,
2359 3746 2399 3786 δι

1369 3808 1569 3854 Homines
1581 3806 1756 3867 praedieti
1769 3804 1962 3850 nonnulla
1979 3805 2084 3848 bona
2105 3805 2324 3906 stabmasin‘
2339 3803 2398 3845 di·

2292 3876 2347 3903 ri-
