2710 4108
347 360 534 402 Exhibita
550 357 873 416 siquidemNobis
893 368 1023 412 nuper
1039 370 1113 413 pro
1129 367 1247 410 parte
1264 355 1326 397 di-

285 418 482 460 lectorum
497 418 671 461 filiorum
688 415 1000 463 Communitatis
1017 443 1031 466 ,
1052 418 1089 456 δὲ
1102 417 1323 457 Hominum

285 488 332 517 ac
349 477 518 519 Dilectae
535 477 744 520 inChi-isto
757 476 863 520 Filiae
877 474 1068 518 Pasitheae
1083 474 1321 529 Crogi,Mu·

285 533 396 576 lieris
415 539 560 578 Senen.
590 537 845 582 continebat,
874 533 981 588 quod
999 535 1096 578 alias
1113 562 1127 584 ,
1159 533 1223 575 seu
1248 547 1321 574 nu·

284 606 359 648 per
375 595 551 637 Dilectus
568 596 688 638 Filius
709 595 841 638 noster
867 595 1096 635 Franciscus
1113 592 1238 635 Maria
1255 592 1321 632 tit.

286 654 419 694 saneti
437 653 715 697 Bartholomaei
734 655 772 695 in
792 651 919 694 insula
937 651 1153 706 Presbyter
1172 649 1319 694 Cardi-

285 712 388 753 nalis
408 713 620 755 Taurusius
636 722 884 766 nuncupatus
899 738 913 760 ,
943 712 982 752 &
1000 724 1051 752 ex
1068 708 1319 752 concessione

285 770 326 810 &
353 770 644 827 dispensatione
672 770 902 827 Apostolica
931 767 1100 825 Majoris
1133 765 1320 809 Ecclefiae

286 831 432 872 Senen.
449 828 616 880 Praesul,
629 829 707 885 piis*
719 828 883 871 Dilectae
899 828 937 868 in
952 827 1112 869 Christo
1131 826 1238 868 Filiae
1251 839 1322 867 no-

283 888 378 930 bilis
393 889 576 932 Mulieris
591 888 970 941 Christinae,Magnae
989 883 1149 928 Duciffae
1165 887 1321 926 Hetru-

286 951 354 993 riae
368 979 383 1000 ,
399 963 444 990 ac
459 946 770 991 Communitatis
783 973 797 994 ·,
828 947 868 987 &
883 945 1100 987 Hominum
1116 943 1320 994 praedicto-

288 1022 377 1051 rum
395 1007 634 1050 suasionibus
653 1035 667 1058 ,
700 1004 860 1059 aliisque
877 1002 1180 1045 rationabilibus
1200 1000 1320 1044 causis

290 1066 513 1118 adductus,
537 1068 560 1109 a
585 1062 812 1106 parochiali
841 1062 1018 1104 Ecclesia
1034 1061 1164 1102 Saneti
1180 1059 1324 1114 AEgidii

291 1129 441 1170 Senen.
456 1152 471 1175 ·,
498 1136 597 1166 tunc
615 1137 686 1178 per
702 1123 854 1164 obitum
870 1121 1066 1175 quondam
1076 1120 1170 1173 Julii
1188 1117 1327 1160 Bosca-

287 1185 399 1236 rilli,
423 1183 520 1227 olim
537 1182 719 1225 Rthoris
737 1180 848 1221 dieiae
869 1178 1110 1221 Parochialis
1130 1176 1327 1227 Ecclesiae,

291 1255 405 1287 extra
437 1245 660 1284 Romanam
689 1240 853 1282 Curiam
892 1238 943 1280 de
969 1235 1107 1277 mense
1137 1235 1325 1278 Ostobris

286 1301 564 1346 AnniDomini
582 1298 781 1340 millesimi
797 1294 1102 1353 quingentesimi
1123 1294 1323 1350 nonagesi-

284 1362 340 1402 mi
364 1359 495 1402 octavi
516 1355 691 1400 defuncti
716 1366 882 1398 vacante
898 1383 912 1406 ,
942 1368 1078 1396 curam
1097 1353 1321 1396 animarum

287 1419 532 1461 dilectorum
549 1414 866 1464 Filiorum,illius
883 1414 1227 1456 parochianorum
1242 1441 1256 1463 ,
1275 1426 1320 1454 ac

285 1491 404 1520 omne
422 1476 525 1518 illius
550 1475 786 1517 exercitium
806 1469 868 1515 sua
883 1471 1090 1514 ordinaria
1106 1472 1319 1513 auetorita-

285 1546 328 1578 te
342 1538 381 1577 δε
392 1536 499 1578 omni
515 1534 593 1577 alio
606 1532 781 1583 meliori,
795 1545 873 1587 quo
886 1531 1020 1587 potuit
1037 1557 1051 1579 ,
1069 1530 1210 1581 modo,
1226 1543 1316 1584 per-

286 1597 414 1650 petuo
430 1593 663 1638 abdicavit,
689 1590 908 1645 illamque,
937 1591 974 1630 &
991 1588 1120 1639 illud,
1152 1603 1197 1629 ac
1216 1585 1316 1642 ipsos

290 1654 559 1697 Parochianos
585 1679 598 1701 ,
611 1649 663 1691 de
680 1649 840 1691 illorum
856 1659 986 1690 tamen
1003 1645 1189 1688 consensu
1206 1676 1220 1696 ,
1235 1660 1328 1700 par—

285 1713 359 1753 tim
375 1711 426 1752 ad
459 1713 498 1751 8.
514 1708 712 1757 Antonii,
733 1709 880 1764 partim
895 1706 942 1750 ad
972 1710 1013 1749 8.
1027 1706 1177 1748 Donati
1197 1706 1323 1746 etiam

286 1775 434 1813 Senen.
459 1767 715 1809 Parochiales
744 1766 943 1809 Ecclefias
967 1794 986 1815 ,
1024 1767 1146 1807 etiam
1173 1777 1320 1819 perpe-

287 1830 359 1871 tuo
373 1823 1018 1880 transtulit,ipsainqueEcclesiam
1034 1823 1224 1877 S.AEgidii
1239 1823 1320 1863 sine

286 1900 380 1927 cura
400 1896 680 1928 remanentem
694 1912 708 1934 ,
738 1882 922 1939 illiusque
948 1882 1115 1923 domum
1131 1910 1144 1932 ,
1175 1883 1213 1922 &
1227 1881 1320 1923 aedi-

284 1943 373 1986 ficia
389 1945 498 1987 dietae
514 1943 703 1986 Pasitlieae
719 1970 732 1991 ,
763 1957 846 1998 quae
861 1943 909 1982 ab
923 1940 1006 1997 ejus
1022 1940 1185 1982 infantia
1204 1950 1319 1982 tanto

283 2003 512 2046 devotionis
530 2002 622 2043 zelo
637 2001 753 2043 dueta
770 2029 783 2051 ,
814 2014 859 2041 ac
878 1999 1146 2055 spiritualibus
1162 1998 1316 2041 exerci-

283 2063 348 2103 tiis
374 2062 474 2106 adeo
500 2060 639 2102 dedita
664 2059 830 2109 extitit,
863 2069 907 2100 ut
931 2056 1091 2101 tandem
1107 2055 1317 2099 universa-1

284 2121 471 2164 Civitate
489 2118 650 2162 Senensi
662 2118 836 2160 mirante
850 2146 864 2168 ,
880 2116 927 2159 ad
945 2113 1169 2172 perfeetum
1186 2116 1319 2157 viven-

281 2181 322 2221 di
337 2179 498 2222 modum
515 2178 779 2234 pervenerit,
801 2176 850 2217 ad
865 2175 1047 2217 effectum
1063 2175 1161 2217 inibi
1175 2174 1319 2231 juxta...

277 2240 395 2296 pium
422 2266 436 2289 ,
475 2239 514 2278 &
543 2235 746 2279 laudabile
785 2233 1034 2290 propositum
1072 2234 1184 2276 diCtae
1216 2232 1318 2274 Pasi-

281 2300 384 2340 theae
423 2310 543 2338 unum
572 2293 854 2337 Monasterium
882 2293 1122 2336 Monialium
1159 2290 1208 2334 ad
1242 2291 1320 2333 Dei

280 2356 587 2410 Omnipotentis
610 2351 772 2395 laudem
800 2352 1138 2394 subinvocatione
1152 2381 1167 2401 ,
1188 2351 1227 2391 &
1244 2351 1317 2391 ho-

280 2413 533 2458 norificentia
548 2412 761 2467 S-Joannis
780 2411 971 2465 Baptistae,
991 2425 1064 2467 pro
1078 2409 1192 2465 ipsius
1209 2408 1317 2451 Pasi-

281 2476 384 2517 theae
401 2501 415 2523 ,
444 2486 490 2514 ac
506 2471 676 2514 aliarum
693 2469 779 2525 ejus
795 2468 987 2512 sociarum
1003 2498 1017 2524 ,
1041 2471 1167 2511 etiam
1181 2467 1317 2522 Virgi-

283 2546 379 2575 num
394 2557 408 2579 a
441 2545 526 2586 qua:
545 2529 597 2570 de
613 2538 756 2570 cetero
770 2528 909 2583 spretis
925 2527 1043 2584 hujus
1060 2526 1233 2570 infelicis
1252 2526 1317 2567 sae·

279 2590 359 2632 culi
377 2588 582 2631 illecebris
600 2587 668 2630 sub
682 2596 876 2643 perpetua
892 2587 1068 2629 clausura
1085 2616 1099 2638 ,
1123 2588 1163 2628 &
1180 2589 1316 2640 Regu-

276 2648 373 2691 laris
393 2647 618 2703 Disciplinae
633 2659 770 2687 norma
789 2673 802 2696 ,
834 2659 879 2686 ac
909 2646 1158 2700 paupertatis
1184 2646 1315 2686 Evan-

278 2706 417 2762 gelicae
431 2706 556 2762 jugo,
577 2706 613 2746 in
630 2704 742 2747 Viam
763 2704 926 2746 Domini
942 2702 1153 2748 salubriter
1169 2703 1316 2757 dirigi,

276 2766 399 2808 acilii
417 2765 487 2806 suae
503 2763 758 2819 Virginitatis
775 2763 896 2804 flores
911 2790 925 2811 ,
950 2764 989 2804 δι
1004 2763 1214 2806 honestatis
1229 2759 1314 2804 fru-

274 2827 361 2867 eius
386 2823 608 2865 offerentes
627 2821 906 2877 ,sempiternae
931 2822 1068 2876 gloriae
1088 2820 1312 2864 beatitudi-

276 2898 368 2927 nem
384 2883 564 2925 feliciter
576 2881 802 2936 promereri
818 2883 1125 2936 exoptaverim,
1145 2880 1211 2921 sub
1228 2882 1313 2922 Re-

273 2945 368 2998 gula
402 2940 620 2991 S-Clarae,
651 2954 695 2981 ac
721 2941 954 2985 omnimoda
972 2941 1196 2983 visitatione
1213 2967 1226 2989 ,
1254 2938 1314 2995 ju-

273 3000 499 3044 risdic'tione
517 3029 532 3052 ‚
562 3001 600 3040 δι
625 2998 880 3040 correctione
908 2997 1213 3055 Archiepiscopi
1241 3005 1313 3040 Se·

272 3075 366 3103 nen.
388 3074 462 3115 pro
475 3069 659 3113 tempore
676 3058 909 3108 existentis,
926 3058 1129 3114 perpetuis
1152 3056 1251 3108 usu,
1276 3057 1316 3097 &

272 3119 525 3161 habitatione
549 3117 723 3159 construi
741 3115 944 3169 faciendi,
971 3116 1114 3158 eadem
1138 3116 1312 3157 auetori-

271 3188 385 3225 tate,
413 3179 451 3217 δι
479 3176 726 3231 quantumin
755 3176 793 3215 se
811 3173 914 3225 fuit,
944 3175 1094 3230 pariter
1111 3175 1311 3230 perpetuo

270 3235 464 3277 concessit
478 3263 492 3284 ,
523 3236 562 3275 δι
578 3233 785 3288 assignavit
800 3263 811 3271 .
846 3237 897 3274 Et
917 3235 954 3275 in
970 3235 1113 3276 eadem
1130 3231 1311 3275 Ecclesia

270 3298 311 3336 8.
330 3294 475 3349 AEgidii
500 3307 615 3335 unam
635 3302 874 3347 perpetuam
902 3294 982 3334 sine
1003 3307 1099 3334 cura
1117 3291 1312 3346 Capella-

269 3353 374 3394 niam
402 3352 471 3395 sub
489 3352 744 3393 invocatione
761 3379 775 3401 ,
807 3349 872 3391 seu
891 3351 940 3392 ad
957 3351 1095 3394 Altare
1127 3353 1168 3392 S.
1185 3351 1309 3392 Fran-

269 3410 361 3452 cisci
379 3425 453 3466 pro
469 3425 549 3452 uno
566 3410 767 3466 perpetuo
783 3407 888 3450 illius
902 3410 1129 3464 Capeliano
1145 3407 1307 3461 futuro,

269 3484 360 3510 cum
379 3469 576 3511 nonnullis
591 3467 780 3511 oneribus
791 3495 805 3519 ,
820 3469 860 3508 δε
872 3467 1306 3524 obligationibus21unc

273 3527 480 3583 expressis,
495 3528 597 3570 dicta
612 3528 852 3569 auctoritate
868 3527 999 3568 erexit
1021 3555 1035 3578 ,
1048 3529 1087 3568 δε
1109 3526 1280 3569 instituit
1295 3555 1309 3578 ,

267 3587 412 3641 illique
431 3588 480 3628 sic
496 3590 636 3629 erestae
654 3615 667 3637 ,
701 3584 942 3627 &institutae
957 3599 1028 3640 pro
1053 3586 1162 3628 illius
1177 3585 1278 3627 dote
1295 3614 1310 3636 ,

267 3646 463 3700 illamque
489 3659 565 3699 pro
591 3657 778 3700 ternpore
790 3644 1013 3686 obtinentis
1028 3644 1311 3686 sustentatione

268 3717 438 3756 omnes,
470 3705 509 3744 &
538 3703 707 3757 singulos
735 3702 847 3745 distae
870 3701 1059 3746 Ecclesiae
1097 3706 1138 3745 8.
1163 3703 1313 3759 AEgidii

268 3762 417 3805 fruetus
434 3792 446 3814 ‚
464 3762 647 3805 redditus
665 3789 678 3811 ,
714 3772 934 3816 proventus
949 3792 964 3813 ‚
978 3761 1081 3818 jura,
1096 3763 1312 3804 obventio·

264 3836 337 3865 nes
354 3851 367 3875 ‚
398 3825 437 3865 ἃ.
451 3821 731 3875 emolumenta
755 3834 1004 3878 quaecunque
1018 3849 1034 3872 ,
1063 3821 1132 3877 qui
1150 3821 1312 3877 viginti-

999 237 1554 325 Provincia

1382 366 1555 412 quatuor
1581 355 1821 397 ducatorum
1837 358 1926 399 auri
1946 353 2004 399 fde
2019 365 2189 399 camera*
2203 355 2427 399 secundum

1382 428 1640 457 communem
1663 414 1973 458 extimationem
1989 444 2004 467 ,
2039 416 2222 457 valorem
2240 429 2425 458 {annuum

1384 488 1464 517 non
1478 473 1681 519 excedunt
1699 502 1713 525 ,
1742 474 1809 516 illa
1833 474 1976 518 itidem
1993 475 2040 516 ab
2062 488 2108 515 ea
2125 475 2322 530 perpetuo
2348 472 2430 516 dis-

1384 532 1644 575 membr-ando
1660 561 1674 583 ‚
1704 533 1744 573 &
1764 530 2009 588 separando,
2026 533 2210 575 similiter
2223 534 2425 589 perpetuo

1382 591 1596 647 applicavit
1619 620 1633 642 ,
1666 592 1705 632 &
1733 593 2010 647 appropriavit
2039 620 2053 642 ,
2085 592 2312 648 dictamque
2342 594 2427 634 Ca-

1381 650 1597 706 pellaniam
1614 652 1637 693 a
1654 655 1838 704 primaeva
1854 651 1958 692 illius
1973 649 2426 708 erestione'hujusmodi

1382 719 1592 752 vacantem
1607 738 1621 758 ,
1653 708 1805 749 dileeto
1823 709 1926 751 Filio
1943 709 2067 750 Pabio
2087 710 2390 753 Piccolomineo
2407 738 2422 761 ‚

1379 767 1754 823 Archipresbytero
1779 766 1894 808 dieiae
1920 769 2086 824 Malori’s
2098 769 2426 818 Ecclesia—flea-

1382 826 1475 867 dem
1509 825 1751 869 auc‘toritate
1790 825 1965 868 contulit
1989 852 2003 876 ,
2050 827 2090 867 &
2126 826 2180 869 de
2219 826 2290 869 illa
2329 838 2426 880 prof

1385 884 1486 926 vidit
1503 913 1515 925 .

1442 944 1496 983 Et
1522 942 1613 999 quia
1641 941 1753 985 dieiae
1776 944 1939 1000 Majoris
1970 944 2157 987 Ecclesiae
2180 942 2427 1001 Archip‘ret:

1382 1002 1624 1055 byteratus,
1657 1001 1770 1058 cujus
1797 1004 2009 1045 vacatione
2038 1017 2112 1059 pro
2139 1013 2323 1058 tempore
2353 1017 2426 1044 oc·

1384 1071 1579 1103 currente
1595 1061 1847 1114 praesentatio
1865 1061 2042 1104 Personae
2062 1062 2215 1104 idoneae
2234 1061 2283 1103 ad
2300 1061 2421 1104 illum

1386 1118 1435 1160 ad
1462 1117 1628 1161 dileRas
1656 1117 1695 1160 in
1726 1119 1893 1164 Christo
1927 1120 2046 1163 Filias
2074 1119 2323 1163 Abbatissam
2336 1149 2351 1172 ‚,
2381 1121 2423 1160 &

1389 1180 1649 1219 Conventuni
1679 1178 1907 1221 Monasterii
1926 1179 2164 1221 Monialium
2191 1182 2230 1222 8.
2249 1179 2420 1221 Marthae

1387 1236 1570 1277 fimiliter
1584 1239 1731 1279 Senen.
1749 1234 1988 1280 cessantibus
2002 1237 2340 1281 reservationibus
2356 1238 2423 1288 ,&

1383 1293 1658 1338 affectionibus
1675 1294 2114 1351 Apostolicis,spec‘tare
2139 1297 2389 1351 dignoscitur
2406 1324 2421 1347 ,

1381 1351 1559 1404 fructus,
1585 1353 1802 1405 redditus,
1833 1355 1871 1395 &
1898 1366 2118 1407 proventus
2140 1357 2242 1398 adeo
2276 1366 2422 1397 tenues

1381 1412 1580 1463 existant,
1611 1422 1656 1454 ut
1670 1412 1885 1455 duodecim
1901 1413 2070 1455 ducatos
2087 1413 2230 1456 similes
2253 1429 2330 1456 non
2349 1428 2424 1455 ex·

1379 1471 1526 1513 cedant
1545 1499 1559 1521 ,
1574 1472 1610 1512 &
1627 1470 1739 1513 illum
1761 1487 1833 1526 pro
1848 1483 2032 1526 tempore
2049 1473 2239 1514 obtinens
2252 1501 2266 1524 ‚
2281 1471 2350 1513 sub
2371 1472 2422 1515 il·

1381 1530 1455 1572 lius
1487 1529 1610 1571 titulo
1645 1531 1773 1572 Sacris
1794 1531 2010 1573 Ordinibus
2031 1531 2183 1573 initiari
2212 1541 2386 1585 nequeat
2405 1558 2420 1582 ,

1376 1600 1536 1630 extunc
1550 1617 1563 1638 ,
1582 1599 1701 1642 prout
1726 1603 1777 1630 ex
1797 1604 1843 1631 ea
1857 1590 1925 1632 die
1937 1618 1952 1641 ,
1982 1591 2022 1630 δε
2037 1599 2222 1640 econtra,
2237 1590 2420 1644 cumpri-

1387 1662 1492 1689 mum
1517 1648 1618 1688 dieta
1634 1646 1837 1690 Abbatissa
1851 1677 1865 1698 ,
1894 1650 1934 1689 ὃς
1947 1652 2187 1691 Conventus
2203 1647 2423 1704 juripatro-

1385 1718 1499 1748 natus
1517 1733 1530 1753 ,
1561 1707 1600 1746 δι
1617 1706 1877 1761 praesentandi
1895 1706 2106 1762 personam
2132 1707 2320 1749 idoneam
2345 1707 2421 1747 liu-

1380 1764 1548 1822 jusmodi
1567 1767 1881 1816 renunciarent,
1894 1765 2122 1822 dietamque
2137 1764 2420 1821 capellaniam

1379 1838 1428 1867 ex
1447 1834 1540 1864 tunc
1556 1849 1571 1871 ,
1588 1834 1706 1877 prout
1721 1838 1769 1866 ex
1798 1838 1845 1866 ea
1859 1822 1926 1865 die
1942 1854 1957 1875 ,
1987 1826 2026 1866 ἃ.
2042 1835 2209 1874 econtra
2235 1837 2420 1867 vacare.)

1379 1883 1634 1935 contingeret
1648 1912 1663 1933 ‚
1695 1883 1828 1925 eidem
1842 1883 2283 1940 Archipresbyteratui
2294 1882 2418 1924 etiam

1380 1941 1585 1997 perpetuo
1599 1941 1730 1983 univit
1746 1970 1758 1992 ,
1790 1942 2008 1992 annexuit,
2039 1944 2077 1984 &
2104 1940 2381 1996 incorporavit
2402 1968 2419 1991 ,

1379 2002 1418 2041 &
1431 1999 1544 2050 alias,
1560 2011 1680 2053 prout
1696 2000 1737 2041 in
1757 1999 1923 2055 publico
1937 2000 2109 2056 desuper
2133 1999 2320 2042 confecto
2345 1998 2420 2041 do·

1380 2069 1572 2100 cumento
1585 2058 1745 2114 plenius
1763 2059 1913 2102 dicitur
1941 2059 2145 2101 contineri
2164 2087 2176 2099 .
2210 2061 2417 2101 Cumau-

1381 2127 1464 2160 tem
1481 2146 1494 2168 ‚
1521 2116 1615 2159 sicut
1631 2116 1773 2159 eadem
1791 2118 1938 2173 petitio
1952 2117 2212 2174 subjungebat
2230 2143 2244 2166 ,
2276 2115 2420 2159 assera-

1381 2189 1448 2219 tur
1465 2205 1477 2227 ,
1492 2175 1640 2218 dietum
1657 2175 1907 2218 franciscum
1922 2179 2089 2219 Mariam
2113 2176 2416 2218 Cardinalem

1379 2233 1586 2276 sufficienti
1613 2233 1810 2277 facultate
1827 2236 1875 2276 ad
1894 2235 1933 2276 id
1958 2234 2117 2277 minime
2134 2233 2336 2276 suffultum
2355 2236 2417 2276 es·

1379 2292 1420 2336 se
1435 2323 1448 2345 ‚
1464 2294 1501 2334 &
1514 2293 1566 2334 ob
1584 2291 1624 2334 id
1639 2321 1654 2344 ,
1672 2307 1724 2336 ne
1737 2292 1790 2335 de
1806 2292 2086 2349 praemissorum
2104 2293 2319 2336 validitate
2341 2290 2419 2334 ali-

1382 2350 1542 2407 quando
1569 2350 1746 2395 dubitari
1775 2352 2013 2408 contingat,
2044 2366 2118 2408 pro
2143 2361 2259 2407 parte
2287 2354 2417 2395 Com-

1378 2410 1613 2461 munitatis,
1643 2412 1683 2451 &
1708 2411 1926 2452 Hominum
1942 2439 1956 2462 ,
1988 2425 2035 2453 ac
2059 2412 2249 2454 Pasitheae
2273 2407 2417 2465 praedi-

1374 2473 1527 2512 c‘torum
1543 2470 1670 2512 Nobis
1684 2466 1761 2512 fuit
1781 2469 1990 2512 humiliter
2014 2469 2298 2524 supplicatum,
2318 2480 2419 2523 qua-

1375 2540 1494 2571 tenus
1511 2529 1568 2569 eis
1585 2528 1624 2569 in
1638 2527 1838 2584 praemissis
1852 2528 2084 2584 opportune
2098 2526 2319 2584 providere
2331 2553 2345 2578 ,
2358 2524 2414 2567 de

1378 2588 1632 2642 Benignitate
1650 2587 1878 2644 Apostolica
1896 2587 2155 2643 dignaremur
2169 2617 2181 2629 .
2398 2611 2400 2614 >

1436 2651 1524 2690 Nos
1546 2647 1669 2702 igitur
1687 2675 1703 2699 ,
1716 2646 1782 2703 qui
1797 2645 1948 2689 dudum
1970 2647 2077 2689 inter
2091 2646 2167 2688 alia
2182 2644 2413 2693 voluimus,

1379 2705 1487 2764 quod
1503 2716 1688 2761 petentes
1706 2704 1901 2748 beneficia
1922 2704 2196 2748 Ecclefiastica
2221 2704 2308 2746 aliis
2325 2702 2414 2744 uni-

1379 2766 1412 2808 ri
1428 2791 1442 2813 2
1475 2775 1716 2808 tenerentur
1740 2765 1968 2820 exprimere
1983 2777 2124 2806 verum
2149 2773 2414 2805 annuumvva-

1373 2826 1504 2868 iorem
1533 2823 1749 2867 secundum
1766 2823 2072 2867 extimationem
2088 2821 2341 2878 praedictam,
2372 2820 2413 2860 &

1375 2880 1591 2931 beneficii,
1623 2884 1687 2924 cui
1708 2882 1817 2924 aliud
1836 2884 1937 2924 uniri
1960 2891 2169 2938 peteretur
2185 2909 2198 2931 ,
2230 2879 2411 2935 alioquin

1376 2943 1473 2986 unio
1487 2954 1568 2984 non
1586 2941 1743 2984 valeret
1759 2970 1772 2992 ,
1794 2943 1833 2982 δι
1847 2939 2004 2996 semper
2020 2942 2057 2982 in
2075 2939 2287 2983 unionibus
2305 2950 2415 2981 com.

1376 3000 1499 3045 missio
1514 2998 1630 3043 fieret
1646 3000 1695 3041 ad
1713 3011 1848 3055 pai-tes
1860 3029 1875 3050 ‚
1894 3000 2047 3042 vocatis
2064 3028 2078 3051 ,
2095 3012 2267 3055 quorum
2282 2998 2413 3039 inter-

1375 3058 1707 3113 effet,fingu1ares
1723 3059 1908 3113 personas
1923 3057 2235 3101 Communitatis
2249 3083 2263 3106 ,
2285 3057 2325 3096 &
2339 3055 2413 3096 Pa·

1375 3118 1543 3162 fitheam
1561 3146 1574 3168 ,
1600 3132 1646 3160 ac
1659 3119 1822 3161 Fabium
1841 3115 2064 3174 hujusmodi
2089 3118 2112 3159 a
2125 3114 2326 3173 quibusvis
2336 3126 2410 3172 ex-

1374 3177 1779 3227 communicationis,
1812 3175 2068 3231 suspensionis
2091 3202 2106 3226 ,
2134 3178 2173 3217 &
2202 3169 2411 3216 interdicti

1373 3234 1542 3291 aliisque
1555 3235 1840 3279 Ecclesiasticis
1865 3234 2073 3277 sententiis
2089 3261 2102 3284 ,
2135 3230 2309 3276 censuris
2327 3258 2341 3281 ,
2369 3229 2411 3269 δι

1372 3296 1503 3353 poenis
1519 3321 1533 3343 ,
1556 3294 1577 3335 ἑ
1592 3293 1682 3350 jure
1697 3323 1712 3345 ,
1745 3295 1810 3338 vel
1827 3294 1876 3336 ab
1895 3294 2057 3335 homine
2075 3291 2213 3348 quavis
2236 3287 2412 3332 occasio·-

1371 3368 1423 3398 ne
1444 3382 1458 3404 ,
1475 3352 1540 3395 vel
1557 3351 1671 3395 causa
1687 3352 1796 3405 latis,
1814 3352 1837 3394 si
1855 3353 1999 3408 quibus
2022 3347 2330 3407 quomodolibet
2347 3347 2413 3388 in·

1369 3412 1527 3456 nodatae
1541 3411 1780 3464 existunt,ad
1798 3411 1982 3454 effestum
2001 3409 2251 3465 praesentium
2266 3407 2412 3449 dunta-

1369 3482 1440 3515 xat
1455 3469 1802 3525 consequendum,
1825 3471 1966 3512 harum
1992 3469 2095 3510 serie
2111 3465 2372 3509 absolventes
2391 3492 2408 3514 ‚

1370 3533 1408 3573 &
1426 3528 1626 3572 absolutas
1643 3526 1731 3571 fore
1749 3527 1987 3578 censentes,
2013 3525 2239 3582 hujusmodi
2255 3523 2408 3588 suppli:

1372 3588 1600 3632 cationibus
1617 3587 1799 3630 inclinati
1816 3614 1830 3637 ‚
1845 3588 1894 3629 ab
1908 3586 1984 3641 ipsa
2003 3584 2181 3628 Ecclesia
2199 3588 2239 3627 S.
2257 3582 2409 3638 AEgidii

1374 3661 1512 3690 curam
1529 3647 1869 3689 parochianorum
1888 3645 2165 3700 praedic'torum
2182 3673 2196 3694 ,
2219 3645 2259 3684 &
2282 3652 2403 3684 omne

1376 3706 1487 3748 illius
1513 3706 1756 3748 exercitium
1774 3704 2006 3760 Apostolica
2031 3705 2315 3750 Auctoritate,
2343 3710 2407 3741 te-

1373 3778 1472 3806 nore
1494 3763 1745 3817 praesentium
1761 3764 1935 3818 perpete
1949 3763 2198 3813 abdicamus,
2214 3761 2407 3813 illamque

1372 3822 1555 3873 &illud2
1581 3837 1624 3867 ac
1652 3821 1929 3868 parochianos
1959 3823 2166 3878 praedic‘tos
2193 3820 2243 3863 ad
2266 3816 2410 3916 {ccle-

2293 3889 2347 3917 ias
