2762 4030
1034 134 1510 229 Romana

211 262 320 301 mino
345 260 501 315 Joaniie
520 254 693 313 Baptista
709 249 890 296 Pierallo
915 249 1185 306 Florentino,
1211 258 1251 297 &

214 321 266 360 1).
285 321 439 361 Thoma
464 317 628 359 Bustino
656 310 847 355 Comensi
884 309 1050 352 testibus
1075 313 1125 355 ad
1150 328 1252 369 prae·

212 378 318 420 dit‘ta
346 376 482 419 omnia
506 405 523 428 ,
551 376 592 416 δι
620 369 770 426 lingula
801 369 958 410 vocatis
988 370 1253 426 specialiter,

213 449 336 494 atque
371 436 551 492 rogatis.
582 433 688 472 cum
706 440 845 471 autem
859 456 873 478 ,
902 427 1000 470 sicut
1016 430 1162 476 eadem
1177 445 1252 473 ex-

210 498 357 554 politio
371 489 641 550 subjungebat
661 487 812 540 ,dietus
829 487 1034 530 Antonius
1045 488 1249 530 Cardina-

214 557 262 598 lis
290 553 505 613 plurimum
520 547 660 603 cupiat
689 546 1002 596 venditionem,
1032 546 1077 587 ἃ·
1097 546 1249 589 aliena-

213 618 367 658 tionem
390 606 596 665 praedistas
611 635 625 657 ‚
654 606 816 662 aliaque
843 601 1034 659 praemilsa
1051 620 1125 660 pro
1153 619 1248 660 per-

213 683 337 731 petua
349 669 512 712 illorum
531 664 781 709 sublillentia
798 693 811 716 ,
825 665 866 706 δι
882 663 1098 707 validitate
1110 692 1124 715 ,
1136 666 1251 719 Apo-

213 733 299 776 licae
327 726 480 772 Nostrae
506 722 848 769 Confirmationis
863 727 1012 766 robore
1029 723 1253 766 communi·

213 791 248 835 ri
262 784 469 843 ,aliasque
488 783 663 839 desuper
677 783 726 827 ad
740 781 926 826 effectum
943 781 1164 825 validitatis
1182 797 1254 823 eo-

213 846 404 894 rumdem
440 842 724 902 praeniifforum
754 842 986 899 opportuni:
1015 840 1257 897 provideri,

220 912 308 953 Nos
327 904 426 948 dieti
441 903 614 947 Antonii
630 901 864 945 Cardinalis
880 927 896 951 ,
919 903 956 943 &
971 914 1082 943 novae
1101 897 1256 942 Domus

215 964 412 1026 praedictae
427 961 688 1007 indemnitati
707 989 722 1012 ,
745 963 787 1003 δι
802 958 1009 1003 securitati
1027 961 1064 1002 in
1084 957 1258 1014 praemis-

215 1026 264 1070 fis
291 1022 522 1082 prospicere
555 1021 774 1071 volentes,
803 1034 963 1063 necnon
989 1020 1088 1075 petii
1106 1031 1258 1069 terrae,

216 1088 288 1131 seu
328 1081 416 1140 ejus
451 1080 678 1139 hujusmodi
706 1079 954 1135 qualitates,
980 1079 1260 1134 quantitates,

189 1142 203 1159 ⁶
218 1141 422 1187 vocabula
437 1169 452 1191 ,
477 1143 516 1184 &
531 1138 883 1182 denominationes
901 1168 915 1189 ,
942 1137 1102 1193 aliaque
1121 1136 1260 1180 hic‘de

219 1200 459 1248 necestitate
489 1198 751 1255 exprimenda
769 1226 782 1249 ,
798 1197 1053 1254 praesentibus
1086 1211 1160 1253 pro
1174 1195 1260 1252 ple-

221 1265 302 1314 ne,
333 1263 375 1303 &
402 1258 649 1304 sufficienter
677 1256 898 1313 expreffis,
926 1258 968 1298 &
991 1256 1152 1299 insertis
1191 1257 1262 1298 ha-

221 1326 370 1366 bentes
385 1347 400 1370 ,
431 1323 550 1362 Motu
578 1319 746 1374 proprio
762 1347 776 1370 ,
807 1318 846 1359 8(
870 1330 921 1358 ex
937 1326 1052 1359 certa
1070 1315 1262 1365 scientia,

222 1394 267 1426 ac
291 1380 344 1423 de
362 1378 602 1434 Apostolicae
625 1376 835 1434 potestatis
859 1376 1114 1432 plenitudine
1133 1405 1146 1426 ,
1169 1388 1261 1417 ven.

221 1439 424 1484 ditionem
445 1466 460 1488 ,
492 1439 532 1479 ἃ.
557 1436 846 1480 alienationem
875 1434 975 1491 petii
1007 1446 1126 1477 terrae
1148 1465 1162 1486 ,
1195 1431 1261 1475 seu

224 1498 319 1543 situs
344 1494 497 1555 praefati
514 1510 605 1538 cum
621 1496 805 1538 omnibus
822 1494 977 1551 juribus
994 1525 1010 1546 ,
1041 1494 1264 1544 membris,

226 1561 267 1602 &
289 1557 549 1616 pertinentiis
566 1556 643 1598 suis
656 1554 964 1611 quibuscunque
980 1583 994 1605 ,
1020 1568 1066 1597 ac
1087 1553 1267 1609 desuper

230 1615 458 1661 confectum
491 1614 765 1671 praeinsertunt
795 1613 1105 1657 instrumentum
1131 1611 1265 1669 hujus-

228 1675 367 1727 modi,
394 1675 612 1728 omniaque
637 1702 651 1724 ,
676 1675 714 1715 δε
743 1673 893 1729 singula
921 1673 960 1714 in
989 1687 1040 1716 eo
1070 1682 1268 1716 contenta.

228 1748 476 1794 quaecunque
493 1762 506 1785 ,
523 1743 668 1774 tenore
687 1731 940 1787 praesentium
954 1761 969 1782 ,
987 1738 1186 1788 perpetuo
1200 1747 1267 1786 ap-

228 1795 448 1853 probamus
466 1820 480 1844 ,
505 1793 545 1833 &
565 1791 647 1834 illis
666 1802 868 1846 perpetuae
886 1791 1126 1846 Apostolicae
1141 1790 1265 1833 firmi·

231 1855 324 1899 tatis
339 1879 355 1902 2
385 1851 690 1909 approbationis
703 1879 718 1902 ,
741 1851 782 1891 &
802 1849 1120 1894 confirmationis
1139 1851 1264 1893 robur

229 1913 471 1972 adjicimus,
499 1910 746 1966 omnesque,
776 1911 816 1951 δι
839 1908 1012 1966 singulos
1039 1923 1120 1954 tam
1139 1910 1266 1964 iuris,

230 1974 353 2030 quam
367 1971 486 2020 faeti,
512 1970 554 2009 &
570 1968 894 2019 solemnitatum,
917 1971 956 2011 δε
977 1971 1076 2012 alios
1105 1970 1269 2012 etiam-2

229 2030 488 2089 quantumvis
504 2025 779 2072 substantiales
792 2056 805 2080 ,
821 2030 862 2070 &
877 2026 1069 2073 formales
1084 2030 1269 2072 defectus

229 2090 459 2147 cogitatos,
487 2089 526 2130 &
555 2087 800 2143 incogitatos
824 2115 840 2138 ,
865 2089 890 2128 si
915 2090 1004 2144 quis
1034 2088 1271 2144 principali·

232 2162 298 2193 ter
314 2178 330 2201 ,
363 2150 428 2192 vel
462 2148 679 2190 accessorie
703 2148 742 2189 in
764 2148 995 2204 praemislis,
1025 2151 1066 2191 &
1090 2150 1199 2192 circa
1226 2162 1275 2191 ea

232 2205 550 2267 quomodolibet
580 2207 881 2254 intervenerit,
909 2207 1062 2250 etiamsi
1089 2208 1143 2252 de
1171 2207 1277 2258 illis,

240 2268 294 2311 ad
314 2269 391 2311 hoc
405 2296 421 2318 ,
437 2265 688 2323 ut-suppleri
718 2265 862 2322 poffint
875 2296 890 2318 ,
920 2265 1105 2322 specialis
1121 2267 1278 2309 mentio

232 2324 414 2369 facienda
448 2321 548 2367 effet
577 2354 592 2377 ,
625 2324 848 2379 pleniffime
871 2325 1100 2380 supplemus
1119 2354 1134 2376 ,
1164 2325 1275 2367 tolli.

239 2397 326 2427 mus
342 2409 357 2429 ,
386 2385 428 2424 δι
449 2383 689 2438 abrogamus
703 2411 713 2423 .
749 2385 801 2425 Et
820 2382 980 2439 insuper
995 2382 1176 2440 ejusdem
1196 2385 1277 2425 An-

241 2442 343 2485 tonii
371 2441 602 2484 cardinalis
619 2469 635 2492 ,
658 2442 697 2482 &
720 2438 878 2484 suorum
908 2442 1058 2496 potiori
1074 2442 1245 2485 cautelae
1261 2472 1276 2492 ‚

234 2504 274 2543 δε
305 2500 512 2544 securitati
542 2500 581 2541 in
613 2498 811 2553 praeinissis
833 2499 1062 2544 consultum
1090 2500 1180 2544 fore
1200 2528 1215 2549 ,
1239 2503 1280 2543 &

234 2556 316 2603 eise
345 2557 566 2609 volentes,
597 2558 753 2613 petium
775 2568 894 2600 terrae
911 2587 925 2610 ,
952 2559 1017 2602 seu
1043 2562 1160 2604 litum
1178 2575 1279 2617 prae-

236 2618 376 2662 fatum
400 2630 495 2659 cum
521 2616 706 2659 omnibus
735 2617 920 2675 juribus,
949 2621 990 2661 δι
1018 2621 1276 2674 pertinentiis

236 2677 318 2720 suis
336 2704 351 2728 ,
368 2676 407 2718 in
435 2675 676 2719 venditione
690 2702 705 2724 ,
731 2691 776 2720 ac
789 2676 1276 2732 praeinsertoinstrumen·

236 2748 283 2779 to
310 2734 538 2788 hujusmodi
572 2736 899 2790 comprehensis,
925 2738 974 2779 ab
997 2741 1210 2788 omnibus,
1240 2739 1281 2779 &e

234 2794 538 2852 quibuscunque
562 2794 913 2850 obligationibus,
943 2799 1067 2838 etiam
1083 2802 1281 2840 Camera-

237 2854 346 2897 l'ibus
363 2853 625 2909 hypothecis,
639 2854 762 2897 etiam
783 2868 832 2896 ex
852 2854 968 2897 causa
981 2857 1091 2899 dotis
1109 2886 1122 2906 ,
1151 2858 1191 2898 δε
1205 2855 1283 2898 alia

241 2913 500 2970 quantumvis
525 2912 589 2968 pia
608 2940 621 2963 ,
650 2915 692 2954 δι
720 2913 1000 2968 privilegiata,
1028 2917 1153 2958 etiam
1174 2914 1282 2969 jura-

242 2983 387 3014 mento
417 2969 608 3019 vallatis,
638 2985 798 3013 necnon
826 2973 1103 3024 investituris,
1132 2976 1173 3015 &
1199 2973 1280 3027 pri·

244 3029 515 3085 mogenituris
528 3056 543 3079 ,
566 3027 877 3072 fideicommissis
889 3060 902 3082 ,
918 3034 959 3073 δι
972 3031 1174 3075 alienandi
1191 3047 1281 3089 pro.

241 3090 532 3139 bibitionibus,
550 3102 621 3146 pei·
647 3087 808 3143 quosvis
823 3089 1002 3143 ejusdem
1017 3091 1176 3151 Joannis
1198 3094 1280 3133 An-

241 3149 342 3193 tonii
367 3149 492 3191 Ducis
522 3144 790 3190 antecessores
807 3178 822 3198 ,
853 3162 899 3190 ac
926 3150 1050 3191 etiam
1074 3159 1242 3203 agnatos
1268 3179 1284 3202 ,

240 3209 321 3252 five
336 3205 600 3250 collaterales
613 3233 627 3255 ,
661 3206 736 3249 five
755 3203 1038 3250 transversales
1054 3236 1068 3258 ,
1089 3209 1169 3250 sive
1185 3209 1287 3250 alios

238 3264 515 3324 quoscunque,
532 3279 605 3319 per
620 3264 725 3307 viam
742 3266 1074 3308 testamentorum
1090 3295 1102 3315 ,
1118 3267 1289 3309 codicil-

242 3326 374 3369 lorum
389 3354 403 3377 ,
434 3325 663 3368 donationis
679 3353 692 3376 ,
706 3327 832 3368 etiam
859 3325 971 3366 causa
991 3326 1131 3367 mortis
1146 3355 1159 3376 ,
1191 3341 1289 3368 con-

241 3384 391 3428 tractus
406 3382 519 3427 inter
544 3384 655 3426 vivos
669 3414 683 3435 ,
711 3386 750 3425 δι
766 3397 1100 3438 quarumcunque
1115 3384 1286 3427 aliarum

245 3442 550 3502 dispositionum
567 3470 581 3493 ,
607 3446 646 3484 δι
661 3445 894 3486 ultimarum
910 3443 1164 3485 voluntatum
1181 3471 1193 3491 ,
1210 3443 1290 3485 sive

246 3503 288 3547 in
318 3504 446 3561 prima
477 3503 741 3560 acquisitione
774 3502 873 3558 petii
900 3514 1045 3552 terrae,
1076 3500 1144 3544 seu
1174 3500 1291 3550 fiius,

247 3562 477 3607 &aliorum
495 3593 510 3616 ,
541 3574 583 3604 ut
603 3563 716 3620 supra
733 3591 747 3613 ,
771 3560 1029 3604 venditorum
1049 3560 1119 3603 sub
1132 3559 1290 3613 quibus·

249 3635 409 3677 cunque
435 3624 643 3666 tenoribus
669 3651 684 3674 ,
726 3624 765 3663 &
794 3620 963 3671 formis,
998 3634 1043 3662 ac
1073 3620 1290 3661 verborum

249 3681 564 3735 expreffionibus
585 3711 598 3734 ,
614 3696 706 3725 cum
731 3681 852 3735 pactis
885 3679 938 3721 de
965 3679 1138 3720 invicem
1155 3676 1292 3719 succe-

249 3737 411 3841 denti?
424 3753 583 3786 necnon
602 3741 878 3799 privationum
895 3770 909 3790 ‚
934 3737 1181 3783 omiffionum
1197 3765 1212 3790 ,
1226 3750 1293 3779 ca·

402 3812 472 3840 om.
490 3802 543 3841 11.

2175 179 2295 263 49

1310 259 1567 310 ducitatum,
1594 256 1934 315 devolutionum,
1957 265 1995 306 δε
2012 277 2349 324 quarumcunque

1312 320 1483 362 aliarum
1509 318 1770 373 personarum
1788 345 1803 369 ,
1833 319 1874 359 δι
1899 322 2136 367 muletarum
2152 326 2354 383 adjectio-

1312 380 1425 421 nibus
1440 409 1455 430 ‚
1487 380 1525 420 δι
1547 376 1888 432 applicationibus
1903 404 1919 427 ,
1947 392 2105 425 necnon
2128 384 2356 440 proximio-

1314 452 1403 480 rum
1419 466 1433 488 ,
1462 440 1500 479 &
1515 435 1682 479 aliarum
1699 434 1961 491 personarum
1974 464 1989 486 ,
2011 439 2048 478 &
2066 443 2353 495 Familiarum,

1314 513 1360 540 ac
1388 495 1521 540 forsan
1546 494 1851 544 Ecclefiarum,
1880 494 2179 550 Hospitalium,
2210 500 2359 544 Colle-

1313 558 1502 613 giorum,
1537 552 1884 602 Univerfitatum,
1915 552 1955 592 &
1980 567 2358 614 quorumcunque...

1313 619 1516 658 Locorum
1534 612 1699 653 Piorum
1715 641 1731 662 ,
1765 611 1939 653 seualias
1965 624 2361 671 quantumcunque,

1317 670 1700 729 privilegiatorum,
1733 669 2044 723 vocationibus,
2073 672 2363 716 substitutioni-

1317 734 1391 772 bus
1408 758 1422 779 ,
1451 728 1777 779 conditionibus,
1814 727 2010 782 vinculis,
2034 731 2259 780 oneribus,
2287 732 2363 785 hy-

1317 788 1534 847 pothecis,
1563 787 1907 842 obligationibus,
1935 789 2139 839 cautelis,
2172 803 2365 832 necnoru

1317 844 1522 906 quibusvis
1547 846 1669 889 etiam
1701 845 2079 901 praegnantiffimis,
2112 846 2365 898 sortiffimis,

1319 904 1620 954 efficaciffimis‚
1636 906 1677 946 &
1690 904 2060 962 quomodocunque
2078 904 2190 950 factis
2206 934 2221 958 ,
2248 907 2288 947 &
2306 906 2368 947 in-

1320 964 1640 1015 dultis,illorum
1661 963 1841 1005 omnium
1861 974 2027 1007 tenores
2043 992 2058 1013 ,
2076 963 2229 1008 formas
2243 992 2258 1014 ,
2272 978 2372 1008 cau-

1319 1025 1375 1067 sas
1400 1053 1414 1075 ,
1440 1025 1480 1065 &
1507 1021 1739 1066 occasiones
1775 1023 2033 1077 pra-sentibus
2060 1039 2136 1080 pro
2165 1023 2372 1067 sufficien-

1322 1096 1387 1127 ter
1404 1112 1418 1134 ,
1449 1097 1496 1125 ac
1513 1082 1567 1124 de
1583 1083 1713 1125 verbo
1735 1081 1786 1124 ad
1814 1083 1986 1125 verbum
2004 1082 2197 1139 expreffis
2211 1112 2226 1133 ,
2252 1082 2293 1122 δι
2307 1082 2371 1122 in-

1323 1143 1438 1187 sertis
1467 1143 1666 1184 habentes
1686 1170 1700 1193 ,
1732 1141 1923 1197 penitus,
1953 1143 1994 1183 δι
2027 1143 2194 1185 omnino
2227 1141 2372 1183 eximi-

1323 1203 1466 1244 mimus
1481 1230 1496 1253 ,
1510 1202 1551 1242 δι
1567 1200 1786 1244 liberamus
1805 1229 1821 1252 ,
1852 1215 1898 1242 ac
1918 1201 2192 1258 obligationes
2207 1230 2222 1250 ,
2250 1197 2368 1241 fidei-

1322 1257 1524 1304 commissa
1538 1289 1552 1312 ,
1571 1260 1869 1317 prohibitiones
1886 1288 1901 1311 ,
1934 1265 2046 1317 pac'ta
2066 1291 2080 1314 ,
2113 1261 2372 1310 vocationes,

1323 1320 1625 1363 substitutiones
1642 1348 1656 1370 ,
1680 1320 1720 1360 &
1743 1320 1822 1362 alia
1853 1320 2069 1376 praeniilfa,
2100 1330 2371 1374 caeteraque.)

1323 1380 1457 1423 omnia
1480 1406 1494 1426 ,
1525 1393 1610 1435 quae
1636 1378 1896 1430 venditioni,
1926 1380 1967 1420 &
1994 1379 2233 1422 alienationi
2263 1376 2371 1435 petii·

1325 1451 1445 1483 terrae
1473 1438 1542 1480 {eu
1558 1435 1681 1488 situs,
1709 1439 1749 1480 &
1776 1438 1948 1481 aliorum
1970 1439 2369 1495 praedidtorumquo-

1327 1497 1556 1543 modolibet
1578 1497 1735 1539 obstare
1754 1525 1767 1548 ,
1787 1508 1858 1540 aut
1881 1498 1980 1542 alias
2001 1498 2340 1554 impedimentum
2356 1523 2371 1547 ,

1327 1559 1394 1602 vel
1418 1557 1694 1613 praejudicium
1710 1555 1855 1599 afferre
1886 1554 2078 1613 poffunt,
2107 1556 2159 1598 ad
2188 1554 2375 1598 effectum

1327 1617 1583 1678 praesentium
1613 1614 1828 1667 tollimus,
1855 1617 2097 1672 abrogamus
2120 1643 2134 1666 ,
2166 1617 2206 1656 &
2233 1613 2376 1655 abole-

1329 1692 1416 1722 mus
1431 1707 1446 1728 ,
1479 1675 1629 1733 illaque
1646 1675 1781 1717 omnia
1806 1675 1844 1716 in
1859 1687 2016 1730 partem
2042 1675 2140 1727 petii
2161 1686 2282 1715 terrae
2302 1675 2377 1714 hu-

1327 1735 1501 1797 jusmodi
1525 1764 1539 1783 ‚
1579 1748 1625 1776 ac
1652 1733 1927 1790 multiplicum
1952 1761 1966 1783 ‚
1997 1736 2038 1776 ὅτ.
2064 1734 2378 1776 ἱηνείὶίωεηῐε..)

1326 1796 1503 1845 exinde,
1530 1792 1639 1849 juxta
1670 1793 1841 1835 formam
1877 1794 2099 1849 praeinserti
2122 1791 2379 1834 instrumenti

1326 1854 1541 1905 facienda,
1568 1855 1608 1895 &
1636 1852 1715 1895 alia
1743 1853 1840 1895 dieti
1863 1853 2026 1910 Joaiinis
2054 1852 2222 1895 Antonii
2254 1850 2379 1892 Ducis

1325 1920 1430 1960 bona
1457 1911 1695 1963 allodialia,
1732 1926 1814 1954 non
1844 1923 1982 1956 autem
2013 1910 2344 1969 jurisdid'tionalia
2362 1936 2377 1959 ,

1329 1976 1448 2019 salvis
1491 1972 1763 2029 hypothecis,
1799 1971 1850 2014 ad
1877 1971 2061 2015 favorem
2086 1970 2182 2012 dicti
2208 1967 2377 2012 Antonii

1332 2033 1565 2078 Cardinalis
1581 2030 1928 2085 reservatis,juxta
1942 2030 2123 2087 ejusdem
2138 2029 2377 2071 instrumen-

1336 2096 1366 2138 ti
1393 2093 1563 2136 sormam
1580 2119 1595 2142 ,
1616 2090 1803 2133 similiter
1830 2092 2032 2145 perpetuo
2063 2087 2348 2130 transferimus
2364 2111 2378 2136 ,

1336 2151 1630 2200 constituimus,
1643 2149 1940 2192 &collocamus
1953 2176 1967 2198 ,
1982 2161 2029 2189 ac
2049 2157 2208 2201 partem
2225 2144 2375 2200 pretii,

1337 2216 1377 2256 δι
1397 2210 1671 2264 multiplicum
1689 2236 1703 2259 ,
1730 2223 1775 2251 ac
1793 2207 2074 2250 investimenta
2089 2234 2104 2255 ,
2122 2205 2215 2248 inde
2230 2200 2383 2246 facien·

1337 2274 1386 2314 da
1406 2301 1419 2322 ,
1450 2272 1489 2311 &
1514 2269 1591 2310 alia
1616 2267 1710 2308 dicti
1735 2267 1896 2323 Joannis
1917 2265 2088 2307 Antonii
2119 2264 2247 2306 Ducis
2274 2262 2382 2304 bona

1337 2328 1544 2372 allodialia
1564 2354 1579 2377 ,
1606 2339 1685 2366 non
1717 2335 1856 2368 autem
1884 2322 2218 2380 jurisdit‘tionalia
2248 2318 2385 2375 hujus-

1336 2387 1479 2438 modi,
1504 2387 1545 2426 in
1578 2383 1713 2426 locum
1732 2385 1833 2439 petii
1852 2394 2001 2432 terrae,
2033 2383 2101 2424 seu
2127 2378 2248 2431 sinis,
2281 2378 2387 2422 alio-

1339 2461 1426 2490 rum
1442 2473 1456 2495 ,
1487 2454 1531 2485 ut
1549 2442 1788 2499 praefertur,
1808 2441 2068 2484 venditorum
2082 2468 2096 2490 ,
2126 2440 2166 2479 &
2183 2439 2384 2481 alienato·

1341 2502 1698 2556 rum‚illorumque
1714 2515 1983 2551 annexorum,
1996 2501 2038 2541 &
2051 2498 2377 2554 dependentium

1341 2567 1380 2608 iii
1395 2562 1577 2606 omnibus
1592 2590 1606 2612 ,
1621 2561 1661 2602 δι
1677 2576 1750 2616 per
1764 2561 1893 2603 omnia
1910 2558 2082 2617 perinde
2096 2585 2109 2607 ,
2129 2571 2171 2598 ac
2189 2557 2212 2598 si
2231 2560 2254 2600 a
2270 2557 2382 2610 prin-

1338 2624 1445 2680 cipio
1469 2620 1587 2677 super
1602 2629 1720 2674 parte
1737 2620 1888 2672 pretii,
1917 2633 1963 2660 ac
1983 2613 2213 2667 multiplico
2227 2642 2241 2663 ,
2268 2615 2383 2654 &in-

1341 2680 1587 2726 vestimentis
1608 2676 1703 2718 inde
1721 2676 1915 2718 faciendis
1930 2704 1946 2725 ,
1975 2689 2024 2719 ac
2048 2672 2135 2714 aliis
2150 2671 2382 2727 dietiJoan-

1343 2744 1402 2784 nis
1418 2737 1585 2782 Antonii
1605 2735 1727 2777 Ducis
1743 2735 1857 2775 bonis
1884 2730 2145 2774 allodialibus
2162 2756 2175 2779 ,
2207 2742 2288 2771 non
2311 2741 2383 2770 au-

1342 2810 1427 2842 tem
1444 2793 1821 2851 jurisdictionalibus
1842 2790 2014 2844 praefatis
2029 2787 2246 2832 constituta
2262 2815 2276 2837 ,
2291 2784 2380 2828 col-

1343 2859 1477 2900 locata
1493 2855 1556 2904 ,&
1578 2851 1751 2904 injuncta
1771 2848 1947 2900 suiffent,
1962 2848 2077 2892 salvis
2094 2847 2308 2902 hypotecis
2334 2842 2384 2886 ad

1343 2916 1528 2959 favorem
1558 2910 1655 2952 dieti
1672 2909 1839 2953 Antonii
1856 2907 2123 2957 cardinalis,
2147 2916 2190 2947 ut
2216 2902 2382 2959 praefer-

1340 2986 1424 3025 tur,
1439 2970 1655 3014 reservatis
1670 2998 1682 3019 ,
1699 2970 1903 3024 perpetuo
1919 2966 2134 3011 sufficimus
2147 2992 2163 3015 ,
2180 2961 2383 3006 substitui-

1342 3047 1426 3076 mus
1443 3060 1456 3082 ,
1481 3032 1521 3071 δι
1537 3030 1826 3083 subrogamus,
1859 3023 2062 3081 ita,quod
2086 3034 2169 3064 tani
2194 3022 2234 3063 in
2261 3023 2380 3062 inve-

1343 3091 1491 3135 stituris
1507 3118 1521 3138 ,
1546 3085 1874 3142 primogenituris
1890 3113 1904 3136 ,
1928 3078 2237 3125 fideicommissis
2252 3109 2266 3131 ,
2285 3077 2376 3120 sub-

1348 3148 1620 3194 stitutionibus
1638 3174 1650 3195 ,
1679 3146 1719 3185 &
1733 3144 1821 3185 aliis
1836 3141 2159 3197 dispositionibus
2175 3137 2377 3192 hujuimo-

1349 3210 1389 3252 di
1403 3205 1715 3263 quomodolibet
1731 3202 1878 3252 vocati,
1890 3203 1931 3243 δι
1944 3196 2219 3255 comprehenfi
2234 3225 2248 3245 ,
2260 3195 2379 3250 quam

1349 3269 1579 3324 quicunque
1608 3263 1675 3305 alii
1707 3261 1930 3305 eorundem
1956 3254 2350 3302 fideicommifforum
2369 3279 2387 3304 ,

1350 3325 1737 3374 substitutionum,ac
1755 3318 2023 3369 vinculorum,
2038 3314 2384 3371 hypothecarum,

1353 3385 1644 3440 obligationum
1661 3408 1675 3431 ,
1702 3379 1825 3422 etiam
1847 3376 2119 3421 Cameralium
2135 3402 2150 3423 ,
2182 3374 2307 3413 etiam
2329 3382 2383 3412 ex

1352 3444 1458 3487 dotis
1476 3472 1489 3492 ,
1522 3444 1562 3483 &
1588 3439 1663 3481 alia
1689 3450 1929 3495 quacunque
1954 3433 2097 3482 causa,
2124 3428 2381 3486 quantumvis

1354 3504 1416 3557 pia
1433 3530 1446 3552 ,
1460 3504 1499 3543 δι
1513 3498 1765 3555 privilegiata
1780 3527 1794 3547 ‚
1810 3498 1949 3551 vigore
1963 3519 1978 3542 ,
2001 3502 2065 3535 aut
2083 3498 2274 3546 praetextu
2292 3515 2306 3539 ,
2320 3485 2387 3528 ul-

1353 3562 1396 3603 lo
1424 3572 1597 3615 unquam
1613 3568 1830 3611 tempore,
1858 3556 1971 3608 super
1996 3550 2108 3603 petio
2135 3560 2283 3597 terrae,
2313 3555 2382 3611 aut

1352 3622 1424 3661 situ
1440 3650 1453 3670 ‚
1482 3617 1645 3665 &aliis,
1660 3627 1704 3657 ut
1722 3611 1834 3669 supra
1852 3638 1866 3660 ,
1882 3608 2058 3653 venditis
2075 3636 2090 3658 ,
2118 3608 2160 3649 δι
2173 3606 2357 3649 alienatis
2373 3632 2388 3655 ,

1353 3678 1512 3734 aliquod
1547 3675 1603 3731 jus
1630 3704 1643 3726 ,
1676 3674 1740 3715 vel
1769 3673 1941 3726 aliquam
1974 3668 2171 3710 astionem
2203 3665 2385 3713 habere,

1353 3736 1641 3795 praetendere,
1671 3732 1732 3775 vel
1764 3733 2004 3780 intentare,
2034 3736 2103 3770 aut
2132 3724 2227 3769 alias
2259 3735 2384 3789 expe-

1709 3793 1750 3832 G
2257 3793 2328 3824 rirt
