2762 4108
401 249 576 338 260

396 378 552 422 Dileffo
581 376 686 422 Filio
713 376 875 420 Nicolao
903 376 1125 418 Mantuano
1151 369 1298 416 Fratri

595 436 760 479 Ordinis
786 436 1096 492 Capacinorum.

382 527 830 595 PAULUS
918 525 1174 582 PAPA
1255 522 1319 570 v.

334 629 493 686 pilei-3¹9·
507 627 769 688 Filisalutem
781 657 795 680 ,
820 627 873 679 ῥ’
894 625 1018 686 Apost.
1032 619 1340 670 Bencdmionem
1353 648 1366 661 .

435 708 518 758 lis,
549 719 596 749 ac
622 703 781 757 demtis
809 701 1168 759 supplicationibus
1199 698 1366 743 Dilec‘tae

447 766 489 814 in
508 761 667 809 Christo
683 762 790 813 Filia:
805 790 820 818 ,
837 760 997 806 Nobilis
1018 758 1221 807 Mulieris,
1241 760 1364 802 Annae

334 823 584 874 Catharinae,
597 817 881 870 Archiduciffae
898 819 1063 862 Austriae
1074 847 1088 873 ,
1104 818 1232 862 Nobis
1247 817 1363 872 super

337 883 416 926 hoc
434 882 641 925 humiliter
654 879 852 936 porterus
873 878 1090 928 inclinati,
1120 877 1240 929 Tibi,
1263 875 1362 932 qui,

335 951 382 984 ut
406 942 636 998 accepimus
662 967 676 990 ‚
713 938 796 994 ejus
823 935 1092 985 Conseisarius
1124 935 1255 978 existis
1273 962 1286 986 ,
1319 942 1362 975 ut

334 998 390 1050 de
418 1000 499 1051 Tui
530 997 699 1049 Ministri
726 996 947 1044 Generalis
976 995 1172 1046 licentia,
1203 995 1244 1035 &
1267 1005 1362 1034 con-

334 1056 448 1101 sensu
478 1058 516 1100 in
548 1057 670 1100 certis
686 1055 835 1099 cafibus
859 1085 873 1108 ‚
898 1057 938 1097 &
963 1054 1054 1098 anni
1083 1051 1364 1108 temporibus,

335 1117 480 1174 quibus
494 1116 597 1158 dista
613 1118 727 1157 Anna
747 1115 984 1164 Camarina,
999 1109 1288 1160 Archiduciffa,
1302 1111 1365 1150 Te

340 1176 393 1219 ad
424 1174 710 1219 consulendum
742 1172 851 1215 illius
879 1170 1131 1214 conscientiae
1162 1169 1364 1212 securitati

336 1233 513 1284 vicinum
532 1234 682 1277 habere
696 1231 981 1281 voluerit,curn
996 1229 1130 1272 altero
1143 1229 1251 1271 socio
1266 1225 1365 1283 ejus.

336 1293 431 1335 dem
445 1292 608 1334 Ordinis
631 1291 672 1332 in
702 1289 851 1332 aedibus
874 1287 1051 1343 ejusdem
1071 1290 1194 1330 Annae
1208 1286 1364 1330 Catha-

335 1352 430 1394 rinae
449 1346 728 1393 Archiduciffae
751 1347 865 1390 licite
882 1375 896 1398 ‚
928 1362 973 1390 ac
1005 1357 1092 1389 tuta
1117 1344 1360 1391 couscientia

333 1410 492 1463 degere
516 1435 531 1458 ,
571 1410 611 1450 St
639 1406 790 1450 morari
819 1405 887 1448 diu
913 1434 927 1457 ,
966 1408 1167 1461 noctuque
1195 1404 1330 1447 valeas
1348 1430 1363 1454 ,

332 1468 589 1512 Au&oritate
607 1464 840 1522 Apostolica
855 1493 869 1517 ,
899 1474 1045 1507 tenore
1074 1461 1364 1519 praesentium-a

335 1526 599 1569 concedimus
612 1554 626 1578 ‚
649 1526 686 1566 &
703 1522 986 1579 indulgemus:
1002 1521 1284 1565 Admonentes
1299 1523 1361 1563 Te

335 1585 596 1628 nihilominus
612 1611 626 1635 ,
652 1584 692 1625 &
710 1581 858 1625 socium
876 1591 990 1626 tuum
1003 1609 1017 1631 ,
1048 1590 1093 1624 ut
1108 1580 1282 1624 districte
1298 1580 1359 1622 di-

334 1643 417 1687 vini
435 1642 571 1700 judieii
602 1653 804 1683 memores
820 1640 887 1692 ‚in
910 1640 1075 1686 seculari
1101 1638 1225 1682 domo
1251 1652 1364 1680 com-

338 1710 543 1746 morantes
558 1730 575 1752 ,
591 1699 786 1756 regularis
821 1699 915 1743 vitae
937 1727 950 1749 ‚
979 1701 1018 1741 δι
1033 1697 1281 1754 profeffionis
1307 1697 1366 1739 le-

338 1760 453 1817 gibus
472 1761 556 1801 Vos
582 1760 622 1800 in
651 1757 815 1813 reliquis
846 1757 1054 1800 adstrictos
1079 1756 1158 1799 effe
1184 1758 1366 1809 cogitan-

337 1820 420 1869 do,
454 1818 561 1869 vita,
585 1818 625 1859 δι’,
654 1815 843 1869 exemplo
868 1817 1053 1858 omnibus
1081 1814 1171 1856 aliis
1193 1813 1365 1857 aedlfica-

337 1875 437 1919 tioni
464 1877 565 1917 fitis.
598 1878 693 1918 Non
710 1873 956 1916 obstantibus
972 1871 1367 1924 Constitutionibus,

338 1937 378 1978 &
403 1934 734 1976 ordinationibus
752 1932 994 1987 Apostoli-cis
1011 1959 1026 1981 ι,
1051 1945 1096 1973 ac
1125 1932 1218 1974 disti
1241 1929 1366 1973 Ordi-

336 1994 399 2038 nis
417 1994 505 2042 tui,
534 1993 657 2034 etiam
672 1995 748 2034 &c-
777 1992 979 2033 roboratis
1005 1991 1187 2042 statutis,
1217 1991 1255 2031 &
1271 2003 1364 2030 con-

336 2050 612 2095 suetudinibus
625 2080 638 2102 ,
653 2048 885 2105 caeterisque
900 2048 1113 2091 contrariis
1128 2045 1364 2104 quibuscun-

334 2124 415 2167 que
432 2137 443 2148 -
477 2110 624 2152 Datum
651 2111 790 2150 Romae
811 2107 917 2162 apud
949 2111 990 2150 S.
1006 2108 1172 2150 Petrum
1197 2102 1265 2150 sub
1282 2110 1364 2150 An-

335 2169 433 2211 nulo
465 2167 676 2211 Piscator-is
707 2197 721 2218 ,
757 2166 835 2208 Die
868 2179 926 2208 ιι.
947 2166 1111 2222 Januari
1138 2179 1362 2210 Μοενιιι.

333 2226 601 2271 Pontificatus
618 2225 753 2269 Nostri
781 2227 904 2267 Anno
930 2226 1083 2268 tertio.

334 2305 397 2346 Ex
428 2305 526 2358 Reg.
555 2306 698 2345 Secret.
728 2305 844 2345 Brev.
866 2302 995 2361 qust.
1020 2303 1140 2363 mens:
1153 2330 1168 2353 ,
1188 2300 1243 2352 (ξ’
1269 2302 1366 2344 anm‘

443 2361 573 2416 pred.
593 2361 786 2420 f0l·3²3·

915 2457 1243 2474 ——ffl
1251 2457 1368 2471 ..-

334 2520 663 2573 Monasterium
679 2523 956 2572 Monialium
983 2522 1031 2571 iu
1056 2524 1256 2573 Civitate
1277 2524 1371 2572 Pla·

404 2594 582 2642 centina
613 2594 760 2661 erigi3
798 2611 870 2641 eas
901 2591 981 2642 sub
1014 2607 1231 2662 perpetua
1251 2595 1370 2643 clau-

402 2660 506 2711 sura
537 2698 555 2720 ,
605 2661 651 2712 ὅ(
674 2661 989 2726 jurisdictione
1033 2664 1270 2713 Ordinarii
1307 2665 1369 2711 vi-

404 2747 558 2782 ventes
575 2768 591 2791 ,
627 2730 652 2781 ἒι
690 2730 1078 2784 Confraternitate
1095 2770 1110 2792 ,
1138 2735 1186 2783 in
1213 2735 1369 2785 Eccle-

401 2801 464 2855 fia
520 2807 568 2855 S.
596 2804 758 2854 Mariae
798 2804 853 2855 de
884 2806 1143 2856 Turricella
1175 2804 1354 2856 ereffiia„

402 2871 672 2932 sustentari,
706 2876 758 2924 iis
784 2877 940 2927 omnia
963 2875 1154 2926 Ordinis
1181 2876 1363 2945 privile·

404 2947 482 3014 gia
507 2948 874 3005 communicari,
898 2965 950 2996 ac
965 2927 1361 3004 Confessarit⁰>s‚&

406 3017 678 3083 capellanos
706 3035 759 3066 ex
781 3017 960 3067 Ordine
989 3015 1211 3087 defignari
1227 3053 1243 3076 ,
1282 3019 1364 3068 Vi-

406 3088 531 3136 cerio
563 3088 780 3139 Generali
807 3087 981 3140 ibidem
1004 3090 1260 3141 committit
1278 3125 1292 3140 .

334 3217 729 3274 PAULUS
800 3218 1362 3276 EPISCOPUS

588 3349 737 3391 Servus
762 3349 982 3390 Servorum
1010 3348 1090 3392 Dei
1102 3378 1116 3393 .

334 3461 488 3503 Dilcft‘o
508 3463 628 3516 Filio,
639 3464 788 3509 Wcarto
810 3465 1043 3509 Venerabilis
1058 3464 1219 3510 Fratris
1231 3467 1366 3525 Nessri

367 3521 546 3579 Epifiopi
552 3524 766 3568 Placentini
782 3522 1308 3580 inspiritualibusGmcrali
1320 3555 1335 3581 ,

415 3579 921 3644 filietem,&Apostolicam
935 3584 1237 3628 Benedimonem
1248 3615 1260 3628 .

334 3699 451 3815 D
470 3700 631 3744 Ebitum
655 3702 867 3747 Pastonlis
897 3704 1032 3747 Officii
1061 3703 1190 3746 Nobis
1217 3718 1268 3747 ex
1297 3704 1357 3747 al-

484 3770 527 3824 to
543 3762 729 3804 commisti
746 3759 931 3820 requirit,
949 3766 1082 3808 &Nos
1097 3762 1146 3805 ad
1163 3761 1203 3806 id
1220 3777 1357 3819 prom·

332 3828 422 3871 pios
441 3828 621 3871 excitat,
646 3830 690 3863 ut
718 3821 768 3864 ad
795 3836 872 3876 ea,
902 3837 973 3881 per
997 3836 1079 3883 quae
1107 3822 1355 3880 prudentes,

1127 237 1656 329 Provincia

1415 356 1456 396 δι
1475 353 1559 396 aliae
1586 349 1754 395 honestae
1774 351 1999 398 Mulieres,
2032 350 2102 394 sub
2132 348 2238 394 suavi
2265 352 2457 409 Religio-

1419 413 1479 455 nis
1505 411 1629 468 jugo,
1658 411 1698 454 ὅτ.
1719 408 1863 458 ‚debita
1888 409 2073 456 clausura
2097 410 2303 453 Altiffimo
2325 410 2458 457 famu-

1427 469 1501 512 lari
1526 499 1540 522 ,
1577 469 1715 525 suique
1739 468 1854 512 sexus
1880 467 2146 523 fragilitatem
2175 469 2353 523 effugere
2386 483 2460 511 va-

1416 528 1538 578 leant
1562 557 1576 579 ,
1614 542 1661 573 ac
1686 527 1834 576 exinde
1858 528 1980 569 flores
2010 527 2204 580 honoris,
2247 529 2287 569 &
2311 527 2458 570 sruc'tus

1427 587 1642 634 honestatis
1657 614 1670 637 ,
1693 585 1981 642 Regularisque
2000 586 2090 628 vitae
2107 588 2347 642 propagatio
2364 601 2458 642 pro·

1428 647 1621 696 veniant,
1648 644 1826 686 libenter
1851 643 2136 696 intendamus,
2167 659 2213 687 ac
2242 646 2281 687 in
2308 646 2368 687 his
2384 644 2458 687 Of-

1426 704 1504 747 ficii
1521 703 1639 745 nostri
1667 712 1800 758 partes
1826 701 2005 744 libenter
2022 703 2350 758 interponamus,
2366 716 2457 760 pro·-

1426 774 1468 806 ut
1494 775 1631 806 rerum
1645 787 1660 811 ,
1681 774 1730 804 ac
1748 771 2004 815 temporum,
2025 761 2263 808 &locorum
2279 763 2456 810 circum-

1426 820 1577 864 stantiis
1591 819 1730 861 debite
1749 817 1920 875 pensatis
1934 818 2228 875 ,conspicimus
2251 822 2291 863 in
2312 821 2458 863 Domi-

1425 894 1477 923 no
1516 878 1732 923 salubriter
1759 877 1978 933 expedire,
2015 878 2119 920 Sane
2148 894 2222 935 pro
2248 891 2366 935 parte
2391 879 2456 922 di-

1423 940 1622 982 lectorum
1651 937 1848 979 Filiorum
1873 937 2187 979 Communitatis
2215 966 2229 988 ,
2255 939 2295 979 &
2315 933 2457 980 'homi-

1420 1011 1518 1042 num
1532 996 1724 1041 Civitatis
1747 993 1962 1042 Placentiae
1986 995 2209 1041 Provinciae
2224 998 2456 1040 Bononien-

1426 1056 1471 1099 fis
1485 1084 1499 1107 ,
1521 1055 1653 1098 Nobis
1679 1067 1806 1109 nuper
1828 1052 2009 1095 exhibita
2028 1054 2175 1108 petitio
2190 1055 2454 1105 continebat,

1425 1113 1563 1171 quod,
1589 1126 1682 1155 cum
1699 1113 1736 1154 in
1761 1110 1866 1159 dista
1894 1111 2104 1163 Civitate,
2129 1125 2217 1172 quae
2244 1110 2338 1155 fitfis
2366 1127 2452 1155 am-

1426 1170 1653 1229 plitudine,
1669 1169 1920 1213 Palatiorum
1934 1197 1948 1221 ,
1971 1171 2009 1213 &
2032 1171 2175 1213 aed-ium
2191 1170 2457 1226 magnificen-

1426 1233 1508 1282 tia,
1534 1229 1639 1273 aeris
1666 1228 1932 1278 salubritate,
1960 1241 2152 1280 annonae,
2177 1230 2220 1272 ὅτ.
2246 1228 2458 1273 aliarum-‚2

1423 1303 1562 1334 rerum
1590 1288 1640 1333 ad
1672 1289 1852 1333 humanae
1885 1287 1973 1328 vitae
2000 1286 2110 1333 usum
2141 1286 2457 1334 necessariarum

1421 1348 1593 1404 copia,&
1610 1347 1889 1396 commerciis,
1906 1346 2131 1390 Procerum
2146 1347 2456 1403 quoque,Equi.-

1424 1419 1541 1457 tum,
1571 1405 1809 1456 Nobilium,
1840 1418 1886 1449 ac
1912 1404 2086 1446 aliorum
2115 1407 2258 1460 opibus
2283 1434 2295 1458 ,
2326 1407 2367 1447 &
2389 1404 2455 1447 di·-

1427 1467 1534 1511 vitiis
1567 1464 1774 1513 affluentia
1798 1491 1811 1514 ,
1830 1463 2025 1506 Virorum
2053 1461 2280 1520 frequentia
2295 1491 2309 1514 ,
2327 1477 2457 1520 popu-

1421 1527 1530 1581 lique
1551 1522 1843 1574 multitudine,
1865 1536 1910 1566 ac
1927 1521 2133 1566 Nundinis
2158 1533 2244 1572 ter,
2270 1534 2338 1564 aut
2353 1536 2456 1577 qua-

1421 1596 1487 1628 ter
1518 1582 1675 1636 smgulis
1705 1582 1816 1623 annis
1837 1580 2011 1623 maximo
2035 1595 2127 1622 cum
2154 1579 2242 1624 fere
2269 1581 2455 1625 omnium

1427 1646 1598 1696 Europae
1633 1641 1858 1684 Nationum
1895 1642 2178 1686 Mercatorum
2220 1639 2458 1683 interventu

1425 1702 1514 1744 fieri
1542 1697 1666 1742 solitis
1683 1729 1695 1750 ,
1725 1700 1832 1740 inter
1860 1698 1957 1740 alias
1973 1698 2120 1741 Galliae
2135 1696 2363 1753 Cysalpinae
2378 1698 2457 1739 Ci-

1428 1760 1573 1802 vitates
1600 1757 1867 1804 celeberrima
1895 1757 2054 1805 existit,
2078 1757 2233 1799 nullum
2251 1755 2458 1799 Monaste·

1427 1820 1533 1862 rium
1554 1816 1791 1859 Monialium
1807 1816 2109 1870 capucinarum
2133 1827 2453 1872 nuncupatarum

1427 1875 1593 1920 Ordinis
1610 1878 1648 1918 S.
1665 1873 1893 1925 francisci,
1925 1876 1964 1915 in
1991 1889 2072 1933 quo
2098 1873 2278 1932 ejusdem
2296 1873 2458 1917 Civita-

1428 1936 1479 1978 tis
1509 1935 1700 1990 Virgines
1717 1961 1730 1984 ,
1762 1935 1800 1979 &
1830 1931 1971 1987 puellae
1990 1936 2078 1975 Deo
2091 1935 2258 1989 Optimo
2273 1934 2455 1976 Maximo

1427 1996 1466 2037 iu
1496 1993 1723 2036 humilitate
1747 1988 1908 2047 spiritus
1925 2021 1938 2043 ,
1969 1993 2009 2033 δι
2033 1993 2214 2035 candore
2231 1993 2454 2047 Virginita-

1426 2054 1474 2095 tis
1499 2053 1568 2094 sub
1596 2050 1699 2094 suavi
1741 2049 1968 2105 Religionis
1993 2050 2092 2107 jugo
2115 2050 2292 2094 famulari
2317 2053 2455 2092 inten-

1425 2112 1570 2155 dentes
1586 2112 1721 2154 vivere
1733 2136 1747 2158 s
1769 2109 1950 2164 inibique
1968 2119 2211 2168 perpetuam
2227 2108 2456 2152 clausuram

1424 2170 1586 2214 servare
1599 2168 1768 2226 possint,
1799 2166 2063 2221 infflustum,
2095 2168 2159 2214 seu
2190 2167 2454 2212 institutum-2

1424 2229 1650 2286 reperiatur
1662 2257 1673 2270 .
1705 2227 1808 2269 Dieti
1824 2229 1926 2271 vero
1935 2229 2216 2271 Communitas
2231 2255 2244 2279 ,
2257 2228 2296 2268 &
2311 2227 2457 2268 Homi-

1424 2303 1494 2334 nes
1509 2302 1582 2344 pro
1609 2301 1657 2329 ea
1673 2315 1687 2339 ,
1713 2299 1789 2342 qua
1806 2283 1896 2327 sunt
1911 2287 2089 2342 ,pietate
2104 2315 2119 2338 ,
2149 2289 2187 2328 &
2214 2299 2311 2342 erga
2329 2284 2456 2326 Ordi-

1427 2362 1521 2392 nem
1536 2344 1661 2402 ipsum
1688 2342 1952 2401 propenfione
1967 2373 1983 2398 ,
2002 2359 2124 2390 unum
2137 2345 2426 2390 Monasterium
2439 2370 2455 2394 ,

1427 2410 1495 2452 seu
1528 2409 1703 2448 Domum
1721 2399 1968 2458 Regularem
1998 2403 2178 2460 ejusdem
2192 2402 2361 2445 Ordinis
2385 2415 2459 2444 eo-

1430 2480 1517 2510 rum
1538 2464 1694 2519 sumptu
1709 2492 1724 2513 ‚
1755 2464 1795 2504 &
1815 2463 1999 2517 impensis
2020 2463 2190 2506 construi
2206 2460 2342 2504 facete
2357 2475 2457 2517 pro·

1432 2524 1632 2582 posuerint
1661 2549 1676 2568 ,
1709 2523 1749 2563 δι
1774 2519 1912 2564 forsan
1930 2521 2009 2577 jam
2049 2522 2345 2566 construxerint
2368 2549 2379 2560 .
2410 2518 2454 2562 Si

1430 2585 1555 2640 igitur
1579 2583 1619 2623 in
1646 2580 1750 2623 dieta
1764 2581 1978 2632 Civitate,
2007 2582 2046 2622 &
2073 2581 2167 2625 loco
2191 2579 2387 2628 decenti,
2412 2578 2454 2618 δε

1429 2651 1664 2699 opportuno
1698 2653 1825 2683 unum
1856 2638 2141 2682 Monasterium
2175 2638 2409 2680 Monialium
2438 2664 2453 2687 ,

1428 2704 1498 2750 seu
1528 2704 1683 2743 Domus
1701 2698 1919 2757 Regularis
1935 2698 2099 2741 Ordinis
2123 2695 2347 2754 hujusmodi
2375 2709 2452 2750 pro

1430 2760 1635 2816 perpetuis
1664 2758 1758 2810 niu,
1788 2761 1827 2800 &
1858 2757 2108 2800 habitatione
2133 2756 2250 2799 unius
2267 2751 2455 2797 Abbatis-

1423 2820 1467 2863 sae
1483 2849 1497 2871 ,
1526 2820 1567 2861 δι
1591 2816 1821 2863 sufficientis
1836 2816 1992 2861 numeri
2012 2829 2095 2859 non
2111 2815 2273 2859 minoris
2289 2842 2304 2865 ‚
2330 2814 2452 2869 quam

1422 2877 1641 2923 duodecim
1672 2877 1839 2922 aliarum
1866 2875 2104 2919 Monialium
2134 2872 2311 2931 ejusdem
2328 2870 2454 2915 ordi·-

1422 2940 1479 2982 nis
1502 2951 1574 2994 per
1601 2939 1688 2980 Nos
1702 2963 1716 2985 ,
1747 2939 1785 2978 &
1801 2935 1951 2981 sedem
1972 2933 2247 2990 Apostolicam
2269 2932 2453 2988 erigere-

1422 3009 1490 3041 tur
1502 3027 1517 3048 ,
1543 2998 1583 3038 &
1597 3010 1643 3038 ea
1660 3026 1674 3048 ,
1701 3009 1785 3051 quae
1801 2994 2045 3050 sequuntur,
2059 2991 2205 3035 fierent
2220 3020 2234 3042 ,
2252 2993 2293 3033 &
2305 2990 2452 3036 decet-

1421 3066 1620 3101 nerentur
1635 3082 1650 3105 ,
1671 3053 1984 3110 proculdubie,
2007 3065 2086 3093 non
2108 3051 2232 3094 solum
2256 3045 2451 3106 spirituali

1423 3115 1642 3171 Virginum
1674 3113 1864 3170 praedictae
1890 3111 2089 3154 Civitatis
2111 3109 2355 3158 commodo,
2388 3106 2477 3148 di-⁴

1422 3176 1555 3230 Ctique
1573 3173 1742 3216 Ordinis
1757 3170 2064 3229 propagationi,
2081 3167 2149 3212 sed
2173 3168 2298 3211 etiam
2316 3164 2454 3208 Divini

1425 3231 1642 3285 Cultus,&
1654 3232 1814 3289 piorum
1825 3245 1995 3287 operum
2012 3229 2282 3276 incremento,
2293 3227 2334 3266 &
2349 3220 2454 3280 ejus-

1424 3293 1520 3339 dem
1542 3292 1737 3338 Civitatis
1763 3298 2005 3334 ornamento
2027 3285 2241 3344 plurimum
2267 3283 2455 3329 consule-

1423 3363 1538 3397 retur
1564 3382 1575 3394 .
1616 3354 1757 3410 Qare
1788 3364 1862 3407 pro
1889 3359 2006 3404 parte
2033 3342 2350 3390 communitatis
2366 3372 2381 3393 ,
2411 3345 2452 3385 δι

1423 3411 1648 3455 Hominum
1666 3410 1934 3467 pra-‚satorum
1961 3405 2087 3449 Nobis
2126 3401 2203 3446 fuit
2243 3402 2453 3445 humiliter

1424 3470 1692 3527 supplicatum
1710 3497 1726 3520 ,
1759 3477 1955 3525 quatenus
1981 3462 2218 3509 Monialium
2245 3460 2454 3515 pra-,dista-

1425 3543 1515 3574 rum
1542 3530 1613 3585 piae
1644 3530 1734 3571 vitae
1761 3526 1972 3576 institut0,
2002 3525 2041 3566 &
2070 3522 2204 3573 votis,
2231 3535 2276 3563 ac
2298 3520 2452 3566 alii-isin

1424 3586 1623 3645 praemiffis
1645 3585 1929 3632 favorabiliter
1950 3595 2159 3632 annuere,
2182 3594 2227 3623 ac
2242 3580 2284 3624 in
2301 3581 2362 3622 bis
2375 3580 2453 3623 de-

1417 3648 1534 3704 super
1558 3646 1791 3703 opportune
1820 3642 2075 3700 providere,
2109 3639 2163 3682 de
2192 3638 2452 3696 Benignitate

1418 3707 1651 3763 Apostolica
1674 3704 1935 3761 dignaremur
1950 3731 1962 3743 .
1994 3704 2082 3746 Nos
2103 3698 2226 3755 igitur
2244 3727 2260 3751 ,
2281 3699 2349 3755 qui
2366 3702 2453 3746 Re·

1417 3765 1651 3825 ligiosorum
1683 3764 1875 3809 locorum
1908 3759 2216 3819 quorumlibet,
2252 3759 2449 3808 illorum,

1414 3824 1634 3884 praesertim
1657 3852 1674 3876 ,
1699 3825 1766 3881 qui
1793 3822 1863 3880 piae
1887 3835 1962 3875 ,ec
1990 3818 2174 3865 salutaris
2190 3817 2447 3885 educationis

2327 3891 2389 3919 ln-
