2774 4068
311 320 317 327 η
393 220 552 310 152

135 1135 198 1167 lib.
222 1133 288 1171 Sup-
297 1129 327 1163 in

135 1177 203 1207 Lat·
223 1174 278 1204 rel·

536 364 578 407 D
638 360 676 406 Ε
737 359 778 404 C
839 357 878 401 R
939 353 974 398 E
1036 351 1073 396 T
1133 351 1173 393 Ο

427 482 560 536 Saerae
595 479 795 550 Congreg.
826 473 962 545 Epist.
982 507 999 534 ,

333 616 416 673 Ad
433 612 660 666 instantias
677 605 1042 664 Communitatis
1059 599 1374 658 Subluci,Ho-

403 687 589 756 spitium
627 687 674 734 S.
711 678 974 732 Bernardini
1015 684 1331 743 nuncupatum
1355 703 1372 728 ,

407 756 643 811 Fratribus
676 755 872 804 Romitae
896 745 1193 803 conceditur,
1221 740 1373 794 domi·

408 833 487 882 nio
519 823 716 893 ejusdem
741 827 789 875 S.
809 820 916 874 Sedi
945 817 1174 871 reservato
1194 850 1207 865 .

401 953 696 1015 Eminentt'fflmi
703 984 719 1007 ‚
735 964 780 996 ac
793 947 1102 1009 Reverendiffi‘mi
1118 941 1308 990 Domini.

461 1074 712 1120 Ommunitas
738 1068 905 1114 Subluci
930 1064 1152 1111 humillima
1177 1058 1373 1102 EE·VV.

349 1078 450 1197 C
480 1137 645 1177 Oratrix
673 1132 843 1186 exponit
870 1156 884 1177 ,
915 1125 1024 1183 quod
1050 1121 1154 1168 haud
1178 1116 1323 1175 procul
1353 1113 1376 1157 ἂ

345 1196 528 1253 praedic'ta
548 1194 676 1235 Terra
693 1198 807 1232 extra
823 1185 1089 1230 habitationes
1114 1183 1221 1223 intra
1235 1187 1374 1217 muros

345 1253 575 1310 reperiatur
591 1248 832 1304 Hospitium,
850 1250 891 1289 S.
907 1240 1146 1287 Bernardini
1171 1246 1376 1288 nuncupa-

346 1323 465 1363 tum,
496 1322 669 1366 cumque
688 1303 860 1350 successu
891 1301 1086 1358 temporis
1102 1306 1221 1342 certae
1252 1294 1374 1335 ruinae

350 1370 461 1414 foret
489 1366 707 1409 obnoxium
728 1393 743 1416 ‚
775 1363 911 1406 mense
939 1364 1051 1416 Sept.
1074 1356 1166 1401 anni
1181 1351 1312 1408 elapsi,
1331 1349 1370 1392 in

346 1428 512 1486 publico
531 1423 714 1471 Consilio
738 1421 842 1466 illud
859 1418 1078 1477 Capucinis
1103 1414 1374 1469 relinquere)

347 1486 541 1531 decrevit
573 1513 587 1537 ,
613 1493 814 1539 quatenus
858 1479 935 1523 illo
974 1485 1191 1521 uterentur
1235 1478 1379 1514 euntes

352 1544 657 1591 mendicatum,
690 1543 730 1583 δι
757 1553 833 1595 pro
852 1538 962 1581 omni
987 1537 1067 1580 alio
1094 1534 1185 1577 casu
1211 1556 1226 1579 ,
1271 1526 1382 1571 face-

355 1614 530 1660 rentque
546 1602 602 1643 ibi
619 1600 730 1643 Festa
745 1628 758 1651 ,
772 1597 932 1640 &illud
952 1594 972 1640 ἃ
988 1596 1104 1638 ruina
1117 1587 1379 1636 custodirent.

352 1668 494 1719 Qem
510 1661 547 1702 in
563 1657 684 1702 finem
701 1657 987 1702 Communitas
1010 1651 1193 1709 praedicta
1206 1673 1220 1696 ,
1251 1651 1380 1690 Saerae

354 1717 679 1776 Congregationi
695 1717 920 1773 Regiminis
944 1712 1128 1756 libellum
1158 1705 1383 1762 supplicem

356 1794 447 1823 cum
477 1776 665 1833 adjunsta
685 1775 854 1819 Decreti
881 1775 905 1817 ὸ,
927 1770 1121 1816 Concilio.
1148 1765 1239 1810 faeti
1267 1762 1385 1819 copia

355 1836 537 1895 porrexit
565 1865 579 1887 ,
609 1844 824 1877 autumans
859 1861 872 1884 ,
903 1832 1048 1874 dietam
1088 1821 1388 1880 Congregatio-

354 1910 448 1940 nem
463 1893 541 1938 effe
555 1905 794 1950 competens
808 1890 949 1936 dandae
965 1887 1159 1933 Licentiae
1174 1879 1389 1928 Tribunal,

356 1969 441 2012 quae
478 1953 631 2010 sumpta
659 1953 681 1995 ri
712 1953 1003 1997 Gubernatore
1034 1945 1154 1989 locali
1180 1973 1195 1994 ,
1228 1942 1269 1983 &
1306 1938 1393 1981 suc-

357 2011 504 2056 ceffive
528 2011 579 2053 ab
593 2010 848 2055 illustriffinio
866 2011 917 2051 D.
938 2004 1134 2063 Episcopo
1151 2004 1394 2044 Interamnae

359 2070 677 2119 informatione,
710 2071 750 2113 in
778 2067 993 2112 omnibus,
1024 2065 1062 2105 δι
1084 2075 1156 2117 per
1175 2057 1311 2102 omnia
1335 2052 1395 2096 fa-

358 2129 532 2173 vorabili
553 2157 567 2180 ‚
602 2125 900 2170 communitati
928 2121 1109 2167 Oratrici
1140 2120 1182 2161 in
1212 2117 1396 2160 ultima...-

359 2187 696 2244 Congregatione
720 2182 1048 2241 benignam,disti
1065 2176 1242 2235 Hospitii
1262 2172 1397 2216 usum-

360 2247 509 2292 fruchis
532 2248 615 2292 ΡΡ.
631 2245 848 2302 Capu'cinis
872 2241 997 2288 dandi
1019 2234 1236 2293 ,conceffit
1268 2234 1398 2276 licen-

360 2309 458 2351 tiam
480 2335 498 2359 ,
528 2305 749 2348 dummodo
787 2301 959 2358 desuper
984 2303 1007 2346 ὲ
1035 2294 1399 2343 Οοσιωιιηίῑαῑω

363 2366 624 2411 obtineretur
652 2363 737 2406 ΕΕ.
758 2364 851 2405 VV.
880 2358 1105 2403 Oraculum
1137 2386 1148 2397 .
1183 2354 1288 2398 Hinc
1316 2352 1399 2392 Ea-

363 2426 459 2469 dem
486 2424 535 2465 ad
567 2423 650 2465 EE·
668 2423 762 2463 VV.
797 2419 1039 2475 suppliciter
1061 2415 1269 2459 recurrit,
1302 2421 1400 2464 qua-

364 2494 482 2529 tenus
509 2477 734 2539 hujusmodi
763 2478 974 2525 licentiam
1004 2490 1078 2531 pro
1113 2469 1397 2516 Communiu-

367 2544 418 2586 tis
443 2549 671 2583 memoratae
699 2567 713 2590 ,
755 2538 795 2580 8(-
822 2539 902 2580 ΡΡ.
926 2533 1230 2592 Capucinorum
1262 2523 1404 2569 conso-

366 2601 522 2647 latione
556 2597 756 2654 impertiri
779 2595 1028 2650 dignentur.

482 2662 617 2719 Quam
644 2655 815 2714 gratiam
836 2654 913 2696 &m

432 2780 554 2820 Sacra
593 2774 852 2830 congregatio
890 2765 1277 2824 Eminenttffmorum
1301 2789 1317 2814 ,
1359 2761 1407 2810 ὅ

372 2831 779 2891 Reverendt'fflmorum
804 2834 843 2872 S.
863 2831 910 2872 R.
930 2833 975 2871 Ε.
1005 2826 1276 2871 Cardinalium
1292 2835 1408 2876 nego-

372 2899 440 2938 tiis
465 2895 518 2947 ὠν
540 2889 886 2949 consultationibus
912 2887 1038 2944 Epss.
1066 2887 1112 2934 (9'
1139 2883 1276 2939 Regul.
1296 2891 1410 2936 pra·-

366 2954 494 3011 posita
521 2982 534 3004 ‚
576 2960 731 2995 attenta
763 2951 953 2992 relatione
988 2949 1028 2988 P.
1054 2947 1160 2987 Proc.
1190 2941 1408 2987 Generalis,

372 3011 533 3069 benigne
563 3009 751 3063 commisit
775 3007 956 3066 Episcopo
995 2998 1283 3058 Interamnensi
1309 3025 1324 3048 ,
1363 3006 1410 3039 ut

366 3076 474 3123 ,veris
495 3069 745 3126 existentibus
758 3070 938 3109 narratis
945 3060 1168 3122 pra-fatum
1185 3058 1409 3117 Hospitium

375 3130 560 3174 Patribus
584 3125 792 3182 Capuct'nis
815 3124 994 3167 concedat
1022 3151 1037 3175 ,
1069 3119 1129 3164 ita
1161 3129 1292 3162 tamen
1318 3146 1333 3168 ‚
1363 3124 1410 3157 ut

377 3189 483 3232 illius
515 3187 742 3233 Dominium
785 3198 860 3227 non
884 3183 1021 3228 eisdem
1052 3176 1264 3226 Fratribus
1290 3203 1304 3226 ,
1331 3174 1414 3229 fid

379 3247 531 3291 sanila
549 3246 637 3291 sedi
660 3244 903 3298 restruatum
936 3241 1186 3296 intelligatur
1200 3263 1214 3287 ,
1234 3234 1415 3293 sormam

368 3306 558 3363 stmpltcis
587 3303 757 3360 Hospitii
788 3315 862 3345 non
886 3301 1072 3350 excedat,
1104 3297 1151 3347 (5
1179 3298 1222 3337 in
1249 3294 1414 3348 reliquis

381 3371 507 3406 omnia
544 3366 574 3407 ἅ
606 3358 954 3421 constitutionibus
983 3358 1144 3401 Ordinis
1177 3352 1415 3411 praeslrlpta

382 3424 788 3482 Religiosesbrventur
803 3451 815 3463 .
850 3421 980 3463 Romae
994 3430 1062 3473 24.
1082 3415 1212 3475 April.
1237 3425 1358 3469 ¹733·

722 3540 844 3585 Card.
861 3540 1007 3583 Franc.
1033 3533 1269 3579 Barberiuus
1286 3558 1298 3573 .

770 3661 803 3703 1.
836 3655 1016 3712 Archiep.
1044 3655 1197 3697 corint.
1217 3653 1362 3693 Secret.
1388 3646 1396 3654 “

448 3779 599 3831 Exemp-
609 3775 733 3820 Auth.
749 3775 914 3819 inAreh.
928 3778 1144 3819 Conventus
1161 3774 1396 3816 Interamna·
1411 3793 1421 3807 .

1090 172 1625 263 Provincia

1635 343 1697 387 D„
1735 335 1785 384 Ε
1814 339 1872 382 'C
1930 339 1972 381 R
2032 337 2069 380 E
2131 333 2169 378 T
2227 335 2268 378 Ο

1513 475 1515 478 ’
1570 461 1769 533 'Ejsfilem
1805 458 1938 509 Sacrae
1962 455 2327 524 Congregationis.

1435 594 1568 652 Idem
1589 590 1863 660 Hospitium
1891 585 1918 637 a
1938 583 2251 653 jurisdistione
2269 580 2465 635 Ordina-

1503 670 1561 720 rii
1592 663 1808 716 eximitur
1823 695 1836 710 .

1576 788 1786 839 Ntequam
1807 780 1888 822 hoc
1909 777 2207 820 decerneretur
2220 803 2236 827 ,
2258 774 2335 819 fuit
2356 773 2378 815 ἐ
2394 775 2470 816 Sa-'

1589 857 1656 886 cra
1670 839 2008 896 Congregatione
2031 835 2254 891 expetitum
2267 831 2470 877 Illustriss.

1434 909 1487 950 D.
1503 901 1709 946 Ordinarii
1726 909 1869 942 votum
1882 926 1898 950 ,
1929 893 2039 953 quod
2056 893 2197 938 datum
2216 889 2294 944 fuit
2311 891 2379 940 sub
2404 901 2470 934 te-

1434 977 1534 1010 nore
1566 958 1774 1016 sequenti:

1480 1072 1773 1137 Eminentffmi
1787 1104 1802 1129 ,
1831 1086 1877 1118 ac
1903 1070 2213 1132 Reverendlfflmi
2240 1067 2429 1112 Domini.

1553 1198 1620 1241 Ad
1634 1191 1899 1252 expositionem
1925 1197 1965 1237 Ρ.
1983 1190 2237 1236 Provinclalls
2255 1186 2475 1242 Capuclno·

1435 1271 1526 1302 ram
1540 1257 1583 1299 in
1600 1255 1748 1300 Libello
1747 1254 1927 1312 supplici
1941 1282 1957 1305 ,
1976 1255 2058 1296 EE.
2083 1253 2160 1296 VV-
2180 1246 2360 1305 porreb't'o
2375 1275 2390 1296 ,
2422 1243 2475 1297 &f

1436 1319 1491 1360 ad
1503 1330 1560 1359 me
1574 1313 1725 1373 remtstb
1734 1322 1810 1368 pro
1822 1309 2102 1370 informatione
2115 1337 2130 1360 ,
2160 1308 2265 1364 quod
2276 1308 2305 1348 d
2325 1308 2363 1346 ,ς-
2382 1305 2476 1346 Con.

1430 1374 1661 1433 gregatione
1683 1371 1866 1417 habuerit
1886 1368 2073 1428 offensum
2095 1363 2319 1423 acceptandi
2338 1360 2476 1417 Hospi-

1438 1436 1541 1479 tium
1576 1447 1662 1476 cum
1696 1430 1863 1487 Ecclesia
1890 1441 2042 1471 annexa
2071 1426 2183 1469 intra
2209 1433 2362 1468 terram
2377 1420 2481 1467 Sub-,-r

1440 1496 1521 1538 luci
1542 1522 1558 1544 ,
1570 1492 1748 1550 fhppono
1763 1519 1778 1542 ,
1817 1487 1923 1544 quod
1955 1489 2036 1531 ΕΕ.
2061 1488 2132 1531 W.
2159 1486 2327 1539 legerint
2346 1478 2481 1539 insorss-

1442 1550 1652 1596 mationem
1666 1578 1680 1601 ,
1696 1549 1725 1590 ἅ
1735 1562 1791 1591 me
1805 1552 1844 1589 5.
1854 1545 2156 1603 congregationi
2169 1538 2383 1597 Regimlnis
2397 1536 2479 1580 cir-

1441 1625 1484 1654 ca
1513 1610 1706 1654 Libellum
1714 1607 1961 1664 fhpplicem,
1991 1618 2064 1659 quo
2085 1603 2351 1646 Communitas
2372 1597 2401 1638 ἅ
2421 1596 2485 1638 di-

1443 1670 1506 1713 Ha
1523 1665 1831 1724 congregatione
1847 1662 2048 1721 aſjenfiaem,
2059 1660 2170 1703 citetis
2187 1656 2366 1702 Patribus
2376 1664 2484 1711 prae·-

1434 1727 1578 1789 fatum
1607 1726 1932 1783 Hospitium,eeu
1953 1720 2159 1778 jussuum
2187 1714 2485 1772 honorificurmj

1447 1785 1668 1830 concedendi
1686 1786 1809 1838 petiit
1823 1810 1838 1832 ,
1863 1781 1997 1822 datam
2011 1809 2022 1820 .
2056 1778 2146 1821 Inde
2166 1777 2233 1826 id,
2258 1774 2363 1830 quod
2381 1777 2421 1813 in
2439 1783 2486 1812 ea

1439 1844 1533 1906 fuit
1546 1841 1756 1900 expositum
1770 1871 1786 1892 ‚
1801 1849 1975 1895 repetere
1996 1839 2080 1880 nolo
2095 1866 2109 1889 ,
2132 1834 2206 1891 fid
2219 1838 2274 1876 ad
2293 1833 2336 1875 id
2348 1830 2484 1888 soldm

1452 1919 1511 1949 me
1548 1900 1740 1959 restringo
1781 1899 1885 1954 qaod
1916 1897 2141 1955 efflagitant
2161 1925 2178 1947 ,
2208 1893 2414 1937 videlicet,
2441 1896 2492 1948 ¹¹?

1455 1967 1537 2008 EE.
1561 1963 1632 2006 W.
1663 1964 1832 2003 Decreta
1857 1957 2134 2015 adjungatur,
2161 1952 2266 2008 quod
2289 1948 2394 1992 dieta
2417 1950 2491 1990 Ec-

1455 2021 1566 2079 clesia
1579 2034 1665 2064 cum
1683 2018 1859 2074 Hospitio
1885 2018 1915 2057 ἅ
1934 2015 2158 2073 Vtsttatione
2172 2006 2381 2055 ordinarit
2406 2018 2492 2048 ma-

1454 2090 1549 2126 neat
1564 2087 1741 2134 exempta
1761 2106 1772 2118 .
1794 2075 1859 2120 Ad
1871 2075 1975 2132 quod
1983 2104 1999 2125 ‚
2012 2073 2060 2129 si
2077 2070 2193 2115 aliud
2200 2080 2352 2128 praeter
2365 2070 2496 2109 meum*

1457 2139 1643 2199 affinfum
1662 2151 1736 2179 non
1752 2138 2004 2190 reqm‘ratur,
2019 2133 2120 2174 hunc
2136 2130 2304 2173 libenter
2305 2124 2464 2182 praebeo
2476 2151 2493 2175 ,

1458 2198 1653 2254 refleh‘t'ens
1670 2224 1682 2247 ‚
1711 2194 1815 2249 quod
1843 2190 2005 2246 Ecclest'a
2034 2192 2063 2231 d
2083 2190 2193 2232 diffis
2218 2184 2396 2229 Patribus
2408 2195 2495 2226 cum

1460 2259 1589 2301 decore
1604 2254 1665 2312 sit
1679 2250 1922 2314 custodienda
1936 2279 1950 2301 ‚
1973 2262 2039 2290 nec
2065 2253 2125 2291 ita
2141 2245 2271 2305 facile
2288 2243 2495 2301 lapsura-³

1461 2318 1516 2360 ad
1538 2314 1696 2358 ruinam
1711 2340 1725 2362 ,
1752 2318 1874 2368 prout
1894 2309 2096 2352 laberetur
2112 2334 2127 2357 ,
2148 2305 2197 2361 si
2217 2303 2243 2345 ἃ
2271 2298 2496 2347 Communi-

1459 2378 1556 2419 tatis
1572 2373 1674 2418 card
1690 2370 1942 2425 dependeret:
1964 2366 2080 2423 foret
2100 2369 2203 2421 enim
2212 2362 2295 2421 sub
2317 2359 2393 2404 tali
2418 2358 2498 2419 asy-

1458 2437 1517 2478 lus
1544 2432 1644 2475 male
1680 2435 1896 2470 viventium
1912 2457 1927 2478 ‚
1959 2427 2007 2474 ἐς
2040 2427 2214 2467 aliarum
2242 2421 2496 2479 Personarum

1463 2488 1742 2546 miserabilium
1756 2515 1768 2528 .
1803 2489 1975 2541 Requiro
1997 2493 2129 2526 tamen
2144 2510 2159 2533 ,
2189 2488 2235 2523 ut
2247 2479 2330 2536 fiat
2351 2477 2499 2535 ingres:

1451 2552 1551 2611 sus.
1566 2578 1576 2590 .
1593 2578 1604 2588 .
1620 2577 1631 2589 .
1662 2559 1709 2587 ne
1735 2545 1870 2588 debeat
1895 2541 2063 2597 transtri
2096 2549 2170 2596 per
2197 2536 2426 2594 Ecclesiam,
2452 2536 2500 2583 15·

1466 2621 1512 2655 ut
1525 2607 1758 2651 exhibeatur
1769 2605 1812 2646 in
1827 2602 2071 2647 Cancellaria
2087 2599 2355 2642 Inventart‘um
2368 2606 2501 2636 rerum

1467 2670 1656 2711 illarum,
1685 2675 1771 2718 quae
1796 2660 1854 2704 ibi
1865 2663 2142 2718 reperiuntur.
2176 2660 2228 2700 Et
2241 2667 2326 2698 cum
2331 2651 2504 2712 profun-

1469 2724 1613 2787 dffma
1639 2719 1885 2767 reverentia.

1648 2841 1860 2887 Theodorus
1892 2839 2095 2894 Pungellus
2113 2833 2237 2893 δρψ.
2256 2838 2447 2879 Interam.
2492 2814 2495 2817 Α

1529 2965 1702 3007 Attenta
1732 2957 1969 3004 conditione
1990 2952 2163 2999 faciendi
2202 2949 2398 3008 ingressus
2414 2978 2429 3000 ‚
2454 2948 2503 2990 ab

1470 3021 1736 3067 Illustrissimo
1767 3022 1820 3061 D.
1846 3015 2070 3059 Ordinatio
2098 3010 2313 3068 requifita,
2344 3008 2390 3052 1³4
2405 3009 2507 3053 Pro·

1473 3081 1656 3126 vincialis
1671 3080 1725 3122 de
1748 3078 1865 3134 hujus
1882 3074 2125 3119 executione
2143 3075 2304 3115 Sacram
2320 3070 2508 3121 Congre-

1472 3143 1677 3200 gationem
1694 3136 1874 3183 reddidit
1891 3129 2328 3186 certiorem,sequente
2345 3123 2506 3171 Libello

1477 3199 1643 3261 supplici
1658 3227 1670 3243 .

1533 3313 1828 3375 Εηιὶηεηῑίβίηή
1841 3343 1856 3368 ,
1879 3326 1925 3357 ac
1943 3302 2249 3366 Reverendifflmi
2263 3301 2450 3349 Domini.

1595 3401 1850 3449 Provincialis
1896 3402 2182 3456 Capuelnorum
2226 3390 2398 3436 Umbria
2433 3394 2462 3433 Ε
2469 3391 2509 3431 Ε.

1484 3470 1557 3514 Vr.
1571 3463 1786 3509 humillime
1798 3465 1981 3518 exponit,
2005 3455 2111 3513 quod
2119 3483 2132 3506 ,
2134 3452 2344 3510 postquam
2370 3449 2459 3507 ipsis
2485 3447 2514 3486 d

1479 3527 1766 3571 communitate
1788 3516 1949 3566 Sabluci
1974 3514 2063 3574 ustas
2093 3512 2266 3571 Hospitis·
2298 3511 2340 3554 in
2364 3510 2510 3551 vicinia

1481 3588 1589 3629 illius
1620 3587 1752 3627 Terrae
1766 3575 1917 3633 situati
1931 3603 1947 3628 ,
1977 3572 2177 3616 accedente
2189 3574 2311 3614 ctiam
2333 3573 2415 3614 ΕΕ-
2439 3566 2510 3612 VV-

1482 3645 1743 3700 beneplacito,
1762 3631 2055 3694 &permsffone
2079 3630 2106 3688 ,(
2121 3634 2182 3673 uti
2198 3645 2242 3672 ex
2263 3634 2427 3673 Decreto
2440 3637 2510 3683 24.

1484 3705 1637 3759 Aprilis
1661 3700 1755 3742 anm·
1778 3696 1970 3739 currentis
1989 3704 2108 3746 1733.
2139 3699 2316 3734 emanato
2332 3683 2513 3745 constat)

1470 3763 1567 3825 fuit
1602 3757 1785 3818 conccffss
1816 3784 1830 3809 ,
1871 3754 1919 3803 θ’
1958 3749 2009 3794 ab
2049 3753 2217 3794 Oratore
2244 3748 2512 3809 supplicatum

2415 3811 2461 3844 ut
