<?xml version="1.0" encoding="UTF-8"?>
<!DOCTYPE html PUBLIC "-//W3C//DTD XHTML 1.0 Transitional//EN"
    "http://www.w3.org/TR/xhtml1/DTD/xhtml1-transitional.dtd">
<html xmlns="http://www.w3.org/1999/xhtml" xml:lang="en" lang="en">
 <head>
  <title>
</title>
<meta http-equiv="Content-Type" content="text/html;charset=utf-8" />
  <meta name='ocr-system' content='tesseract 3.04.00' />
  <meta name='ocr-capabilities' content='ocr_page ocr_carea ocr_par ocr_line ocrx_word'/>
</head>
<body>
  <div class='ocr_page' id='page_1' title='image "./bullariumordinis02cath_0234.png"; bbox 0 0 2774 4068; ppageno 0'>
   <div class='ocr_carea' id='block_1_1' title="bbox 436 221 1760 444">
    <p class='ocr_par' dir='ltr' id='par_1_1' title="bbox 436 221 1760 444">
     <span class='ocr_line' id='line_1_1' title="bbox 436 221 1760 343; baseline -0.002 -25"><span class='ocrx_word' id='word_1_1' title='bbox 436 221 600 343; x_wconf 70' lang='lat'>1⁷64</span> <span class='ocrx_word' id='word_1_2' title='bbox 1189 224 1760 317; x_wconf 75' lang='lat' dir='ltr'>Provincia.</span> 
     </span>
     <span class='ocr_line' id='line_1_2' title="bbox 1194 392 1652 444; baseline -0.007 -10"><span class='ocrx_word' id='word_1_3' title='bbox 1194 394 1276 434; x_wconf 67' lang='lat' dir='ltr'>‘Dte</span> <span class='ocrx_word' id='word_1_4' title='bbox 1302 405 1337 442; x_wconf 82' lang='lat'>3.</span> <span class='ocrx_word' id='word_1_5' title='bbox 1356 392 1514 432; x_wconf 62' lang='lat' dir='ltr'>octobres</span> <span class='ocrx_word' id='word_1_6' title='bbox 1552 403 1652 444; x_wconf 82' lang='lat'>1737·</span> 
     </span>
    </p>
   </div>
   <div class='ocr_carea' id='block_1_2' title="bbox 366 470 2483 593">
    <p class='ocr_par' dir='ltr' id='par_1_2' title="bbox 366 470 2483 593">
     <span class='ocr_line' id='line_1_3' title="bbox 465 470 2483 545; baseline 0.001 -13"><span class='ocrx_word' id='word_1_7' title='bbox 465 520 488 538; x_wconf 89' lang='lat'><strong>„</strong></span> <span class='ocrx_word' id='word_1_8' title='bbox 514 494 719 534; x_wconf 86' lang='lat' dir='ltr'>Dominicus</span> <span class='ocrx_word' id='word_1_9' title='bbox 736 494 870 533; x_wconf 86' lang='lat' dir='ltr'>Alberti</span> <span class='ocrx_word' id='word_1_10' title='bbox 896 494 1053 542; x_wconf 85' lang='lat' dir='ltr'>publicus</span> <span class='ocrx_word' id='word_1_11' title='bbox 1072 492 1203 531; x_wconf 78' lang='lat' dir='ltr'>Cursor</span> <span class='ocrx_word' id='word_1_12' title='bbox 1229 492 1390 533; x_wconf 74' lang='lat' dir='ltr'>Leonils&#39;ae</span> <span class='ocrx_word' id='word_1_13' title='bbox 1413 492 1629 531; x_wconf 78' lang='lat' dir='ltr'>tetulitmibi</span> <span class='ocrx_word' id='word_1_14' title='bbox 1640 493 1705 530; x_wconf 76' lang='lat' dir='ltr'>&amp;c-</span> <span class='ocrx_word' id='word_1_15' title='bbox 1719 470 1893 541; x_wconf 62' lang='lat' dir='ltr'>prefatam</span> <span class='ocrx_word' id='word_1_16' title='bbox 1925 494 2131 533; x_wconf 73' lang='lat' dir='ltr'>citationem</span> <span class='ocrx_word' id='word_1_17' title='bbox 2158 495 2374 545; x_wconf 69' lang='lat' dir='ltr'>personaliter</span> <span class='ocrx_word' id='word_1_18' title='bbox 2395 505 2483 542; x_wconf 67' lang='lat' dir='ltr'>prn-</span> 
     </span>
     <span class='ocr_line' id='line_1_4' title="bbox 366 539 2426 593; baseline -0 -9"><span class='ocrx_word' id='word_1_19' title='bbox 366 568 391 584; x_wconf 74' lang='grc'>,,</span> <span class='ocrx_word' id='word_1_20' title='bbox 414 542 554 583; x_wconf 67' lang='lat' dir='ltr'>sentisse</span> <span class='ocrx_word' id='word_1_21' title='bbox 569 545 775 582; x_wconf 82' lang='lat' dir='ltr'>Reverendo</span> <span class='ocrx_word' id='word_1_22' title='bbox 791 543 944 581; x_wconf 88' lang='lat' dir='ltr'>Domino</span> <span class='ocrx_word' id='word_1_23' title='bbox 955 543 1146 591; x_wconf 81' lang='lat' dir='ltr'>Crispolito</span> <span class='ocrx_word' id='word_1_24' title='bbox 1158 543 1327 589; x_wconf 78' lang='lat' dir='ltr'>Batraglia</span> <span class='ocrx_word' id='word_1_25' title='bbox 1340 539 1617 593; x_wconf 66' lang='lat' dir='ltr'>‚alisquekciffe</span> <span class='ocrx_word' id='word_1_26' title='bbox 1629 565 1642 588; x_wconf 89' lang='lat'><strong>,</strong></span> <span class='ocrx_word' id='word_1_27' title='bbox 1656 553 1759 592; x_wconf 77' lang='lat' dir='ltr'>prout</span> <span class='ocrx_word' id='word_1_28' title='bbox 1771 543 1896 580; x_wconf 73' lang='lat' dir='ltr'>habuit</span> <span class='ocrx_word' id='word_1_29' title='bbox 1919 542 1956 579; x_wconf 78' lang='lat' dir='ltr'>in</span> <span class='ocrx_word' id='word_1_30' title='bbox 1966 544 2146 583; x_wconf 73' lang='lat' dir='ltr'>commissis</span> <span class='ocrx_word' id='word_1_31' title='bbox 2155 571 2168 589; x_wconf 87' lang='lat'>,</span> <span class='ocrx_word' id='word_1_32' title='bbox 2195 544 2232 582; x_wconf 88' lang='lat' dir='ltr'>in</span> <span class='ocrx_word' id='word_1_33' title='bbox 2245 545 2347 583; x_wconf 82' lang='lat' dir='ltr'>fidem</span> <span class='ocrx_word' id='word_1_34' title='bbox 2358 545 2426 583; x_wconf 73' lang='lat' dir='ltr'>&amp;c-</span> 
     </span>
    </p>
   </div>
   <div class='ocr_carea' id='block_1_3' title="bbox 562 640 1295 684">
    <p class='ocr_par' dir='ltr' id='par_1_3' title="bbox 562 640 1295 684">
     <span class='ocr_line' id='line_1_5' title="bbox 562 640 1295 684; baseline 0.001 -5"><span class='ocrx_word' id='word_1_35' title='bbox 562 641 682 684; x_wconf 75' lang='lat' dir='ltr'>Sa&#39;mon</span> <span class='ocrx_word' id='word_1_36' title='bbox 709 641 855 682; x_wconf 81' lang='lat' dir='ltr'><em>Carolus</em></span> <span class='ocrx_word' id='word_1_37' title='bbox 877 642 1022 681; x_wconf 73' lang='lat' dir='ltr'>statera</span> <span class='ocrx_word' id='word_1_38' title='bbox 1036 640 1295 680; x_wconf 72' lang='lat' dir='ltr'>Conmtarae&#39;ur·</span> 
     </span>
    </p>
   </div>
   <div class='ocr_carea' id='block_1_4' title="bbox 999 787 1839 840">
    <p class='ocr_par' dir='ltr' id='par_1_4' title="bbox 999 787 1839 840">
     <span class='ocr_line' id='line_1_6' title="bbox 999 787 1839 840; baseline -0.001 -12"><span class='ocrx_word' id='word_1_39' title='bbox 999 788 1082 828; x_wconf 73' lang='lat' dir='ltr'>‘Die</span> <span class='ocrx_word' id='word_1_40' title='bbox 1103 798 1139 836; x_wconf 90' lang='lat'>4.</span> <span class='ocrx_word' id='word_1_41' title='bbox 1161 789 1318 828; x_wconf 60' lang='lat' dir='ltr'>Ostobrt&#39;t</span> <span class='ocrx_word' id='word_1_42' title='bbox 1337 798 1439 840; x_wconf 79' lang='lat'><strong><em>1737.</em></strong></span> <span class='ocrx_word' id='word_1_43' title='bbox 1463 789 1566 828; x_wconf 69' lang='lat' dir='ltr'>Hora</span> <span class='ocrx_word' id='word_1_44' title='bbox 1594 798 1646 837; x_wconf 80' lang='lat'>17.</span> <span class='ocrx_word' id='word_1_45' title='bbox 1677 787 1814 839; x_wconf 67' lang='lat' dir='ltr'>pulsatis</span> <span class='ocrx_word' id='word_1_46' title='bbox 1828 815 1839 827; x_wconf 89' lang='lat'><strong>.</strong></span> 
     </span>
    </p>
   </div>
   <div class='ocr_carea' id='block_1_5' title="bbox 368 884 2482 1620">
    <p class='ocr_par' dir='ltr' id='par_1_5' title="bbox 368 884 2482 1620">
     <span class='ocr_line' id='line_1_7' title="bbox 461 884 2471 936; baseline -0.003 -8"><span class='ocrx_word' id='word_1_47' title='bbox 461 913 489 931; x_wconf 84' lang='lat'>‚‚</span> <span class='ocrx_word' id='word_1_48' title='bbox 514 889 645 928; x_wconf 84' lang='lat' dir='ltr'>Coram</span> <span class='ocrx_word' id='word_1_49' title='bbox 660 888 902 931; x_wconf 81' lang='lat' dir='ltr'>illustrissimo,</span> <span class='ocrx_word' id='word_1_50' title='bbox 927 889 963 926; x_wconf 89' lang='lat'>&amp;</span> <span class='ocrx_word' id='word_1_51' title='bbox 979 888 1278 927; x_wconf 84' lang='lat' dir='ltr'>Reverendiffimo</span> <span class='ocrx_word' id='word_1_52' title='bbox 1297 887 1451 926; x_wconf 88' lang='lat' dir='ltr'>Domino</span> <span class='ocrx_word' id='word_1_53' title='bbox 1466 887 1636 936; x_wconf 72' lang='lat' dir='ltr'>Episcopo</span> <span class='ocrx_word' id='word_1_54' title='bbox 1655 886 1811 924; x_wconf 80' lang='lat' dir='ltr'>Reatino</span> <span class='ocrx_word' id='word_1_55' title='bbox 1824 912 1834 929; x_wconf 82' lang='lat'>,</span> <span class='ocrx_word' id='word_1_56' title='bbox 1859 888 1895 924; x_wconf 84' lang='lat'>&amp;</span> <span class='ocrx_word' id='word_1_57' title='bbox 1913 884 2207 924; x_wconf 83' lang='lat' dir='ltr'>Reverendislimo</span> <span class='ocrx_word' id='word_1_58' title='bbox 2231 889 2389 928; x_wconf 68' lang='lat' dir='ltr'>Domino</span> <span class='ocrx_word' id='word_1_59' title='bbox 2405 892 2471 929; x_wconf 65' lang='lat' dir='ltr'><strong>vi.-</strong></span> 
     </span>
     <span class='ocr_line' id='line_1_8' title="bbox 372 934 2473 988; baseline -0 -12"><span class='ocrx_word' id='word_1_60' title='bbox 372 963 396 983; x_wconf 91' lang='lat'>‚,</span> <span class='ocrx_word' id='word_1_61' title='bbox 420 936 512 977; x_wconf 79' lang='lat' dir='ltr'>cario</span> <span class='ocrx_word' id='word_1_62' title='bbox 526 939 891 988; x_wconf 87' lang='lat' dir='ltr'>GeneraliSpoletano</span> <span class='ocrx_word' id='word_1_63' title='bbox 907 962 919 981; x_wconf 93' lang='lat'>‚</span> <span class='ocrx_word' id='word_1_64' title='bbox 929 937 1110 987; x_wconf 77' lang='lat' dir='ltr'>judicibus</span> <span class='ocrx_word' id='word_1_65' title='bbox 1127 935 1354 983; x_wconf 74' lang='lat' dir='ltr'>ApostolieIs,</span> <span class='ocrx_word' id='word_1_66' title='bbox 1368 938 1544 981; x_wconf 73' lang='lat' dir='ltr'>Delegnto</span> <span class='ocrx_word' id='word_1_67' title='bbox 1557 961 1569 981; x_wconf 94' lang='lat'>,</span> <span class='ocrx_word' id='word_1_68' title='bbox 1587 942 1619 975; x_wconf 61' lang='grc' dir='ltr'>ἃ</span> <span class='ocrx_word' id='word_1_69' title='bbox 1632 936 1868 980; x_wconf 76' lang='lat' dir='ltr'>subdelegato</span> <span class='ocrx_word' id='word_1_70' title='bbox 1882 961 1891 976; x_wconf 93' lang='lat'>,</span> <span class='ocrx_word' id='word_1_71' title='bbox 1920 947 2026 983; x_wconf 85' lang='lat' dir='ltr'>prout</span> <span class='ocrx_word' id='word_1_72' title='bbox 2038 939 2072 972; x_wconf 78' lang='lat' dir='ltr'>in</span> <span class='ocrx_word' id='word_1_73' title='bbox 2088 934 2175 972; x_wconf 71' lang='lat' dir='ltr'>astis</span> <span class='ocrx_word' id='word_1_74' title='bbox 2187 937 2255 973; x_wconf 82' lang='lat' dir='ltr'>&amp;c-</span> <span class='ocrx_word' id='word_1_75' title='bbox 2267 950 2473 987; x_wconf 72' lang='lat' dir='ltr'>comparue-</span> 
     </span>
     <span class='ocr_line' id='line_1_9' title="bbox 371 984 2470 1034; baseline 0.001 -10"><span class='ocrx_word' id='word_1_76' title='bbox 371 1015 396 1034; x_wconf 91' lang='lat'>‚‚</span> <span class='ocrx_word' id='word_1_77' title='bbox 421 999 501 1027; x_wconf 89' lang='lat' dir='ltr'>runt</span> <span class='ocrx_word' id='word_1_78' title='bbox 513 991 548 1025; x_wconf 88' lang='lat' dir='ltr'>in</span> <span class='ocrx_word' id='word_1_79' title='bbox 559 987 686 1027; x_wconf 85' lang='lat' dir='ltr'>aedibus</span> <span class='ocrx_word' id='word_1_80' title='bbox 698 999 816 1025; x_wconf 89' lang='lat' dir='ltr'>eorum</span> <span class='ocrx_word' id='word_1_81' title='bbox 831 987 936 1023; x_wconf 83' lang='lat' dir='ltr'>solitae</span> <span class='ocrx_word' id='word_1_82' title='bbox 949 984 1149 1023; x_wconf 79' lang='lat' dir='ltr'>Residentiae</span> <span class='ocrx_word' id='word_1_83' title='bbox 1163 987 1215 1022; x_wconf 81' lang='lat' dir='ltr'>Re</span> <span class='ocrx_word' id='word_1_84' title='bbox 1222 986 1398 1021; x_wconf 84' lang='lat' dir='ltr'>verendus</span> <span class='ocrx_word' id='word_1_85' title='bbox 1415 986 1587 1022; x_wconf 85' lang='lat' dir='ltr'>Dominus</span> <span class='ocrx_word' id='word_1_86' title='bbox 1602 985 1724 1021; x_wconf 80' lang='lat' dir='ltr'>Petrus</span> <span class='ocrx_word' id='word_1_87' title='bbox 1741 985 1871 1021; x_wconf 84' lang='lat' dir='ltr'>Paulus</span> <span class='ocrx_word' id='word_1_88' title='bbox 1883 985 2069 1030; x_wconf 83' lang='lat' dir='ltr'>Sinibaldi,</span> <span class='ocrx_word' id='word_1_89' title='bbox 2086 988 2290 1022; x_wconf 79' lang='lat' dir='ltr'>Procurator</span> <span class='ocrx_word' id='word_1_90' title='bbox 2309 989 2470 1025; x_wconf 76' lang='lat' dir='ltr'>illustris-</span> 
     </span>
     <span class='ocr_line' id='line_1_10' title="bbox 370 1031 2471 1083; baseline -0.001 -8"><span class='ocrx_word' id='word_1_91' title='bbox 370 1065 395 1083; x_wconf 89' lang='lat'>„</span> <span class='ocrx_word' id='word_1_92' title='bbox 419 1037 576 1075; x_wconf 87' lang='lat' dir='ltr'>simorum</span> <span class='ocrx_word' id='word_1_93' title='bbox 593 1036 822 1075; x_wconf 87' lang='lat' dir='ltr'>Dominorum</span> <span class='ocrx_word' id='word_1_94' title='bbox 838 1035 993 1072; x_wconf 85' lang='lat' dir='ltr'>Priorum</span> <span class='ocrx_word' id='word_1_95' title='bbox 1016 1033 1117 1081; x_wconf 87' lang='lat' dir='ltr'>hujus</span> <span class='ocrx_word' id='word_1_96' title='bbox 1130 1032 1297 1070; x_wconf 83' lang='lat' dir='ltr'>Civitatis</span> <span class='ocrx_word' id='word_1_97' title='bbox 1309 1031 1470 1070; x_wconf 80' lang='lat' dir='ltr'>Leonili&#39;ae</span> <span class='ocrx_word' id='word_1_98' title='bbox 1483 1058 1492 1073; x_wconf 87' lang='lat'>‚</span> <span class='ocrx_word' id='word_1_99' title='bbox 1512 1046 1551 1070; x_wconf 82' lang='lat' dir='ltr'>ac</span> <span class='ocrx_word' id='word_1_100' title='bbox 1567 1032 1761 1070; x_wconf 79' lang='lat' dir='ltr'>Reverendi</span> <span class='ocrx_word' id='word_1_101' title='bbox 1775 1033 1888 1070; x_wconf 86' lang='lat' dir='ltr'>Patres</span> <span class='ocrx_word' id='word_1_102' title='bbox 1897 1034 2036 1081; x_wconf 82' lang='lat' dir='ltr'>Joseph.</span> <span class='ocrx_word' id='word_1_103' title='bbox 2055 1034 2166 1070; x_wconf 80' lang='lat' dir='ltr'>Maria</span> <span class='ocrx_word' id='word_1_104' title='bbox 2190 1033 2234 1070; x_wconf 76' lang='lat' dir='ltr'>ab</span> <span class='ocrx_word' id='word_1_105' title='bbox 2249 1035 2441 1074; x_wconf 74' lang='lat' dir='ltr'>interamna</span> <span class='ocrx_word' id='word_1_106' title='bbox 2455 1062 2471 1081; x_wconf 93' lang='lat'>,</span> 
     </span>
     <span class='ocr_line' id='line_1_11' title="bbox 371 1080 2476 1130; baseline 0 -7"><span class='ocrx_word' id='word_1_107' title='bbox 371 1113 394 1130; x_wconf 87' lang='lat'>„</span> <span class='ocrx_word' id='word_1_108' title='bbox 419 1087 544 1124; x_wconf 84' lang='lat' dir='ltr'>Fidelis</span> <span class='ocrx_word' id='word_1_109' title='bbox 558 1087 576 1122; x_wconf 66' lang='grc' dir='ltr'><strong><em>ἢ</em></strong></span> <span class='ocrx_word' id='word_1_110' title='bbox 589 1085 694 1123; x_wconf 90' lang='lat' dir='ltr'>Vallo</span> <span class='ocrx_word' id='word_1_111' title='bbox 707 1110 719 1129; x_wconf 88' lang='lat'>,</span> <span class='ocrx_word' id='word_1_112' title='bbox 743 1086 777 1122; x_wconf 83' lang='grc'><strong>8(</strong></span> <span class='ocrx_word' id='word_1_113' title='bbox 792 1083 999 1122; x_wconf 87' lang='lat' dir='ltr'>Dominicus</span> <span class='ocrx_word' id='word_1_114' title='bbox 1020 1083 1039 1118; x_wconf 65' lang='lat' dir='ltr'>a</span> <span class='ocrx_word' id='word_1_115' title='bbox 1056 1080 1179 1118; x_wconf 87' lang='lat' dir='ltr'>Nursia</span> <span class='ocrx_word' id='word_1_116' title='bbox 1205 1081 1374 1129; x_wconf 78' lang='lat' dir='ltr'>Cspucini</span> <span class='ocrx_word' id='word_1_117' title='bbox 1397 1091 1462 1128; x_wconf 88' lang='lat' dir='ltr'>pro</span> <span class='ocrx_word' id='word_1_118' title='bbox 1487 1093 1606 1118; x_wconf 90' lang='lat' dir='ltr'>eorum</span> <span class='ocrx_word' id='word_1_119' title='bbox 1626 1081 1809 1126; x_wconf 81' lang='lat' dir='ltr'>Religione</span> <span class='ocrx_word' id='word_1_120' title='bbox 1838 1083 2005 1130; x_wconf 83' lang='lat' dir='ltr'>Deputati</span> <span class='ocrx_word' id='word_1_121' title='bbox 2021 1107 2031 1124; x_wconf 90' lang='lat'><strong>,</strong></span> <span class='ocrx_word' id='word_1_122' title='bbox 2058 1084 2094 1119; x_wconf 89' lang='grc'>8(</span> <span class='ocrx_word' id='word_1_123' title='bbox 2126 1082 2160 1118; x_wconf 83' lang='grc' dir='ltr'>ἱη</span> <span class='ocrx_word' id='word_1_124' title='bbox 2189 1085 2337 1119; x_wconf 84' lang='lat' dir='ltr'>termino</span> <span class='ocrx_word' id='word_1_125' title='bbox 2353 1088 2420 1122; x_wconf 58' lang='lat' dir='ltr'>acc.</span> <span class='ocrx_word' id='word_1_126' title='bbox 2440 1087 2476 1122; x_wconf 79' lang='grc'>8(</span> 
     </span>
     <span class='ocr_line' id='line_1_12' title="bbox 370 1129 2475 1182; baseline -0 -10"><span class='ocrx_word' id='word_1_127' title='bbox 370 1161 393 1180; x_wconf 93' lang='lat'>‚‚</span> <span class='ocrx_word' id='word_1_128' title='bbox 420 1137 654 1182; x_wconf 78' lang='lat' dir='ltr'>produxerunt</span> <span class='ocrx_word' id='word_1_129' title='bbox 667 1134 914 1180; x_wconf 70' lang='lat' dir='ltr'>retroscriptam</span> <span class='ocrx_word' id='word_1_130' title='bbox 928 1131 1142 1167; x_wconf 85' lang='lat' dir='ltr'>Citationem</span> <span class='ocrx_word' id='word_1_131' title='bbox 1156 1129 1306 1175; x_wconf 75' lang='lat' dir='ltr'>legitime</span> <span class='ocrx_word' id='word_1_132' title='bbox 1320 1139 1530 1178; x_wconf 88' lang='lat' dir='ltr'>exequutam</span> <span class='ocrx_word' id='word_1_133' title='bbox 1542 1155 1555 1175; x_wconf 88' lang='lat'>,</span> <span class='ocrx_word' id='word_1_134' title='bbox 1582 1134 1614 1166; x_wconf 91' lang='lat'>&amp;</span> <span class='ocrx_word' id='word_1_135' title='bbox 1627 1129 1804 1166; x_wconf 88' lang='lat' dir='ltr'>humiliter</span> <span class='ocrx_word' id='word_1_136' title='bbox 1832 1132 2000 1178; x_wconf 86' lang='lat' dir='ltr'>petierunt</span> <span class='ocrx_word' id='word_1_137' title='bbox 2021 1156 2033 1176; x_wconf 96' lang='lat'>,</span> <span class='ocrx_word' id='word_1_138' title='bbox 2059 1136 2094 1168; x_wconf 74' lang='grc'><strong>8(</strong></span> <span class='ocrx_word' id='word_1_139' title='bbox 2115 1131 2315 1168; x_wconf 85' lang='lat' dir='ltr'>instcterunt</span> <span class='ocrx_word' id='word_1_140' title='bbox 2331 1155 2345 1176; x_wconf 91' lang='lat'>‚</span> <span class='ocrx_word' id='word_1_141' title='bbox 2370 1145 2475 1180; x_wconf 84' lang='lat' dir='ltr'>prout</span> 
     </span>
     <span class='ocr_line' id='line_1_13' title="bbox 370 1177 2469 1229; baseline 0 -9"><span class='ocrx_word' id='word_1_142' title='bbox 370 1210 394 1228; x_wconf 87' lang='lat'>‚,</span> <span class='ocrx_word' id='word_1_143' title='bbox 419 1184 453 1220; x_wconf 89' lang='lat' dir='ltr'>in</span> <span class='ocrx_word' id='word_1_144' title='bbox 465 1197 504 1221; x_wconf 84' lang='lat' dir='ltr'>ea</span> <span class='ocrx_word' id='word_1_145' title='bbox 517 1207 530 1228; x_wconf 88' lang='lat'><strong>,</strong></span> <span class='ocrx_word' id='word_1_146' title='bbox 554 1184 774 1229; x_wconf 79' lang='lat' dir='ltr'>implorantes</span> <span class='ocrx_word' id='word_1_147' title='bbox 787 1185 851 1219; x_wconf 82' lang='lat' dir='ltr'>&amp;c.</span> <span class='ocrx_word' id='word_1_148' title='bbox 875 1178 1056 1217; x_wconf 87' lang='lat' dir='ltr'>offerentes</span> <span class='ocrx_word' id='word_1_149' title='bbox 1067 1184 1130 1216; x_wconf 75' lang='grc' dir='ltr'>διε.</span> <span class='ocrx_word' id='word_1_150' title='bbox 1147 1177 1215 1215; x_wconf 85' lang='lat' dir='ltr'>sese</span> <span class='ocrx_word' id='word_1_151' title='bbox 1226 1189 1407 1226; x_wconf 81' lang='lat' dir='ltr'>promptos</span> <span class='ocrx_word' id='word_1_152' title='bbox 1429 1179 1463 1214; x_wconf 78' lang='lat' dir='ltr'>in</span> <span class='ocrx_word' id='word_1_153' title='bbox 1475 1179 1634 1217; x_wconf 83' lang='lat' dir='ltr'>omnibus</span> <span class='ocrx_word' id='word_1_154' title='bbox 1648 1201 1662 1223; x_wconf 85' lang='lat'>,</span> <span class='ocrx_word' id='word_1_155' title='bbox 1686 1181 1720 1215; x_wconf 85' lang='lat'>&amp;</span> <span class='ocrx_word' id='word_1_156' title='bbox 1731 1189 1794 1227; x_wconf 89' lang='lat' dir='ltr'>per</span> <span class='ocrx_word' id='word_1_157' title='bbox 1811 1180 1925 1216; x_wconf 79' lang='lat' dir='ltr'>omnia</span> <span class='ocrx_word' id='word_1_158' title='bbox 1939 1192 2056 1227; x_wconf 89' lang='lat' dir='ltr'>parere</span> <span class='ocrx_word' id='word_1_159' title='bbox 2083 1180 2256 1217; x_wconf 81' lang='lat' dir='ltr'>Mandatis</span> <span class='ocrx_word' id='word_1_160' title='bbox 2270 1183 2469 1220; x_wconf 88' lang='lat' dir='ltr'>eorumdem</span> 
     </span>
     <span class='ocr_line' id='line_1_14' title="bbox 371 1226 2470 1277; baseline 0 -8"><span class='ocrx_word' id='word_1_161' title='bbox 371 1259 394 1275; x_wconf 91' lang='lat'>„</span> <span class='ocrx_word' id='word_1_162' title='bbox 421 1231 719 1270; x_wconf 85' lang='lat' dir='ltr'>lllustrislimorum</span> <span class='ocrx_word' id='word_1_163' title='bbox 742 1230 974 1267; x_wconf 89' lang='lat' dir='ltr'>Dominorum</span> <span class='ocrx_word' id='word_1_164' title='bbox 998 1229 1242 1272; x_wconf 83' lang='lat' dir='ltr'>Delegatorum</span> <span class='ocrx_word' id='word_1_165' title='bbox 1259 1227 1544 1273; x_wconf 84' lang='lat' dir='ltr'>Apostolicorum</span> <span class='ocrx_word' id='word_1_166' title='bbox 1564 1251 1577 1272; x_wconf 92' lang='lat'>,</span> <span class='ocrx_word' id='word_1_167' title='bbox 1600 1227 1635 1264; x_wconf 91' lang='grc'>8(</span> <span class='ocrx_word' id='word_1_168' title='bbox 1654 1226 1752 1273; x_wconf 86' lang='lat' dir='ltr'>super</span> <span class='ocrx_word' id='word_1_169' title='bbox 1765 1228 1934 1275; x_wconf 77' lang='lat' dir='ltr'>praemiffis</span> <span class='ocrx_word' id='word_1_170' title='bbox 1951 1231 2134 1266; x_wconf 86' lang='lat' dir='ltr'>Decretum</span> <span class='ocrx_word' id='word_1_171' title='bbox 2175 1230 2389 1277; x_wconf 90' lang='lat' dir='ltr'>uodcumque</span> <span class='ocrx_word' id='word_1_172' title='bbox 2401 1233 2470 1268; x_wconf 76' lang='lat' dir='ltr'>&amp;c-</span> 
     </span>
     <span class='ocr_line' id='line_1_15' title="bbox 466 1274 2470 1327; baseline 0 -12"><span class='ocrx_word' id='word_1_173' title='bbox 466 1307 488 1323; x_wconf 94' lang='lat'>„</span> <span class='ocrx_word' id='word_1_174' title='bbox 515 1281 589 1327; x_wconf 85' lang='lat' dir='ltr'>Qi</span> <span class='ocrx_word' id='word_1_175' title='bbox 617 1278 851 1316; x_wconf 86' lang='lat' dir='ltr'>Illustrislimus</span> <span class='ocrx_word' id='word_1_176' title='bbox 865 1303 874 1317; x_wconf 86' lang='lat'>‚</span> <span class='ocrx_word' id='word_1_177' title='bbox 900 1278 935 1313; x_wconf 90' lang='lat'>&amp;</span> <span class='ocrx_word' id='word_1_178' title='bbox 948 1275 1263 1314; x_wconf 84' lang='lat' dir='ltr'>Reverendissimus</span> <span class='ocrx_word' id='word_1_179' title='bbox 1289 1277 1459 1315; x_wconf 80' lang='lat' dir='ltr'>Dominus</span> <span class='ocrx_word' id='word_1_180' title='bbox 1472 1274 1655 1324; x_wconf 80' lang='lat' dir='ltr'>Episcopus</span> <span class='ocrx_word' id='word_1_181' title='bbox 1683 1276 1847 1314; x_wconf 77' lang='lat' dir='ltr'>Reatinus</span> <span class='ocrx_word' id='word_1_182' title='bbox 1859 1302 1870 1321; x_wconf 90' lang='lat'>,</span> <span class='ocrx_word' id='word_1_183' title='bbox 1896 1283 1929 1315; x_wconf 86' lang='lat'>&amp;</span> <span class='ocrx_word' id='word_1_184' title='bbox 1956 1278 2150 1315; x_wconf 80' lang='lat' dir='ltr'>Reverendi</span> <span class='ocrx_word' id='word_1_185' title='bbox 2190 1289 2265 1313; x_wconf 87' lang='lat' dir='ltr'>mus</span> <span class='ocrx_word' id='word_1_186' title='bbox 2292 1279 2470 1316; x_wconf 80' lang='lat' dir='ltr'>Dominus</span> 
     </span>
     <span class='ocr_line' id='line_1_16' title="bbox 418 1324 2471 1376; baseline 0 -12"><span class='ocrx_word' id='word_1_187' title='bbox 418 1329 577 1372; x_wconf 75' lang='lat' dir='ltr'>Vicat-ius</span> <span class='ocrx_word' id='word_1_188' title='bbox 589 1326 766 1366; x_wconf 69' lang='lat' dir='ltr'>Generffls</span> <span class='ocrx_word' id='word_1_189' title='bbox 778 1326 1000 1374; x_wconf 70' lang='lat' dir='ltr'>Episcopatus</span> <span class='ocrx_word' id='word_1_190' title='bbox 1013 1324 1149 1372; x_wconf 79' lang='lat' dir='ltr'>Spoleti</span> <span class='ocrx_word' id='word_1_191' title='bbox 1161 1325 1323 1376; x_wconf 83' lang='lat' dir='ltr'>‚Judices</span> <span class='ocrx_word' id='word_1_192' title='bbox 1335 1325 1525 1374; x_wconf 75' lang='lat' dir='ltr'>Apostolici</span> <span class='ocrx_word' id='word_1_193' title='bbox 1534 1349 1543 1364; x_wconf 89' lang='lat'>.</span> <span class='ocrx_word' id='word_1_194' title='bbox 1558 1336 1596 1361; x_wconf 91' lang='lat' dir='ltr'>ut</span> <span class='ocrx_word' id='word_1_195' title='bbox 1610 1325 1722 1372; x_wconf 87' lang='lat' dir='ltr'>supra,</span> <span class='ocrx_word' id='word_1_196' title='bbox 1739 1327 1932 1371; x_wconf 79' lang='lat' dir='ltr'>Delegatus</span> <span class='ocrx_word' id='word_1_197' title='bbox 1945 1352 1954 1366; x_wconf 81' lang='lat'>,</span> <span class='ocrx_word' id='word_1_198' title='bbox 1964 1327 1998 1363; x_wconf 89' lang='lat'>&amp;</span> <span class='ocrx_word' id='word_1_199' title='bbox 2011 1328 2267 1371; x_wconf 80' lang='lat' dir='ltr'>subdelegatus</span> <span class='ocrx_word' id='word_1_200' title='bbox 2278 1327 2471 1365; x_wconf 81' lang='lat' dir='ltr'>destinave-</span> 
     </span>
     <span class='ocr_line' id='line_1_17' title="bbox 404 1373 2475 1423; baseline -0.002 -10"><span class='ocrx_word' id='word_1_201' title='bbox 404 1385 493 1420; x_wconf 58' lang='lat' dir='ltr'>‚runt</span> <span class='ocrx_word' id='word_1_202' title='bbox 515 1375 676 1415; x_wconf 70' lang='lat' dir='ltr'>accessum</span> <span class='ocrx_word' id='word_1_203' title='bbox 689 1375 732 1411; x_wconf 85' lang='lat' dir='ltr'>ad</span> <span class='ocrx_word' id='word_1_204' title='bbox 744 1374 923 1412; x_wconf 69' lang='lat' dir='ltr'>effectum.</span> <span class='ocrx_word' id='word_1_205' title='bbox 937 1376 981 1411; x_wconf 92' lang='lat' dir='ltr'>de</span> <span class='ocrx_word' id='word_1_206' title='bbox 995 1385 1067 1423; x_wconf 91' lang='lat' dir='ltr'>quo</span> <span class='ocrx_word' id='word_1_207' title='bbox 1089 1373 1185 1421; x_wconf 88' lang='lat' dir='ltr'>supra</span> <span class='ocrx_word' id='word_1_208' title='bbox 1199 1400 1212 1421; x_wconf 91' lang='lat'>‚</span> <span class='ocrx_word' id='word_1_209' title='bbox 1227 1374 1400 1411; x_wconf 86' lang='lat' dir='ltr'>hodiemet</span> <span class='ocrx_word' id='word_1_210' title='bbox 1415 1374 1497 1410; x_wconf 79' lang='lat' dir='ltr'>hora</span> <span class='ocrx_word' id='word_1_211' title='bbox 1513 1374 1674 1419; x_wconf 80' lang='lat' dir='ltr'>vigesima</span> <span class='ocrx_word' id='word_1_212' title='bbox 1687 1385 1807 1420; x_wconf 81' lang='lat' dir='ltr'>quarta</span> <span class='ocrx_word' id='word_1_213' title='bbox 1819 1377 1862 1411; x_wconf 84' lang='lat' dir='ltr'>ad</span> <span class='ocrx_word' id='word_1_214' title='bbox 1873 1374 2030 1411; x_wconf 67' lang='lat' dir='ltr'>effeaum</span> <span class='ocrx_word' id='word_1_215' title='bbox 2045 1405 2055 1420; x_wconf 91' lang='lat'>‚</span> <span class='ocrx_word' id='word_1_216' title='bbox 2068 1387 2106 1412; x_wconf 92' lang='lat' dir='ltr'>ut</span> <span class='ocrx_word' id='word_1_217' title='bbox 2121 1375 2298 1413; x_wconf 78' lang='lat' dir='ltr'>translatio</span> <span class='ocrx_word' id='word_1_218' title='bbox 2313 1400 2327 1419; x_wconf 92' lang='lat'><strong><em>,</em></strong></span> <span class='ocrx_word' id='word_1_219' title='bbox 2353 1380 2387 1411; x_wconf 85' lang='lat'>&amp;</span> <span class='ocrx_word' id='word_1_220' title='bbox 2401 1379 2475 1415; x_wconf 87' lang='lat' dir='ltr'>col.</span> 
     </span>
     <span class='ocr_line' id='line_1_18' title="bbox 415 1422 2475 1470; baseline -0 -7"><span class='ocrx_word' id='word_1_221' title='bbox 415 1426 544 1464; x_wconf 85' lang='lat' dir='ltr'>locatio</span> <span class='ocrx_word' id='word_1_222' title='bbox 566 1424 675 1470; x_wconf 80' lang='lat' dir='ltr'>magis</span> <span class='ocrx_word' id='word_1_223' title='bbox 698 1424 820 1460; x_wconf 78' lang='lat' dir='ltr'>secreta</span> <span class='ocrx_word' id='word_1_224' title='bbox 840 1422 1016 1470; x_wconf 86' lang='lat' dir='ltr'>sequatur,</span> <span class='ocrx_word' id='word_1_225' title='bbox 1043 1423 1077 1460; x_wconf 88' lang='grc'>8(</span> <span class='ocrx_word' id='word_1_226' title='bbox 1094 1424 1250 1462; x_wconf 88' lang='lat' dir='ltr'>Domino</span> <span class='ocrx_word' id='word_1_227' title='bbox 1273 1423 1766 1462; x_wconf 73' lang='lat' dir='ltr'>PromotoriFiscaliintir-nsri</span> <span class='ocrx_word' id='word_1_228' title='bbox 1783 1425 1986 1461; x_wconf 64' lang='lat' dir='ltr'>mandarunt</span> <span class='ocrx_word' id='word_1_229' title='bbox 1999 1449 2011 1468; x_wconf 89' lang='lat'><strong>,</strong></span> <span class='ocrx_word' id='word_1_230' title='bbox 2037 1425 2173 1461; x_wconf 87' lang='lat' dir='ltr'>vocatis</span> <span class='ocrx_word' id='word_1_231' title='bbox 2187 1435 2250 1469; x_wconf 91' lang='lat' dir='ltr'>pro</span> <span class='ocrx_word' id='word_1_232' title='bbox 2271 1424 2362 1460; x_wconf 72' lang='lat' dir='ltr'>di6ka</span> <span class='ocrx_word' id='word_1_233' title='bbox 2386 1426 2475 1462; x_wconf 88' lang='lat' dir='ltr'>hora.</span> 
     </span>
     <span class='ocr_line' id='line_1_19' title="bbox 413 1471 2477 1520; baseline -0.001 -7"><span class='ocrx_word' id='word_1_234' title='bbox 413 1475 569 1513; x_wconf 74' lang='lat' dir='ltr'>restibus</span> <span class='ocrx_word' id='word_1_235' title='bbox 589 1473 686 1520; x_wconf 84' lang='lat' dir='ltr'>supra</span> <span class='ocrx_word' id='word_1_236' title='bbox 699 1472 862 1509; x_wconf 80' lang='lat' dir='ltr'>adhibitis</span> <span class='ocrx_word' id='word_1_237' title='bbox 878 1473 943 1508; x_wconf 87' lang='lat' dir='ltr'>&amp;c.</span> <span class='ocrx_word' id='word_1_238' title='bbox 959 1473 1053 1510; x_wconf 89' lang='lat' dir='ltr'>omni</span> <span class='ocrx_word' id='word_1_239' title='bbox 1063 1473 1128 1509; x_wconf 81' lang='lat' dir='ltr'>&amp;c-</span> <span class='ocrx_word' id='word_1_240' title='bbox 1143 1485 1178 1511; x_wconf 87' lang='lat'>=</span> <span class='ocrx_word' id='word_1_241' title='bbox 1204 1471 1383 1511; x_wconf 70' lang='lat' dir='ltr'>successive</span> <span class='ocrx_word' id='word_1_242' title='bbox 1395 1495 1408 1516; x_wconf 88' lang='lat'><strong>‚</strong></span> <span class='ocrx_word' id='word_1_243' title='bbox 1433 1476 1466 1508; x_wconf 89' lang='lat'>&amp;</span> <span class='ocrx_word' id='word_1_244' title='bbox 1490 1472 1717 1509; x_wconf 78' lang='lat' dir='ltr'>incontinenti</span> <span class='ocrx_word' id='word_1_245' title='bbox 1743 1482 1778 1507; x_wconf 87' lang='lat'><strong><em>=</em></strong></span> <span class='ocrx_word' id='word_1_246' title='bbox 1796 1475 1872 1518; x_wconf 84' lang='lat' dir='ltr'>Ego</span> <span class='ocrx_word' id='word_1_247' title='bbox 1886 1475 2120 1511; x_wconf 86' lang='lat' dir='ltr'>Connotarius</span> <span class='ocrx_word' id='word_1_248' title='bbox 2149 1472 2382 1520; x_wconf 82' lang='lat' dir='ltr'>infrascriptos</span> <span class='ocrx_word' id='word_1_249' title='bbox 2394 1474 2477 1511; x_wconf 87' lang='lat' dir='ltr'>inti-</span> 
     </span>
     <span class='ocr_line' id='line_1_20' title="bbox 414 1520 2482 1571; baseline -0.001 -10"><span class='ocrx_word' id='word_1_250' title='bbox 414 1524 532 1567; x_wconf 85' lang='lat' dir='ltr'>mavi,</span> <span class='ocrx_word' id='word_1_251' title='bbox 556 1527 591 1559; x_wconf 90' lang='lat'>&amp;</span> <span class='ocrx_word' id='word_1_252' title='bbox 602 1521 783 1558; x_wconf 87' lang='lat' dir='ltr'>notilicavi</span> <span class='ocrx_word' id='word_1_253' title='bbox 794 1520 971 1558; x_wconf 67' lang='lat' dir='ltr'>antedicto</span> <span class='ocrx_word' id='word_1_254' title='bbox 985 1524 1139 1558; x_wconf 90' lang='lat' dir='ltr'>Domino</span> <span class='ocrx_word' id='word_1_255' title='bbox 1154 1521 1348 1558; x_wconf 83' lang='lat' dir='ltr'>Promotori</span> <span class='ocrx_word' id='word_1_256' title='bbox 1366 1521 1486 1560; x_wconf 73' lang='lat' dir='ltr'>fiscali</span> <span class='ocrx_word' id='word_1_257' title='bbox 1505 1521 1654 1568; x_wconf 64' lang='lat' dir='ltr'>prasenti</span> <span class='ocrx_word' id='word_1_258' title='bbox 1663 1544 1677 1566; x_wconf 84' lang='lat'>,</span> <span class='ocrx_word' id='word_1_259' title='bbox 1703 1525 1736 1557; x_wconf 86' lang='lat'>&amp;</span> <span class='ocrx_word' id='word_1_260' title='bbox 1751 1523 1840 1558; x_wconf 86' lang='lat' dir='ltr'>bene</span> <span class='ocrx_word' id='word_1_261' title='bbox 1851 1521 2005 1559; x_wconf 87' lang='lat' dir='ltr'>audienti</span> <span class='ocrx_word' id='word_1_262' title='bbox 2019 1522 2204 1563; x_wconf 74' lang='lat' dir='ltr'>accessum,</span> <span class='ocrx_word' id='word_1_263' title='bbox 2217 1533 2254 1559; x_wconf 92' lang='lat' dir='ltr'>ut</span> <span class='ocrx_word' id='word_1_264' title='bbox 2270 1521 2366 1571; x_wconf 84' lang='lat' dir='ltr'>supra</span> <span class='ocrx_word' id='word_1_265' title='bbox 2377 1522 2482 1561; x_wconf 82' lang='lat' dir='ltr'>desti·</span> 
     </span>
     <span class='ocr_line' id='line_1_21' title="bbox 368 1569 1401 1620; baseline -0.003 -9"><span class='ocrx_word' id='word_1_266' title='bbox 368 1599 393 1619; x_wconf 87' lang='lat'>‚‚</span> <span class='ocrx_word' id='word_1_267' title='bbox 421 1582 535 1612; x_wconf 83' lang='lat' dir='ltr'>natum</span> <span class='ocrx_word' id='word_1_268' title='bbox 552 1595 563 1614; x_wconf 89' lang='lat'>,</span> <span class='ocrx_word' id='word_1_269' title='bbox 578 1569 737 1620; x_wconf 86' lang='lat' dir='ltr'>illiusque</span> <span class='ocrx_word' id='word_1_270' title='bbox 751 1571 869 1613; x_wconf 82' lang='lat' dir='ltr'>boram</span> <span class='ocrx_word' id='word_1_271' title='bbox 883 1569 1080 1618; x_wconf 62' lang='lat' dir='ltr'>praemissam</span> <span class='ocrx_word' id='word_1_272' title='bbox 1092 1571 1158 1608; x_wconf 84' lang='lat' dir='ltr'>&amp;c.</span> <span class='ocrx_word' id='word_1_273' title='bbox 1175 1571 1209 1609; x_wconf 92' lang='lat' dir='ltr'>in</span> <span class='ocrx_word' id='word_1_274' title='bbox 1221 1571 1325 1609; x_wconf 85' lang='lat' dir='ltr'>fidem</span> <span class='ocrx_word' id='word_1_275' title='bbox 1336 1574 1401 1609; x_wconf 67' lang='lat' dir='ltr'>dcc.</span> 
     </span>
    </p>
   </div>
   <div class='ocr_carea' id='block_1_6' title="bbox 666 1666 1554 1721">
    <p class='ocr_par' dir='ltr' id='par_1_6' title="bbox 666 1666 1554 1721">
     <span class='ocr_line' id='line_1_22' title="bbox 666 1666 1554 1721; baseline 0 -14"><span class='ocrx_word' id='word_1_276' title='bbox 666 1668 722 1708; x_wconf 76' lang='lat' dir='ltr'>lta</span> <span class='ocrx_word' id='word_1_277' title='bbox 740 1666 782 1721; x_wconf 82' lang='lat' dir='ltr'>est</span> <span class='ocrx_word' id='word_1_278' title='bbox 794 1693 806 1710; x_wconf 83' lang='lat'>,</span> <span class='ocrx_word' id='word_1_279' title='bbox 826 1669 946 1708; x_wconf 76' lang='lat' dir='ltr'>Simon</span> <span class='ocrx_word' id='word_1_280' title='bbox 971 1668 1116 1708; x_wconf 75' lang='lat' dir='ltr'>Carolus</span> <span class='ocrx_word' id='word_1_281' title='bbox 1139 1671 1283 1710; x_wconf 75' lang='lat' dir='ltr'>statera</span> <span class='ocrx_word' id='word_1_282' title='bbox 1298 1670 1529 1710; x_wconf 77' lang='lat' dir='ltr'>Connotarius</span> <span class='ocrx_word' id='word_1_283' title='bbox 1540 1681 1554 1707; x_wconf 87' lang='grc'>.·</span> 
     </span>
    </p>
   </div>
   <div class='ocr_carea' id='block_1_7' title="bbox 566 1757 2308 1830">
    <p class='ocr_par' dir='ltr' id='par_1_7' title="bbox 566 1757 2308 1830">
     <span class='ocr_line' id='line_1_23' title="bbox 566 1757 2308 1830; baseline 0 -14"><span class='ocrx_word' id='word_1_284' title='bbox 566 1779 624 1816; x_wconf 83' lang='grc' dir='ltr'>ΙΝ</span> <span class='ocrx_word' id='word_1_285' title='bbox 652 1776 864 1816; x_wconf 86' lang='lat' dir='ltr'>NOMINE</span> <span class='ocrx_word' id='word_1_286' title='bbox 891 1778 1088 1819; x_wconf 84' lang='lat' dir='ltr'>DOMINI</span> <span class='ocrx_word' id='word_1_287' title='bbox 1115 1780 1228 1818; x_wconf 88' lang='lat' dir='ltr'>Amen</span> <span class='ocrx_word' id='word_1_288' title='bbox 1241 1804 1252 1818; x_wconf 85' lang='lat'><strong>.</strong></span> <span class='ocrx_word' id='word_1_289' title='bbox 1271 1757 1315 1812; x_wconf 35' lang='grc' dir='ltr'>ἡΞ</span> <span class='ocrx_word' id='word_1_290' title='bbox 1339 1780 1409 1819; x_wconf 75' lang='lat' dir='ltr'>Die</span> <span class='ocrx_word' id='word_1_291' title='bbox 1421 1790 1456 1828; x_wconf 89' lang='lat'>4.</span> <span class='ocrx_word' id='word_1_292' title='bbox 1471 1778 1627 1817; x_wconf 70' lang='lat' dir='ltr'>Ofiiobris</span> <span class='ocrx_word' id='word_1_293' title='bbox 1642 1786 1742 1828; x_wconf 83' lang='lat'>1737.</span> <span class='ocrx_word' id='word_1_294' title='bbox 1756 1777 1839 1815; x_wconf 85' lang='lat' dir='ltr'>hora</span> <span class='ocrx_word' id='word_1_295' title='bbox 1853 1779 1967 1827; x_wconf 76' lang='lat' dir='ltr'>pm&#39;ma</span> <span class='ocrx_word' id='word_1_296' title='bbox 1980 1779 2082 1817; x_wconf 66' lang='lat' dir='ltr'>nortis</span> <span class='ocrx_word' id='word_1_297' title='bbox 2089 1780 2162 1830; x_wconf 83' lang='lat' dir='ltr'>jam</span> <span class='ocrx_word' id='word_1_298' title='bbox 2173 1778 2284 1829; x_wconf 65' lang='lat' dir='ltr'>elapsa</span> <span class='ocrx_word' id='word_1_299' title='bbox 2294 1779 2308 1816; x_wconf 72' lang='grc'>.”</span> 
     </span>
    </p>
   </div>
   <div class='ocr_carea' id='block_1_8' title="bbox 152 1875 2483 3928">
    <p class='ocr_par' dir='ltr' id='par_1_8' title="bbox 152 1875 2483 3928">
     <span class='ocr_line' id='line_1_24' title="bbox 464 1875 2479 1926; baseline 0.001 -14"><span class='ocrx_word' id='word_1_300' title='bbox 464 1903 488 1919; x_wconf 89' lang='grc'>,,</span> <span class='ocrx_word' id='word_1_301' title='bbox 516 1875 759 1912; x_wconf 85' lang='lat' dir='ltr'>illustrissimus</span> <span class='ocrx_word' id='word_1_302' title='bbox 785 1877 820 1912; x_wconf 81' lang='grc'>8(</span> <span class='ocrx_word' id='word_1_303' title='bbox 849 1877 1158 1914; x_wconf 83' lang='lat' dir='ltr'>Reverendissimus</span> <span class='ocrx_word' id='word_1_304' title='bbox 1187 1877 1358 1914; x_wconf 87' lang='lat' dir='ltr'>Dominus</span> <span class='ocrx_word' id='word_1_305' title='bbox 1383 1878 1553 1914; x_wconf 86' lang='lat' dir='ltr'>Camarda</span> <span class='ocrx_word' id='word_1_306' title='bbox 1578 1877 1764 1924; x_wconf 83' lang='lat' dir='ltr'>Episcopus</span> <span class='ocrx_word' id='word_1_307' title='bbox 1797 1877 1990 1922; x_wconf 84' lang='lat' dir='ltr'>Reatinus,</span> <span class='ocrx_word' id='word_1_308' title='bbox 2020 1879 2210 1923; x_wconf 80' lang='lat' dir='ltr'>Delegatus</span> <span class='ocrx_word' id='word_1_309' title='bbox 2226 1877 2449 1926; x_wconf 80' lang='lat' dir='ltr'>Apostolicus</span> <span class='ocrx_word' id='word_1_310' title='bbox 2466 1901 2479 1922; x_wconf 85' lang='lat'><strong>,</strong></span> 
     </span>
     <span class='ocr_line' id='line_1_25' title="bbox 369 1924 2475 1975; baseline 0 -13"><span class='ocrx_word' id='word_1_311' title='bbox 369 1955 393 1972; x_wconf 84' lang='lat'><strong>„</strong></span> <span class='ocrx_word' id='word_1_312' title='bbox 417 1929 452 1962; x_wconf 65' lang='grc' dir='ltr'><strong>δ(</strong></span> <span class='ocrx_word' id='word_1_313' title='bbox 467 1924 779 1962; x_wconf 67' lang='grc' dir='ltr'>Κενειεηόὶίῖἱηιυε</span> <span class='ocrx_word' id='word_1_314' title='bbox 793 1927 961 1963; x_wconf 78' lang='lat' dir='ltr'>Dominus</span> <span class='ocrx_word' id='word_1_315' title='bbox 979 1928 1096 1964; x_wconf 85' lang='lat' dir='ltr'>Abbas</span> <span class='ocrx_word' id='word_1_316' title='bbox 1112 1927 1260 1975; x_wconf 69' lang='lat' dir='ltr'>jacobus</span> <span class='ocrx_word' id='word_1_317' title='bbox 1276 1926 1454 1974; x_wconf 86' lang='lat' dir='ltr'>Philippus</span> <span class='ocrx_word' id='word_1_318' title='bbox 1477 1927 1624 1964; x_wconf 90' lang='lat' dir='ltr'>Consoli</span> <span class='ocrx_word' id='word_1_319' title='bbox 1639 1926 1814 1967; x_wconf 84' lang='lat' dir='ltr'>‚vicarius</span> <span class='ocrx_word' id='word_1_320' title='bbox 1832 1926 2017 1965; x_wconf 85' lang='lat' dir='ltr'>Generalis</span> <span class='ocrx_word' id='word_1_321' title='bbox 2030 1929 2475 1973; x_wconf 86' lang='lat' dir='ltr'>Spoletanus,Subde1ega-</span> 
     </span>
     <span class='ocr_line' id='line_1_26' title="bbox 369 1971 2477 2023; baseline 0 -13"><span class='ocrx_word' id='word_1_322' title='bbox 369 2003 394 2022; x_wconf 80' lang='lat'>,‚</span> <span class='ocrx_word' id='word_1_323' title='bbox 417 1984 498 2017; x_wconf 84' lang='lat' dir='ltr'>tus,</span> <span class='ocrx_word' id='word_1_324' title='bbox 524 1984 629 2021; x_wconf 88' lang='lat' dir='ltr'>prout</span> <span class='ocrx_word' id='word_1_325' title='bbox 641 1973 676 2009; x_wconf 90' lang='lat' dir='ltr'>in</span> <span class='ocrx_word' id='word_1_326' title='bbox 690 1971 773 2011; x_wconf 74' lang='lat' dir='ltr'>affls</span> <span class='ocrx_word' id='word_1_327' title='bbox 784 1999 798 2018; x_wconf 88' lang='lat'>,</span> <span class='ocrx_word' id='word_1_328' title='bbox 811 1976 845 2011; x_wconf 91' lang='lat' dir='ltr'>in</span> <span class='ocrx_word' id='word_1_329' title='bbox 858 1975 1099 2023; x_wconf 86' lang='lat' dir='ltr'>exequtionem</span> <span class='ocrx_word' id='word_1_330' title='bbox 1113 1976 1254 2011; x_wconf 88' lang='lat' dir='ltr'>Decreti</span> <span class='ocrx_word' id='word_1_331' title='bbox 1271 1974 1424 2020; x_wconf 86' lang='lat' dir='ltr'>superius</span> <span class='ocrx_word' id='word_1_332' title='bbox 1437 1974 1518 2011; x_wconf 59' lang='lat' dir='ltr'>faeti</span> <span class='ocrx_word' id='word_1_333' title='bbox 1530 1973 1734 2013; x_wconf 78' lang='lat' dir='ltr'>accesserunt</span> <span class='ocrx_word' id='word_1_334' title='bbox 1758 1975 1985 2022; x_wconf 84' lang='lat' dir='ltr'>personaliter</span> <span class='ocrx_word' id='word_1_335' title='bbox 2012 1978 2077 2012; x_wconf 64' lang='lat' dir='ltr'>uns</span> <span class='ocrx_word' id='word_1_336' title='bbox 2102 1989 2179 2013; x_wconf 90' lang='lat' dir='ltr'>cum</span> <span class='ocrx_word' id='word_1_337' title='bbox 2197 1977 2315 2012; x_wconf 89' lang='lat' dir='ltr'>Nobis</span> <span class='ocrx_word' id='word_1_338' title='bbox 2326 1978 2477 2013; x_wconf 83' lang='lat' dir='ltr'>Conuo-</span> 
     </span>
     <span class='ocr_line' id='line_1_27' title="bbox 368 2021 2474 2072; baseline 0 -13"><span class='ocrx_word' id='word_1_339' title='bbox 368 2052 391 2070; x_wconf 85' lang='lat'>‚‚</span> <span class='ocrx_word' id='word_1_340' title='bbox 417 2022 512 2060; x_wconf 77' lang='lat' dir='ltr'>ratiis</span> <span class='ocrx_word' id='word_1_341' title='bbox 533 2022 575 2058; x_wconf 76' lang='lat' dir='ltr'>ad</span> <span class='ocrx_word' id='word_1_342' title='bbox 590 2022 835 2060; x_wconf 78' lang='lat' dir='ltr'>venerabilem</span> <span class='ocrx_word' id='word_1_343' title='bbox 860 2023 1040 2060; x_wconf 70' lang='lat' dir='ltr'>Ecclesiam</span> <span class='ocrx_word' id='word_1_344' title='bbox 1063 2021 1266 2060; x_wconf 72' lang='lat' dir='ltr'>Sanfflffimi</span> <span class='ocrx_word' id='word_1_345' title='bbox 1286 2022 1454 2069; x_wconf 86' lang='lat' dir='ltr'>Suffragii</span> <span class='ocrx_word' id='word_1_346' title='bbox 1479 2023 1582 2072; x_wconf 88' lang='lat' dir='ltr'>hujus</span> <span class='ocrx_word' id='word_1_347' title='bbox 1594 2024 1763 2060; x_wconf 84' lang='lat' dir='ltr'>Civitatis</span> <span class='ocrx_word' id='word_1_348' title='bbox 1782 2024 1946 2062; x_wconf 81' lang='lat' dir='ltr'>Leonifl&#39;ae</span> <span class='ocrx_word' id='word_1_349' title='bbox 1961 2049 1970 2064; x_wconf 91' lang='lat'>‚</span> <span class='ocrx_word' id='word_1_350' title='bbox 1996 2026 2031 2062; x_wconf 87' lang='grc'>8(</span> <span class='ocrx_word' id='word_1_351' title='bbox 2058 2025 2145 2061; x_wconf 67' lang='lat' dir='ltr'>faeta</span> <span class='ocrx_word' id='word_1_352' title='bbox 2161 2026 2332 2063; x_wconf 86' lang='lat' dir='ltr'>Oratione</span> <span class='ocrx_word' id='word_1_353' title='bbox 2360 2034 2474 2060; x_wconf 73' lang='lat' dir='ltr'>ante...</span> 
     </span>
     <span class='ocr_line' id='line_1_28' title="bbox 367 2069 2478 2120; baseline 0 -13"><span class='ocrx_word' id='word_1_354' title='bbox 367 2099 390 2119; x_wconf 84' lang='lat'>‚,</span> <span class='ocrx_word' id='word_1_355' title='bbox 415 2071 559 2120; x_wconf 80' lang='lat' dir='ltr'>Januam</span> <span class='ocrx_word' id='word_1_356' title='bbox 584 2069 765 2108; x_wconf 87' lang='lat' dir='ltr'>mansionis</span> <span class='ocrx_word' id='word_1_357' title='bbox 780 2096 794 2115; x_wconf 89' lang='lat'><em>,</em></span> <span class='ocrx_word' id='word_1_358' title='bbox 818 2071 852 2107; x_wconf 89' lang='lat' dir='ltr'>in</span> <span class='ocrx_word' id='word_1_359' title='bbox 874 2083 942 2119; x_wconf 89' lang='lat' dir='ltr'>qua</span> <span class='ocrx_word' id='word_1_360' title='bbox 961 2071 1165 2119; x_wconf 88' lang='lat' dir='ltr'>Depositum</span> <span class='ocrx_word' id='word_1_361' title='bbox 1177 2072 1274 2109; x_wconf 79' lang='lat' dir='ltr'>adest</span> <span class='ocrx_word' id='word_1_362' title='bbox 1285 2069 1426 2120; x_wconf 87' lang='lat' dir='ltr'>Corpus</span> <span class='ocrx_word' id='word_1_363' title='bbox 1452 2073 1546 2109; x_wconf 87' lang='lat' dir='ltr'>Beati</span> <span class='ocrx_word' id='word_1_364' title='bbox 1558 2072 1693 2118; x_wconf 74' lang='lat' dir='ltr'>josephi</span> <span class='ocrx_word' id='word_1_365' title='bbox 1717 2074 1736 2109; x_wconf 70' lang='lat' dir='ltr'>st</span> <span class='ocrx_word' id='word_1_366' title='bbox 1750 2073 1903 2110; x_wconf 84' lang='lat' dir='ltr'>Leoniffa</span> <span class='ocrx_word' id='word_1_367' title='bbox 1919 2073 2115 2111; x_wconf 86' lang='lat' dir='ltr'>Sacerdotis</span> <span class='ocrx_word' id='word_1_368' title='bbox 2128 2099 2140 2118; x_wconf 86' lang='lat'>‚</span> <span class='ocrx_word' id='word_1_369' title='bbox 2163 2075 2197 2110; x_wconf 91' lang='lat'>&amp;</span> <span class='ocrx_word' id='word_1_370' title='bbox 2210 2072 2478 2111; x_wconf 77' lang='lat' dir='ltr'>concionatoris</span> 
     </span>
     <span class='ocr_line' id='line_1_29' title="bbox 367 2119 2479 2169; baseline 0.002 -13"><span class='ocrx_word' id='word_1_371' title='bbox 367 2147 390 2169; x_wconf 85' lang='lat'>‚‚</span> <span class='ocrx_word' id='word_1_372' title='bbox 414 2120 585 2167; x_wconf 86' lang='lat' dir='ltr'>Capucini</span> <span class='ocrx_word' id='word_1_373' title='bbox 596 2144 606 2159; x_wconf 83' lang='lat'>‚</span> <span class='ocrx_word' id='word_1_374' title='bbox 620 2119 836 2167; x_wconf 80' lang='lat' dir='ltr'>praesentibus</span> <span class='ocrx_word' id='word_1_375' title='bbox 849 2144 862 2164; x_wconf 87' lang='lat'><strong>,</strong></span> <span class='ocrx_word' id='word_1_376' title='bbox 887 2124 921 2155; x_wconf 85' lang='lat'>&amp;</span> <span class='ocrx_word' id='word_1_377' title='bbox 944 2120 1181 2160; x_wconf 85' lang='lat' dir='ltr'>adsistentibus</span> <span class='ocrx_word' id='word_1_378' title='bbox 1195 2120 1353 2158; x_wconf 86' lang='lat' dir='ltr'>Domino</span> <span class='ocrx_word' id='word_1_379' title='bbox 1367 2123 1573 2159; x_wconf 85' lang='lat' dir='ltr'>Promorore</span> <span class='ocrx_word' id='word_1_380' title='bbox 1589 2122 1734 2165; x_wconf 75' lang='lat' dir='ltr'>fiscali,</span> <span class='ocrx_word' id='word_1_381' title='bbox 1762 2135 1800 2159; x_wconf 86' lang='lat' dir='ltr'>ac</span> <span class='ocrx_word' id='word_1_382' title='bbox 1829 2122 1982 2159; x_wconf 89' lang='lat' dir='ltr'>Domino</span> <span class='ocrx_word' id='word_1_383' title='bbox 1999 2123 2223 2159; x_wconf 84' lang='lat' dir='ltr'>Procuratore</span> <span class='ocrx_word' id='word_1_384' title='bbox 2238 2122 2479 2160; x_wconf 59' lang='lat' dir='ltr'>Communztae</span> 
     </span>
     <span class='ocr_line' id='line_1_30' title="bbox 366 2168 2483 2220; baseline -0 -15"><span class='ocrx_word' id='word_1_385' title='bbox 366 2197 390 2216; x_wconf 87' lang='lat'>,‚</span> <span class='ocrx_word' id='word_1_386' title='bbox 415 2168 482 2213; x_wconf 83' lang='lat' dir='ltr'>tis,</span> <span class='ocrx_word' id='word_1_387' title='bbox 504 2181 544 2207; x_wconf 86' lang='lat' dir='ltr'>ac</span> <span class='ocrx_word' id='word_1_388' title='bbox 561 2168 775 2206; x_wconf 87' lang='lat' dir='ltr'>Reverendis</span> <span class='ocrx_word' id='word_1_389' title='bbox 791 2169 951 2206; x_wconf 85' lang='lat' dir='ltr'>Patribus</span> <span class='ocrx_word' id='word_1_390' title='bbox 964 2169 1113 2220; x_wconf 86' lang='lat' dir='ltr'>Josepho</span> <span class='ocrx_word' id='word_1_391' title='bbox 1127 2169 1233 2208; x_wconf 86' lang='lat' dir='ltr'>Maria</span> <span class='ocrx_word' id='word_1_392' title='bbox 1246 2171 1290 2206; x_wconf 92' lang='lat' dir='ltr'>ab</span> <span class='ocrx_word' id='word_1_393' title='bbox 1301 2171 1489 2208; x_wconf 80' lang='lat' dir='ltr'>Interamna</span> <span class='ocrx_word' id='word_1_394' title='bbox 1515 2180 1551 2203; x_wconf 93' lang='lat'><strong><em>=</em></strong></span> <span class='ocrx_word' id='word_1_395' title='bbox 1576 2170 1690 2207; x_wconf 80' lang='lat' dir='ltr'>Fideli</span> <span class='ocrx_word' id='word_1_396' title='bbox 1719 2173 1739 2206; x_wconf 65' lang='grc' dir='ltr'>ἃ</span> <span class='ocrx_word' id='word_1_397' title='bbox 1756 2171 1867 2207; x_wconf 86' lang='lat' dir='ltr'>Vallo</span> <span class='ocrx_word' id='word_1_398' title='bbox 1883 2197 1893 2212; x_wconf 88' lang='lat'><strong>,</strong></span> <span class='ocrx_word' id='word_1_399' title='bbox 1919 2174 1952 2205; x_wconf 68' lang='grc' dir='ltr'>ἃ</span> <span class='ocrx_word' id='word_1_400' title='bbox 1974 2172 2162 2208; x_wconf 89' lang='lat' dir='ltr'>Dominico</span> <span class='ocrx_word' id='word_1_401' title='bbox 2179 2174 2197 2208; x_wconf 70' lang='lat' dir='ltr'>a</span> <span class='ocrx_word' id='word_1_402' title='bbox 2223 2171 2348 2207; x_wconf 76' lang='lat' dir='ltr'>Nursia</span> <span class='ocrx_word' id='word_1_403' title='bbox 2362 2172 2483 2207; x_wconf 84' lang='lat' dir='ltr'>Guar-</span> 
     </span>
     <span class='ocr_line' id='line_1_31' title="bbox 367 2216 2482 2268; baseline -0.001 -14"><span class='ocrx_word' id='word_1_404' title='bbox 367 2246 389 2266; x_wconf 87' lang='lat'>‚,</span> <span class='ocrx_word' id='word_1_405' title='bbox 413 2216 733 2263; x_wconf 65' lang='lat' dir='ltr'>dianossapucinis,</span> <span class='ocrx_word' id='word_1_406' title='bbox 746 2229 808 2264; x_wconf 87' lang='lat' dir='ltr'>pro</span> <span class='ocrx_word' id='word_1_407' title='bbox 820 2229 941 2255; x_wconf 87' lang='lat' dir='ltr'>eorum</span> <span class='ocrx_word' id='word_1_408' title='bbox 959 2218 1150 2267; x_wconf 80' lang='lat' dir='ltr'>Religione</span> <span class='ocrx_word' id='word_1_409' title='bbox 1169 2219 1371 2266; x_wconf 89' lang='lat' dir='ltr'>Deputatis,</span> <span class='ocrx_word' id='word_1_410' title='bbox 1385 2224 1416 2257; x_wconf 85' lang='lat'>&amp;</span> <span class='ocrx_word' id='word_1_411' title='bbox 1433 2218 1568 2256; x_wconf 86' lang='lat' dir='ltr'>vocatis</span> <span class='ocrx_word' id='word_1_412' title='bbox 1582 2220 1724 2256; x_wconf 84' lang='lat' dir='ltr'>testibus</span> <span class='ocrx_word' id='word_1_413' title='bbox 1739 2244 1751 2262; x_wconf 88' lang='lat'>‚</span> <span class='ocrx_word' id='word_1_414' title='bbox 1765 2220 1889 2268; x_wconf 84' lang='lat' dir='ltr'>quibus</span> <span class='ocrx_word' id='word_1_415' title='bbox 1905 2219 2016 2265; x_wconf 90' lang='lat' dir='ltr'>supra,</span> <span class='ocrx_word' id='word_1_416' title='bbox 2030 2220 2204 2264; x_wconf 83' lang='lat' dir='ltr'>adhibitis,</span> <span class='ocrx_word' id='word_1_417' title='bbox 2219 2221 2345 2258; x_wconf 88' lang='lat' dir='ltr'>scilicet</span> <span class='ocrx_word' id='word_1_418' title='bbox 2360 2218 2482 2255; x_wconf 89' lang='lat' dir='ltr'>Domi-</span> 
     </span>
     <span class='ocr_line' id='line_1_32' title="bbox 366 2265 2479 2316; baseline 0.001 -16"><span class='ocrx_word' id='word_1_419' title='bbox 366 2294 388 2313; x_wconf 80' lang='lat'>„</span> <span class='ocrx_word' id='word_1_420' title='bbox 414 2265 466 2303; x_wconf 90' lang='lat' dir='ltr'>nis</span> <span class='ocrx_word' id='word_1_421' title='bbox 485 2266 636 2315; x_wconf 86' lang='lat' dir='ltr'>Josepho</span> <span class='ocrx_word' id='word_1_422' title='bbox 660 2266 865 2303; x_wconf 87' lang='lat' dir='ltr'>Ciavarroni</span> <span class='ocrx_word' id='word_1_423' title='bbox 879 2290 891 2310; x_wconf 86' lang='lat'><em>‚</em></span> <span class='ocrx_word' id='word_1_424' title='bbox 920 2268 1062 2307; x_wconf 81' lang='lat' dir='ltr'>Andrea</span> <span class='ocrx_word' id='word_1_425' title='bbox 1088 2268 1252 2305; x_wconf 89' lang='lat' dir='ltr'>Boccacci</span> <span class='ocrx_word' id='word_1_426' title='bbox 1267 2293 1279 2311; x_wconf 88' lang='lat'>,</span> <span class='ocrx_word' id='word_1_427' title='bbox 1294 2269 1487 2306; x_wconf 70' lang='lat' dir='ltr'>&#39;Ludovico</span> <span class='ocrx_word' id='word_1_428' title='bbox 1505 2267 1628 2303; x_wconf 85' lang='lat' dir='ltr'>Alfieri</span> <span class='ocrx_word' id='word_1_429' title='bbox 1644 2293 1657 2311; x_wconf 76' lang='grc'>,</span> <span class='ocrx_word' id='word_1_430' title='bbox 1681 2269 1715 2304; x_wconf 90' lang='grc'>8(</span> <span class='ocrx_word' id='word_1_431' title='bbox 1733 2270 1899 2315; x_wconf 80' lang='lat' dir='ltr'>Philippo</span> <span class='ocrx_word' id='word_1_432' title='bbox 1916 2267 2151 2314; x_wconf 74' lang='lat' dir='ltr'>dejudicibus</span> <span class='ocrx_word' id='word_1_433' title='bbox 2166 2293 2179 2311; x_wconf 89' lang='lat'>‚</span> <span class='ocrx_word' id='word_1_434' title='bbox 2201 2269 2329 2306; x_wconf 87' lang='lat' dir='ltr'>ibidem</span> <span class='ocrx_word' id='word_1_435' title='bbox 2356 2269 2479 2316; x_wconf 86' lang='lat' dir='ltr'>pariter</span> 
     </span>
     <span class='ocr_line' id='line_1_33' title="bbox 367 2315 2481 2366; baseline 0 -16"><span class='ocrx_word' id='word_1_436' title='bbox 367 2342 390 2363; x_wconf 76' lang='lat'>‚‚</span> <span class='ocrx_word' id='word_1_437' title='bbox 416 2315 631 2362; x_wconf 68' lang='lat' dir='ltr'>praesentibus</span> <span class='ocrx_word' id='word_1_438' title='bbox 652 2317 899 2355; x_wconf 83' lang='lat' dir='ltr'>mandaverunt</span> <span class='ocrx_word' id='word_1_439' title='bbox 913 2318 1054 2364; x_wconf 89' lang='lat' dir='ltr'>Corpus</span> <span class='ocrx_word' id='word_1_440' title='bbox 1078 2318 1229 2362; x_wconf 85' lang='lat' dir='ltr'>ejusdem</span> <span class='ocrx_word' id='word_1_441' title='bbox 1257 2318 1353 2354; x_wconf 87' lang='lat' dir='ltr'>Beati</span> <span class='ocrx_word' id='word_1_442' title='bbox 1378 2317 1527 2366; x_wconf 88' lang='lat' dir='ltr'>reponi,</span> <span class='ocrx_word' id='word_1_443' title='bbox 1553 2317 1743 2364; x_wconf 82' lang='lat' dir='ltr'>collocari,</span> <span class='ocrx_word' id='word_1_444' title='bbox 1769 2318 1805 2354; x_wconf 97' lang='grc'>8(</span> <span class='ocrx_word' id='word_1_445' title='bbox 1829 2318 1945 2354; x_wconf 89' lang='lat' dir='ltr'>claudi</span> <span class='ocrx_word' id='word_1_446' title='bbox 1968 2317 2002 2352; x_wconf 90' lang='lat' dir='ltr'>in</span> <span class='ocrx_word' id='word_1_447' title='bbox 2019 2318 2114 2355; x_wconf 84' lang='lat' dir='ltr'>Urna</span> <span class='ocrx_word' id='word_1_448' title='bbox 2136 2318 2185 2353; x_wconf 87' lang='lat' dir='ltr'>ibi</span> <span class='ocrx_word' id='word_1_449' title='bbox 2210 2329 2348 2366; x_wconf 84' lang='lat' dir='ltr'>parata,</span> <span class='ocrx_word' id='word_1_450' title='bbox 2377 2325 2481 2364; x_wconf 88' lang='lat' dir='ltr'>prout</span> 
     </span>
     <span class='ocr_line' id='line_1_34' title="bbox 366 2363 2480 2415; baseline 0 -16"><span class='ocrx_word' id='word_1_451' title='bbox 366 2390 390 2411; x_wconf 81' lang='lat'>‚,</span> <span class='ocrx_word' id='word_1_452' title='bbox 414 2374 531 2409; x_wconf 80' lang='lat' dir='ltr'>aperta</span> <span class='ocrx_word' id='word_1_453' title='bbox 549 2363 656 2407; x_wconf 78' lang='lat' dir='ltr'>Janua</span> <span class='ocrx_word' id='word_1_454' title='bbox 667 2375 860 2401; x_wconf 84' lang='lat' dir='ltr'>memorarae</span> <span class='ocrx_word' id='word_1_455' title='bbox 873 2367 1050 2404; x_wconf 81' lang='lat' dir='ltr'>mansionis</span> <span class='ocrx_word' id='word_1_456' title='bbox 1064 2393 1074 2408; x_wconf 86' lang='lat'><strong>,</strong></span> <span class='ocrx_word' id='word_1_457' title='bbox 1101 2370 1135 2403; x_wconf 86' lang='lat'>&amp;</span> <span class='ocrx_word' id='word_1_458' title='bbox 1157 2366 1278 2404; x_wconf 87' lang='lat' dir='ltr'>clausis</span> <span class='ocrx_word' id='word_1_459' title='bbox 1306 2366 1400 2415; x_wconf 86' lang='lat' dir='ltr'>prius</span> <span class='ocrx_word' id='word_1_460' title='bbox 1416 2366 1589 2404; x_wconf 87' lang='lat' dir='ltr'>nonnullis</span> <span class='ocrx_word' id='word_1_461' title='bbox 1602 2367 1717 2413; x_wconf 86' lang='lat' dir='ltr'>parvis</span> <span class='ocrx_word' id='word_1_462' title='bbox 1739 2368 1864 2404; x_wconf 84' lang='lat' dir='ltr'>offibus</span> <span class='ocrx_word' id='word_1_463' title='bbox 1878 2390 1890 2410; x_wconf 89' lang='lat'>‚</span> <span class='ocrx_word' id='word_1_464' title='bbox 1915 2371 1947 2403; x_wconf 86' lang='lat'>&amp;</span> <span class='ocrx_word' id='word_1_465' title='bbox 1966 2364 2164 2410; x_wconf 79' lang='lat' dir='ltr'>fragmentis</span> <span class='ocrx_word' id='word_1_466' title='bbox 2180 2391 2193 2411; x_wconf 90' lang='lat'>,</span> <span class='ocrx_word' id='word_1_467' title='bbox 2216 2379 2290 2415; x_wconf 69' lang='lat' dir='ltr'>que</span> <span class='ocrx_word' id='word_1_468' title='bbox 2306 2365 2480 2414; x_wconf 84' lang='lat' dir='ltr'>superfue-</span> 
     </span>
     <span class='ocr_line' id='line_1_35' title="bbox 366 2412 2481 2461; baseline 0.001 -14"><span class='ocrx_word' id='word_1_469' title='bbox 366 2438 390 2460; x_wconf 74' lang='lat'>‚‚</span> <span class='ocrx_word' id='word_1_470' title='bbox 416 2412 551 2448; x_wconf 84' lang='lat' dir='ltr'>runtin</span> <span class='ocrx_word' id='word_1_471' title='bbox 566 2413 738 2460; x_wconf 83' lang='lat' dir='ltr'>aptatione</span> <span class='ocrx_word' id='word_1_472' title='bbox 752 2413 849 2449; x_wconf 86' lang='lat' dir='ltr'>Beati</span> <span class='ocrx_word' id='word_1_473' title='bbox 866 2415 1040 2461; x_wconf 84' lang='lat' dir='ltr'>Corporis</span> <span class='ocrx_word' id='word_1_474' title='bbox 1053 2439 1064 2458; x_wconf 94' lang='lat'>,</span> <span class='ocrx_word' id='word_1_475' title='bbox 1076 2416 1116 2452; x_wconf 88' lang='lat' dir='ltr'>de</span> <span class='ocrx_word' id='word_1_476' title='bbox 1134 2416 1298 2452; x_wconf 83' lang='lat' dir='ltr'>Mandato</span> <span class='ocrx_word' id='word_1_477' title='bbox 1312 2417 1508 2456; x_wconf 88' lang='lat' dir='ltr'>eorumdem</span> <span class='ocrx_word' id='word_1_478' title='bbox 1523 2416 1827 2452; x_wconf 77' lang='lat' dir='ltr'>illustrissimorum</span> <span class='ocrx_word' id='word_1_479' title='bbox 1844 2416 2075 2452; x_wconf 88' lang='lat' dir='ltr'>Dominorum</span> <span class='ocrx_word' id='word_1_480' title='bbox 2098 2418 2347 2461; x_wconf 81' lang='lat' dir='ltr'>Delegatorum</span> <span class='ocrx_word' id='word_1_481' title='bbox 2375 2415 2481 2450; x_wconf 86' lang='lat' dir='ltr'>reser-</span> 
     </span>
     <span class='ocr_line' id='line_1_36' title="bbox 367 2459 2479 2510; baseline 0.002 -15"><span class='ocrx_word' id='word_1_482' title='bbox 367 2487 390 2508; x_wconf 84' lang='lat'>,‚</span> <span class='ocrx_word' id='word_1_483' title='bbox 416 2461 506 2497; x_wconf 86' lang='lat' dir='ltr'>vatis</span> <span class='ocrx_word' id='word_1_484' title='bbox 530 2461 564 2497; x_wconf 90' lang='lat' dir='ltr'>in</span> <span class='ocrx_word' id='word_1_485' title='bbox 587 2462 733 2509; x_wconf 87' lang='lat' dir='ltr'>quadam</span> <span class='ocrx_word' id='word_1_486' title='bbox 749 2459 947 2507; x_wconf 79' lang='lat' dir='ltr'>capsuncula</span> <span class='ocrx_word' id='word_1_487' title='bbox 973 2464 1108 2508; x_wconf 79' lang='lat' dir='ltr'>lignea,</span> <span class='ocrx_word' id='word_1_488' title='bbox 1121 2462 1237 2508; x_wconf 87' lang='lat' dir='ltr'>sigillis</span> <span class='ocrx_word' id='word_1_489' title='bbox 1251 2463 1382 2499; x_wconf 85' lang='lat' dir='ltr'>munita</span> <span class='ocrx_word' id='word_1_490' title='bbox 1409 2464 1454 2499; x_wconf 88' lang='lat' dir='ltr'>ad</span> <span class='ocrx_word' id='word_1_491' title='bbox 1468 2460 1627 2500; x_wconf 68' lang='lat' dir='ltr'>effeetum</span> <span class='ocrx_word' id='word_1_492' title='bbox 1645 2463 1892 2502; x_wconf 87' lang='lat' dir='ltr'>distribuendi,</span> <span class='ocrx_word' id='word_1_493' title='bbox 1920 2474 1959 2499; x_wconf 91' lang='lat' dir='ltr'>ut</span> <span class='ocrx_word' id='word_1_494' title='bbox 1974 2463 2058 2498; x_wconf 86' lang='lat' dir='ltr'>infra</span> <span class='ocrx_word' id='word_1_495' title='bbox 2085 2466 2244 2505; x_wconf 88' lang='lat' dir='ltr'>dicetur,</span> <span class='ocrx_word' id='word_1_496' title='bbox 2271 2475 2392 2510; x_wconf 89' lang='lat' dir='ltr'>utpote</span> <span class='ocrx_word' id='word_1_497' title='bbox 2407 2474 2479 2499; x_wconf 83' lang='lat' dir='ltr'>non</span> 
     </span>
     <span class='ocr_line' id='line_1_37' title="bbox 366 2509 2478 2559; baseline 0 -15"><span class='ocrx_word' id='word_1_498' title='bbox 366 2535 389 2556; x_wconf 79' lang='lat'>‚‚</span> <span class='ocrx_word' id='word_1_499' title='bbox 415 2509 575 2557; x_wconf 88' lang='lat' dir='ltr'>reliquias</span> <span class='ocrx_word' id='word_1_500' title='bbox 602 2509 750 2554; x_wconf 82' lang='lat' dir='ltr'>insignes</span> <span class='ocrx_word' id='word_1_501' title='bbox 766 2533 779 2553; x_wconf 92' lang='lat'>,</span> <span class='ocrx_word' id='word_1_502' title='bbox 801 2511 835 2546; x_wconf 91' lang='grc'>8(</span> <span class='ocrx_word' id='word_1_503' title='bbox 855 2511 971 2548; x_wconf 88' lang='lat' dir='ltr'>eadem</span> <span class='ocrx_word' id='word_1_504' title='bbox 994 2512 1196 2557; x_wconf 84' lang='lat' dir='ltr'>capsuncu‘la</span> <span class='ocrx_word' id='word_1_505' title='bbox 1210 2536 1221 2553; x_wconf 91' lang='lat'>‚</span> <span class='ocrx_word' id='word_1_506' title='bbox 1249 2510 1318 2547; x_wconf 89' lang='lat' dir='ltr'>sive</span> <span class='ocrx_word' id='word_1_507' title='bbox 1331 2512 1475 2548; x_wconf 82' lang='lat' dir='ltr'>scattola</span> <span class='ocrx_word' id='word_1_508' title='bbox 1505 2510 1539 2544; x_wconf 89' lang='lat' dir='ltr'>in</span> <span class='ocrx_word' id='word_1_509' title='bbox 1553 2511 1670 2547; x_wconf 88' lang='lat' dir='ltr'>eadem</span> <span class='ocrx_word' id='word_1_510' title='bbox 1697 2511 1868 2548; x_wconf 79' lang='lat' dir='ltr'>mansione</span> <span class='ocrx_word' id='word_1_511' title='bbox 1882 2511 2015 2548; x_wconf 54' lang='lat' dir='ltr'>reliam</span> <span class='ocrx_word' id='word_1_512' title='bbox 2043 2511 2110 2548; x_wconf 90' lang='lat' dir='ltr'>fuit</span> <span class='ocrx_word' id='word_1_513' title='bbox 2125 2515 2268 2549; x_wconf 88' lang='lat' dir='ltr'>Beatum</span> <span class='ocrx_word' id='word_1_514' title='bbox 2288 2514 2428 2559; x_wconf 88' lang='lat' dir='ltr'>Corpus</span> <span class='ocrx_word' id='word_1_515' title='bbox 2442 2510 2478 2545; x_wconf 88' lang='lat' dir='ltr'>in</span> 
     </span>
     <span class='ocr_line' id='line_1_38' title="bbox 367 2555 2479 2608; baseline 0 -15"><span class='ocrx_word' id='word_1_516' title='bbox 367 2585 389 2604; x_wconf 85' lang='lat'>‚‚</span> <span class='ocrx_word' id='word_1_517' title='bbox 414 2555 523 2595; x_wconf 81' lang='lat' dir='ltr'>forma</span> <span class='ocrx_word' id='word_1_518' title='bbox 539 2558 611 2595; x_wconf 83' lang='lat' dir='ltr'>satis</span> <span class='ocrx_word' id='word_1_519' title='bbox 627 2559 763 2605; x_wconf 80' lang='lat' dir='ltr'>propria</span> <span class='ocrx_word' id='word_1_520' title='bbox 777 2569 926 2604; x_wconf 83' lang='lat' dir='ltr'>aptatum</span> <span class='ocrx_word' id='word_1_521' title='bbox 941 2585 954 2604; x_wconf 91' lang='lat'>,</span> <span class='ocrx_word' id='word_1_522' title='bbox 969 2561 1106 2599; x_wconf 90' lang='lat' dir='ltr'>duabus</span> <span class='ocrx_word' id='word_1_523' title='bbox 1122 2561 1271 2596; x_wconf 86' lang='lat' dir='ltr'>vestibus</span> <span class='ocrx_word' id='word_1_524' title='bbox 1284 2561 1329 2596; x_wconf 84' lang='lat' dir='ltr'>ad</span> <span class='ocrx_word' id='word_1_525' title='bbox 1343 2560 1438 2597; x_wconf 87' lang='lat' dir='ltr'>usum</span> <span class='ocrx_word' id='word_1_526' title='bbox 1452 2559 1716 2606; x_wconf 74' lang='lat' dir='ltr'>Capucinorum</span> <span class='ocrx_word' id='word_1_527' title='bbox 1731 2560 1890 2596; x_wconf 86' lang='lat' dir='ltr'>indutum</span> <span class='ocrx_word' id='word_1_528' title='bbox 1902 2585 1915 2604; x_wconf 91' lang='lat'>,</span> <span class='ocrx_word' id='word_1_529' title='bbox 1941 2559 2066 2597; x_wconf 79' lang='lat' dir='ltr'>scilicet</span> <span class='ocrx_word' id='word_1_530' title='bbox 2079 2573 2142 2608; x_wconf 89' lang='lat' dir='ltr'>pro</span> <span class='ocrx_word' id='word_1_531' title='bbox 2157 2560 2278 2608; x_wconf 85' lang='lat' dir='ltr'>majori</span> <span class='ocrx_word' id='word_1_532' title='bbox 2292 2560 2450 2596; x_wconf 88' lang='lat' dir='ltr'>decentia</span> <span class='ocrx_word' id='word_1_533' title='bbox 2464 2582 2479 2601; x_wconf 85' lang='lat'><em>‚</em></span> 
     </span>
     <span class='ocr_line' id='line_1_39' title="bbox 366 2606 2477 2656; baseline -0.001 -13"><span class='ocrx_word' id='word_1_534' title='bbox 366 2633 388 2652; x_wconf 84' lang='grc'>,,</span> <span class='ocrx_word' id='word_1_535' title='bbox 415 2609 449 2643; x_wconf 80' lang='grc'>8(</span> <span class='ocrx_word' id='word_1_536' title='bbox 474 2608 694 2647; x_wconf 71' lang='lat' dir='ltr'>veneratione</span> <span class='ocrx_word' id='word_1_537' title='bbox 709 2606 848 2643; x_wconf 86' lang='lat' dir='ltr'>interius</span> <span class='ocrx_word' id='word_1_538' title='bbox 874 2609 974 2645; x_wconf 88' lang='lat' dir='ltr'>serica</span> <span class='ocrx_word' id='word_1_539' title='bbox 986 2610 1113 2646; x_wconf 87' lang='lat' dir='ltr'>coloris</span> <span class='ocrx_word' id='word_1_540' title='bbox 1128 2609 1350 2656; x_wconf 68' lang='lat' dir='ltr'>muschiclari</span> <span class='ocrx_word' id='word_1_541' title='bbox 1367 2633 1380 2653; x_wconf 89' lang='lat'>,</span> <span class='ocrx_word' id='word_1_542' title='bbox 1405 2609 1606 2645; x_wconf 84' lang='lat' dir='ltr'>&amp;exterius</span> <span class='ocrx_word' id='word_1_543' title='bbox 1634 2611 1728 2645; x_wconf 90' lang='lat' dir='ltr'>lanea</span> <span class='ocrx_word' id='word_1_544' title='bbox 1744 2608 1840 2646; x_wconf 85' lang='lat' dir='ltr'>tereti</span> <span class='ocrx_word' id='word_1_545' title='bbox 1851 2634 1865 2653; x_wconf 87' lang='lat'><strong><em>,</em></strong></span> <span class='ocrx_word' id='word_1_546' title='bbox 1891 2610 2003 2653; x_wconf 77' lang='lat' dir='ltr'>vulgo</span> <span class='ocrx_word' id='word_1_547' title='bbox 2016 2621 2131 2646; x_wconf 73' lang='lat' dir='ltr'>mezzo</span> <span class='ocrx_word' id='word_1_548' title='bbox 2151 2608 2266 2656; x_wconf 81' lang='lat' dir='ltr'>logora</span> <span class='ocrx_word' id='word_1_549' title='bbox 2278 2632 2293 2653; x_wconf 85' lang='lat'>‚</span> <span class='ocrx_word' id='word_1_550' title='bbox 2330 2608 2477 2653; x_wconf 80' lang='lat' dir='ltr'>cingulo</span> 
     </span>
     <span class='ocr_line' id='line_1_40' title="bbox 367 2654 2478 2705; baseline 0 -15"><span class='ocrx_word' id='word_1_551' title='bbox 367 2681 388 2701; x_wconf 78' lang='lat'>‚‚</span> <span class='ocrx_word' id='word_1_552' title='bbox 414 2654 540 2698; x_wconf 84' lang='lat' dir='ltr'>funeo,</span> <span class='ocrx_word' id='word_1_553' title='bbox 566 2667 697 2692; x_wconf 89' lang='lat' dir='ltr'>corona</span> <span class='ocrx_word' id='word_1_554' title='bbox 710 2655 843 2700; x_wconf 84' lang='lat' dir='ltr'>lignea,</span> <span class='ocrx_word' id='word_1_555' title='bbox 860 2656 895 2691; x_wconf 89' lang='lat' dir='ltr'>in</span> <span class='ocrx_word' id='word_1_556' title='bbox 917 2657 1039 2692; x_wconf 86' lang='lat' dir='ltr'>eodem</span> <span class='ocrx_word' id='word_1_557' title='bbox 1054 2660 1198 2705; x_wconf 85' lang='lat' dir='ltr'>appensa</span> <span class='ocrx_word' id='word_1_558' title='bbox 1215 2685 1225 2700; x_wconf 87' lang='lat'>‚</span> <span class='ocrx_word' id='word_1_559' title='bbox 1251 2658 1352 2694; x_wconf 90' lang='lat' dir='ltr'>novis</span> <span class='ocrx_word' id='word_1_560' title='bbox 1377 2657 1536 2694; x_wconf 89' lang='lat' dir='ltr'>sandaliis</span> <span class='ocrx_word' id='word_1_561' title='bbox 1555 2657 1587 2692; x_wconf 87' lang='lat' dir='ltr'>in</span> <span class='ocrx_word' id='word_1_562' title='bbox 1606 2657 1754 2704; x_wconf 87' lang='lat' dir='ltr'>pedibus</span> <span class='ocrx_word' id='word_1_563' title='bbox 1769 2681 1782 2702; x_wconf 87' lang='lat'><strong>,</strong></span> <span class='ocrx_word' id='word_1_564' title='bbox 1806 2658 2010 2705; x_wconf 84' lang='lat' dir='ltr'>repositum,</span> <span class='ocrx_word' id='word_1_565' title='bbox 2039 2662 2071 2693; x_wconf 84' lang='lat'>&amp;</span> <span class='ocrx_word' id='word_1_566' title='bbox 2086 2659 2297 2695; x_wconf 86' lang='lat' dir='ltr'>collocatum</span> <span class='ocrx_word' id='word_1_567' title='bbox 2337 2657 2371 2693; x_wconf 88' lang='lat' dir='ltr'>in</span> <span class='ocrx_word' id='word_1_568' title='bbox 2395 2667 2478 2692; x_wconf 77' lang='lat' dir='ltr'>urna</span> 
     </span>
     <span class='ocr_line' id='line_1_41' title="bbox 366 2703 2478 2755; baseline 0 -17"><span class='ocrx_word' id='word_1_569' title='bbox 366 2730 388 2749; x_wconf 82' lang='lat'>‚‚</span> <span class='ocrx_word' id='word_1_570' title='bbox 410 2703 641 2748; x_wconf 83' lang='lat' dir='ltr'>longitudinis</span> <span class='ocrx_word' id='word_1_571' title='bbox 679 2703 714 2740; x_wconf 91' lang='lat' dir='ltr'>in</span> <span class='ocrx_word' id='word_1_572' title='bbox 750 2713 840 2751; x_wconf 82' lang='lat' dir='ltr'>parte</span> <span class='ocrx_word' id='word_1_573' title='bbox 865 2704 1020 2742; x_wconf 84' lang='lat' dir='ltr'>inferiori</span> <span class='ocrx_word' id='word_1_574' title='bbox 1044 2731 1055 2747; x_wconf 89' lang='lat'><strong>,</strong></span> <span class='ocrx_word' id='word_1_575' title='bbox 1093 2708 1286 2751; x_wconf 73' lang='lat' dir='ltr'>palmorum</span> <span class='ocrx_word' id='word_1_576' title='bbox 1322 2706 1451 2755; x_wconf 86' lang='lat' dir='ltr'>septem</span> <span class='ocrx_word' id='word_1_577' title='bbox 1484 2717 1562 2742; x_wconf 86' lang='lat' dir='ltr'>eum</span> <span class='ocrx_word' id='word_1_578' title='bbox 1594 2706 1740 2743; x_wconf 86' lang='lat' dir='ltr'>dimidio</span> <span class='ocrx_word' id='word_1_579' title='bbox 1768 2730 1781 2749; x_wconf 87' lang='lat'>,</span> <span class='ocrx_word' id='word_1_580' title='bbox 1806 2707 1994 2745; x_wconf 87' lang='lat' dir='ltr'>latitudinis</span> <span class='ocrx_word' id='word_1_581' title='bbox 2037 2709 2226 2753; x_wconf 86' lang='lat' dir='ltr'>palmorum</span> <span class='ocrx_word' id='word_1_582' title='bbox 2262 2708 2365 2742; x_wconf 87' lang='lat' dir='ltr'>trium</span> <span class='ocrx_word' id='word_1_583' title='bbox 2398 2716 2478 2741; x_wconf 88' lang='lat' dir='ltr'>cum</span> 
     </span>
     <span class='ocr_line' id='line_1_42' title="bbox 365 2751 2481 2803; baseline 0 -15"><span class='ocrx_word' id='word_1_584' title='bbox 365 2779 387 2798; x_wconf 90' lang='lat'>„</span> <span class='ocrx_word' id='word_1_585' title='bbox 410 2751 553 2789; x_wconf 85' lang='lat' dir='ltr'>dimidio</span> <span class='ocrx_word' id='word_1_586' title='bbox 566 2777 576 2792; x_wconf 82' lang='lat'>‚</span> <span class='ocrx_word' id='word_1_587' title='bbox 599 2754 634 2792; x_wconf 87' lang='lat'>&amp;</span> <span class='ocrx_word' id='word_1_588' title='bbox 647 2752 844 2792; x_wconf 80' lang='lat' dir='ltr'>altitudinis</span> <span class='ocrx_word' id='word_1_589' title='bbox 859 2755 1052 2801; x_wconf 86' lang='lat' dir='ltr'>palmorum</span> <span class='ocrx_word' id='word_1_590' title='bbox 1066 2755 1170 2792; x_wconf 89' lang='lat' dir='ltr'>trium</span> <span class='ocrx_word' id='word_1_591' title='bbox 1185 2754 1321 2792; x_wconf 82' lang='lat' dir='ltr'>circiter</span> <span class='ocrx_word' id='word_1_592' title='bbox 1336 2781 1346 2796; x_wconf 90' lang='lat'><em>‚</em></span> <span class='ocrx_word' id='word_1_593' title='bbox 1371 2759 1404 2792; x_wconf 88' lang='lat'>&amp;</span> <span class='ocrx_word' id='word_1_594' title='bbox 1420 2753 1477 2790; x_wconf 91' lang='lat' dir='ltr'>ubi</span> <span class='ocrx_word' id='word_1_595' title='bbox 1492 2757 1570 2801; x_wconf 83' lang='lat' dir='ltr'>plus</span> <span class='ocrx_word' id='word_1_596' title='bbox 1586 2781 1595 2795; x_wconf 88' lang='lat'><strong>‚</strong></span> <span class='ocrx_word' id='word_1_597' title='bbox 1611 2758 1644 2791; x_wconf 86' lang='lat'>&amp;</span> <span class='ocrx_word' id='word_1_598' title='bbox 1663 2756 1722 2791; x_wconf 91' lang='lat' dir='ltr'>ubi</span> <span class='ocrx_word' id='word_1_599' title='bbox 1734 2756 1848 2796; x_wconf 86' lang='lat' dir='ltr'>minus</span> <span class='ocrx_word' id='word_1_600' title='bbox 1865 2783 1873 2798; x_wconf 92' lang='lat'><strong>,</strong></span> <span class='ocrx_word' id='word_1_601' title='bbox 1886 2766 2015 2792; x_wconf 75' lang='lat' dir='ltr'>attenta</span> <span class='ocrx_word' id='word_1_602' title='bbox 2032 2756 2129 2793; x_wconf 90' lang='lat' dir='ltr'>illius</span> <span class='ocrx_word' id='word_1_603' title='bbox 2146 2756 2256 2791; x_wconf 88' lang='lat' dir='ltr'>forma</span> <span class='ocrx_word' id='word_1_604' title='bbox 2271 2756 2370 2803; x_wconf 79' lang='lat' dir='ltr'>supra</span> <span class='ocrx_word' id='word_1_605' title='bbox 2390 2753 2481 2803; x_wconf 83' lang='lat' dir='ltr'>posi·</span> 
     </span>
     <span class='ocr_line' id='line_1_43' title="bbox 365 2802 2478 2855; baseline 0.001 -19"><span class='ocrx_word' id='word_1_606' title='bbox 365 2827 388 2846; x_wconf 92' lang='lat'>‚‚</span> <span class='ocrx_word' id='word_1_607' title='bbox 413 2811 449 2837; x_wconf 81' lang='lat' dir='ltr'>ra</span> <span class='ocrx_word' id='word_1_608' title='bbox 463 2812 635 2848; x_wconf 85' lang='lat' dir='ltr'>‚quatuor</span> <span class='ocrx_word' id='word_1_609' title='bbox 650 2802 821 2840; x_wconf 83' lang='lat' dir='ltr'>Leonibus</span> <span class='ocrx_word' id='word_1_610' title='bbox 837 2802 980 2840; x_wconf 84' lang='lat' dir='ltr'>litteram</span> <span class='ocrx_word' id='word_1_611' title='bbox 997 2803 1034 2839; x_wconf 87' lang='lat' dir='ltr'>P.</span> <span class='ocrx_word' id='word_1_612' title='bbox 1049 2813 1116 2850; x_wconf 83' lang='lat' dir='ltr'>prae</span> <span class='ocrx_word' id='word_1_613' title='bbox 1131 2803 1276 2851; x_wconf 89' lang='lat' dir='ltr'>pedibus</span> <span class='ocrx_word' id='word_1_614' title='bbox 1295 2802 1526 2841; x_wconf 86' lang='lat' dir='ltr'>anterioribus</span> <span class='ocrx_word' id='word_1_615' title='bbox 1539 2803 1768 2848; x_wconf 88' lang='lat' dir='ltr'>habentibus,</span> <span class='ocrx_word' id='word_1_616' title='bbox 1796 2805 2106 2855; x_wconf 74' lang='lat' dir='ltr'>repraesentantibus</span> <span class='ocrx_word' id='word_1_617' title='bbox 2125 2806 2231 2842; x_wconf 85' lang='lat' dir='ltr'>Arma</span> <span class='ocrx_word' id='word_1_618' title='bbox 2246 2829 2258 2849; x_wconf 91' lang='lat'>,</span> <span class='ocrx_word' id='word_1_619' title='bbox 2285 2806 2320 2840; x_wconf 85' lang='grc'>8(</span> <span class='ocrx_word' id='word_1_620' title='bbox 2338 2806 2478 2840; x_wconf 80' lang='lat' dir='ltr'>stemma</span> 
     </span>
     <span class='ocr_line' id='line_1_44' title="bbox 362 2848 2476 2900; baseline 0 -14"><span class='ocrx_word' id='word_1_621' title='bbox 362 2875 387 2895; x_wconf 89' lang='lat'>‚,</span> <span class='ocrx_word' id='word_1_622' title='bbox 412 2849 512 2897; x_wconf 72' lang='lat' dir='ltr'>hujus</span> <span class='ocrx_word' id='word_1_623' title='bbox 529 2850 727 2888; x_wconf 76' lang='lat' dir='ltr'>Leouiffnnae</span> <span class='ocrx_word' id='word_1_624' title='bbox 740 2848 905 2889; x_wconf 81' lang='lat' dir='ltr'>Civitatis</span> <span class='ocrx_word' id='word_1_625' title='bbox 920 2864 996 2888; x_wconf 89' lang='lat' dir='ltr'>cum</span> <span class='ocrx_word' id='word_1_626' title='bbox 1045 2863 1164 2889; x_wconf 85' lang='lat' dir='ltr'>uatuor</span> <span class='ocrx_word' id='word_1_627' title='bbox 1179 2851 1404 2898; x_wconf 86' lang='lat' dir='ltr'>frontespitiis</span> <span class='ocrx_word' id='word_1_628' title='bbox 1419 2877 1430 2896; x_wconf 81' lang='lat'>‚</span> <span class='ocrx_word' id='word_1_629' title='bbox 1454 2851 1489 2889; x_wconf 79' lang='lat'>8&lt;</span> <span class='ocrx_word' id='word_1_630' title='bbox 1512 2853 1606 2900; x_wconf 87' lang='lat' dir='ltr'>super</span> <span class='ocrx_word' id='word_1_631' title='bbox 1633 2853 1703 2890; x_wconf 82' lang='lat' dir='ltr'>istis</span> <span class='ocrx_word' id='word_1_632' title='bbox 1723 2852 1839 2900; x_wconf 79' lang='lat' dir='ltr'>posuis</span> <span class='ocrx_word' id='word_1_633' title='bbox 1855 2865 2002 2899; x_wconf 85' lang='lat' dir='ltr'>quatuor</span> <span class='ocrx_word' id='word_1_634' title='bbox 2032 2853 2155 2898; x_wconf 86' lang='lat' dir='ltr'>figuris</span> <span class='ocrx_word' id='word_1_635' title='bbox 2170 2855 2386 2899; x_wconf 86' lang='lat' dir='ltr'>Angelorum</span> <span class='ocrx_word' id='word_1_636' title='bbox 2401 2877 2414 2896; x_wconf 81' lang='lat'>‚</span> <span class='ocrx_word' id='word_1_637' title='bbox 2439 2856 2476 2888; x_wconf 84' lang='lat'>&amp;</span> 
     </span>
     <span class='ocr_line' id='line_1_45' title="bbox 365 2898 2476 2950; baseline 0.001 -16"><span class='ocrx_word' id='word_1_638' title='bbox 365 2924 388 2943; x_wconf 92' lang='lat'>‚,</span> <span class='ocrx_word' id='word_1_639' title='bbox 412 2900 472 2938; x_wconf 80' lang='lat' dir='ltr'>sex</span> <span class='ocrx_word' id='word_1_640' title='bbox 487 2898 767 2936; x_wconf 81' lang='lat' dir='ltr'>cherubinorum</span> <span class='ocrx_word' id='word_1_641' title='bbox 786 2924 801 2943; x_wconf 81' lang='lat'>‚</span> <span class='ocrx_word' id='word_1_642' title='bbox 826 2900 967 2948; x_wconf 84' lang='lat' dir='ltr'>aliisque</span> <span class='ocrx_word' id='word_1_643' title='bbox 987 2914 1006 2936; x_wconf 92' lang='lat' dir='ltr'>a</span> <span class='ocrx_word' id='word_1_644' title='bbox 1036 2899 1114 2938; x_wconf 71' lang='lat' dir='ltr'>abre</span> <span class='ocrx_word' id='word_1_645' title='bbox 1148 2901 1334 2937; x_wconf 86' lang='lat' dir='ltr'>elaboratis</span> <span class='ocrx_word' id='word_1_646' title='bbox 1357 2900 1590 2943; x_wconf 85' lang='lat' dir='ltr'>ornamentis,</span> <span class='ocrx_word' id='word_1_647' title='bbox 1616 2902 1744 2950; x_wconf 87' lang='lat' dir='ltr'>ubique</span> <span class='ocrx_word' id='word_1_648' title='bbox 1767 2902 1804 2938; x_wconf 87' lang='lat' dir='ltr'>in</span> <span class='ocrx_word' id='word_1_649' title='bbox 1819 2901 1910 2939; x_wconf 66' lang='lat' dir='ltr'>dieta</span> <span class='ocrx_word' id='word_1_650' title='bbox 1938 2914 2020 2938; x_wconf 85' lang='lat' dir='ltr'>urna</span> <span class='ocrx_word' id='word_1_651' title='bbox 2044 2903 2124 2938; x_wconf 76' lang='lat' dir='ltr'>satis</span> <span class='ocrx_word' id='word_1_652' title='bbox 2152 2904 2240 2939; x_wconf 86' lang='lat' dir='ltr'>bene</span> <span class='ocrx_word' id='word_1_653' title='bbox 2268 2902 2416 2949; x_wconf 86' lang='lat' dir='ltr'>aptatis,</span> <span class='ocrx_word' id='word_1_654' title='bbox 2440 2902 2476 2937; x_wconf 88' lang='grc'>8(</span> 
     </span>
     <span class='ocr_line' id='line_1_46' title="bbox 361 2947 2479 3002; baseline 0 -16"><span class='ocrx_word' id='word_1_655' title='bbox 361 2977 383 2996; x_wconf 86' lang='grc'>,,</span> <span class='ocrx_word' id='word_1_656' title='bbox 407 2947 575 2996; x_wconf 77' lang='lat' dir='ltr'>dispositis</span> <span class='ocrx_word' id='word_1_657' title='bbox 591 2960 636 2986; x_wconf 81' lang='lat' dir='ltr'>ex</span> <span class='ocrx_word' id='word_1_658' title='bbox 651 2949 745 2994; x_wconf 84' lang='lat' dir='ltr'>ligno</span> <span class='ocrx_word' id='word_1_659' title='bbox 761 2950 887 2998; x_wconf 79' lang='lat' dir='ltr'>ubique</span> <span class='ocrx_word' id='word_1_660' title='bbox 900 2948 1226 2991; x_wconf 83' lang='lat' dir='ltr'>deaurat0‚exclulis</span> <span class='ocrx_word' id='word_1_661' title='bbox 1238 2959 1348 2986; x_wconf 80' lang='lat' dir='ltr'>tamen</span> <span class='ocrx_word' id='word_1_662' title='bbox 1363 2951 1474 2996; x_wconf 83' lang='lat' dir='ltr'>planis</span> <span class='ocrx_word' id='word_1_663' title='bbox 1488 2951 1740 2989; x_wconf 85' lang='lat' dir='ltr'>recurrentibus</span> <span class='ocrx_word' id='word_1_664' title='bbox 1751 2950 1877 2994; x_wconf 85' lang='lat' dir='ltr'>circum</span> <span class='ocrx_word' id='word_1_665' title='bbox 1890 2952 1978 2988; x_wconf 89' lang='lat' dir='ltr'>circa</span> <span class='ocrx_word' id='word_1_666' title='bbox 1993 2951 2151 2988; x_wconf 85' lang='lat' dir='ltr'>Cristalla</span> <span class='ocrx_word' id='word_1_667' title='bbox 2162 2951 2270 3002; x_wconf 63' lang='lat' dir='ltr'>pafiiis</span> <span class='ocrx_word' id='word_1_668' title='bbox 2283 2951 2479 2993; x_wconf 85' lang='lat' dir='ltr'>coloribus,</span> 
     </span>
     <span class='ocr_line' id='line_1_47' title="bbox 364 2996 2471 3048; baseline 0 -14"><span class='ocrx_word' id='word_1_669' title='bbox 364 3025 386 3046; x_wconf 84' lang='lat'>„</span> <span class='ocrx_word' id='word_1_670' title='bbox 412 2999 619 3045; x_wconf 82' lang='lat' dir='ltr'>nuncupatis</span> <span class='ocrx_word' id='word_1_671' title='bbox 631 2996 834 3046; x_wconf 74' lang='lat' dir='ltr'>lapislaezaro</span> <span class='ocrx_word' id='word_1_672' title='bbox 847 3024 861 3044; x_wconf 88' lang='lat'>,</span> <span class='ocrx_word' id='word_1_673' title='bbox 874 2999 940 3039; x_wconf 85' lang='lat' dir='ltr'>suis</span> <span class='ocrx_word' id='word_1_674' title='bbox 951 2998 1095 3036; x_wconf 51' lang='lat' dir='ltr'>,obclusa</span> <span class='ocrx_word' id='word_1_675' title='bbox 1106 2998 1261 3036; x_wconf 86' lang='lat' dir='ltr'>cristallis</span> <span class='ocrx_word' id='word_1_676' title='bbox 1278 2998 1443 3046; x_wconf 65' lang='lat' dir='ltr'>pradiais</span> <span class='ocrx_word' id='word_1_677' title='bbox 1460 3027 1470 3043; x_wconf 87' lang='lat'><strong>,</strong></span> <span class='ocrx_word' id='word_1_678' title='bbox 1484 2999 1519 3034; x_wconf 79' lang='lat' dir='ltr'>sn</span> <span class='ocrx_word' id='word_1_679' title='bbox 1533 3001 1698 3038; x_wconf 89' lang='lat' dir='ltr'>omnibus</span> <span class='ocrx_word' id='word_1_680' title='bbox 1718 2999 1793 3047; x_wconf 85' lang='lat' dir='ltr'>ejus</span> <span class='ocrx_word' id='word_1_681' title='bbox 1814 3010 1964 3048; x_wconf 81' lang='lat' dir='ltr'>quatuor</span> <span class='ocrx_word' id='word_1_682' title='bbox 1981 3001 2134 3047; x_wconf 85' lang='lat' dir='ltr'>partibus</span> <span class='ocrx_word' id='word_1_683' title='bbox 2145 3025 2158 3045; x_wconf 91' lang='lat'><strong>‚</strong></span> <span class='ocrx_word' id='word_1_684' title='bbox 2186 3001 2264 3037; x_wconf 82' lang='lat' dir='ltr'>licet</span> <span class='ocrx_word' id='word_1_685' title='bbox 2278 3011 2389 3037; x_wconf 77' lang='lat' dir='ltr'>tamen</span> <span class='ocrx_word' id='word_1_686' title='bbox 2405 3000 2471 3035; x_wconf 71' lang='lat' dir='ltr'>in..</span> 
     </span>
     <span class='ocr_line' id='line_1_48' title="bbox 365 3045 2474 3097; baseline 0 -15"><span class='ocrx_word' id='word_1_687' title='bbox 365 3074 387 3095; x_wconf 85' lang='lat'>‚,</span> <span class='ocrx_word' id='word_1_688' title='bbox 416 3047 483 3085; x_wconf 86' lang='lat' dir='ltr'>illis</span> <span class='ocrx_word' id='word_1_689' title='bbox 495 3045 672 3084; x_wconf 83' lang='lat' dir='ltr'>facialibus</span> <span class='ocrx_word' id='word_1_690' title='bbox 699 3058 768 3083; x_wconf 87' lang='lat' dir='ltr'>non</span> <span class='ocrx_word' id='word_1_691' title='bbox 788 3047 849 3083; x_wconf 87' lang='lat' dir='ltr'>lint</span> <span class='ocrx_word' id='word_1_692' title='bbox 868 3049 1000 3094; x_wconf 82' lang='lat' dir='ltr'>integra</span> <span class='ocrx_word' id='word_1_693' title='bbox 1020 3074 1030 3090; x_wconf 91' lang='lat'>,</span> <span class='ocrx_word' id='word_1_694' title='bbox 1052 3047 1108 3085; x_wconf 87' lang='lat' dir='ltr'>sed</span> <span class='ocrx_word' id='word_1_695' title='bbox 1121 3048 1270 3084; x_wconf 88' lang='lat' dir='ltr'>duorum</span> <span class='ocrx_word' id='word_1_696' title='bbox 1285 3049 1457 3094; x_wconf 87' lang='lat' dir='ltr'>petiorum</span> <span class='ocrx_word' id='word_1_697' title='bbox 1472 3073 1486 3093; x_wconf 91' lang='lat'>,</span> <span class='ocrx_word' id='word_1_698' title='bbox 1512 3048 1567 3085; x_wconf 85' lang='lat' dir='ltr'>sed</span> <span class='ocrx_word' id='word_1_699' title='bbox 1585 3058 1693 3085; x_wconf 86' lang='lat' dir='ltr'>tamen</span> <span class='ocrx_word' id='word_1_700' title='bbox 1715 3046 1749 3085; x_wconf 86' lang='lat' dir='ltr'>in</span> <span class='ocrx_word' id='word_1_701' title='bbox 1762 3049 1871 3085; x_wconf 87' lang='lat' dir='ltr'>tribus</span> <span class='ocrx_word' id='word_1_702' title='bbox 1885 3050 2038 3097; x_wconf 85' lang='lat' dir='ltr'>partibus</span> <span class='ocrx_word' id='word_1_703' title='bbox 2064 3051 2151 3087; x_wconf 90' lang='lat' dir='ltr'>bene</span> <span class='ocrx_word' id='word_1_704' title='bbox 2177 3050 2247 3086; x_wconf 81' lang='lat' dir='ltr'>fixa</span> <span class='ocrx_word' id='word_1_705' title='bbox 2260 3073 2272 3092; x_wconf 96' lang='lat'><strong>‚</strong></span> <span class='ocrx_word' id='word_1_706' title='bbox 2297 3054 2330 3085; x_wconf 83' lang='lat'>&amp;</span> <span class='ocrx_word' id='word_1_707' title='bbox 2346 3049 2474 3084; x_wconf 90' lang='lat' dir='ltr'>immo-</span> 
     </span>
     <span class='ocr_line' id='line_1_49' title="bbox 365 3096 2471 3146; baseline 0 -15"><span class='ocrx_word' id='word_1_708' title='bbox 365 3123 386 3143; x_wconf 56' lang='lat'>„</span> <span class='ocrx_word' id='word_1_709' title='bbox 414 3096 496 3133; x_wconf 84' lang='lat' dir='ltr'>bilia</span> <span class='ocrx_word' id='word_1_710' title='bbox 511 3120 524 3139; x_wconf 85' lang='lat'>,</span> <span class='ocrx_word' id='word_1_711' title='bbox 550 3108 624 3144; x_wconf 78' lang='lat' dir='ltr'>quae</span> <span class='ocrx_word' id='word_1_712' title='bbox 640 3096 777 3143; x_wconf 84' lang='lat' dir='ltr'>quidem</span> <span class='ocrx_word' id='word_1_713' title='bbox 803 3097 963 3134; x_wconf 85' lang='lat' dir='ltr'>Cristalla</span> <span class='ocrx_word' id='word_1_714' title='bbox 987 3096 1177 3140; x_wconf 87' lang='lat' dir='ltr'>custodita,</span> <span class='ocrx_word' id='word_1_715' title='bbox 1204 3096 1238 3132; x_wconf 90' lang='grc'>8(</span> <span class='ocrx_word' id='word_1_716' title='bbox 1259 3108 1412 3143; x_wconf 88' lang='lat' dir='ltr'>reparata</span> <span class='ocrx_word' id='word_1_717' title='bbox 1433 3109 1604 3134; x_wconf 88' lang='lat' dir='ltr'>remanent</span> <span class='ocrx_word' id='word_1_718' title='bbox 1624 3099 1643 3133; x_wconf 66' lang='grc' dir='ltr'><strong>ἃ</strong></span> <span class='ocrx_word' id='word_1_719' title='bbox 1671 3098 1821 3136; x_wconf 84' lang='lat' dir='ltr'>Tabulis</span> <span class='ocrx_word' id='word_1_720' title='bbox 1841 3098 1996 3135; x_wconf 84' lang='lat' dir='ltr'>exterius</span> <span class='ocrx_word' id='word_1_721' title='bbox 2018 3099 2170 3146; x_wconf 83' lang='lat' dir='ltr'>aptatis,</span> <span class='ocrx_word' id='word_1_722' title='bbox 2199 3109 2275 3134; x_wconf 88' lang='lat' dir='ltr'>cum</span> <span class='ocrx_word' id='word_1_723' title='bbox 2302 3098 2382 3133; x_wconf 78' lang='lat' dir='ltr'>stris</span> <span class='ocrx_word' id='word_1_724' title='bbox 2396 3120 2408 3139; x_wconf 90' lang='lat'>‚</span> <span class='ocrx_word' id='word_1_725' title='bbox 2435 3102 2471 3132; x_wconf 69' lang='grc' dir='ltr'><strong>ὃ(</strong></span> 
     </span>
     <span class='ocr_line' id='line_1_50' title="bbox 366 3145 2470 3195; baseline -0 -14"><span class='ocrx_word' id='word_1_726' title='bbox 366 3172 388 3190; x_wconf 77' lang='grc'>,,</span> <span class='ocrx_word' id='word_1_727' title='bbox 415 3145 596 3186; x_wconf 88' lang='lat' dir='ltr'>clavibus,</span> <span class='ocrx_word' id='word_1_728' title='bbox 620 3146 655 3182; x_wconf 87' lang='lat'>&amp;</span> <span class='ocrx_word' id='word_1_729' title='bbox 672 3145 704 3180; x_wconf 90' lang='lat' dir='ltr'>in</span> <span class='ocrx_word' id='word_1_730' title='bbox 719 3145 789 3182; x_wconf 87' lang='lat' dir='ltr'>illis</span> <span class='ocrx_word' id='word_1_731' title='bbox 800 3146 943 3184; x_wconf 86' lang='lat' dir='ltr'>extensis</span> <span class='ocrx_word' id='word_1_732' title='bbox 957 3146 1033 3185; x_wconf 87' lang='lat' dir='ltr'>telis</span> <span class='ocrx_word' id='word_1_733' title='bbox 1047 3146 1169 3194; x_wconf 65' lang='lat' dir='ltr'>pistis,</span> <span class='ocrx_word' id='word_1_734' title='bbox 1181 3146 1523 3193; x_wconf 72' lang='lat' dir='ltr'>repraesentantibus,</span> <span class='ocrx_word' id='word_1_735' title='bbox 1549 3158 1669 3192; x_wconf 88' lang='lat' dir='ltr'>nempe</span> <span class='ocrx_word' id='word_1_736' title='bbox 1685 3148 1728 3182; x_wconf 92' lang='lat' dir='ltr'>ab</span> <span class='ocrx_word' id='word_1_737' title='bbox 1744 3159 1811 3183; x_wconf 92' lang='lat' dir='ltr'>una</span> <span class='ocrx_word' id='word_1_738' title='bbox 1839 3158 1932 3193; x_wconf 89' lang='lat' dir='ltr'>parte</span> <span class='ocrx_word' id='word_1_739' title='bbox 1948 3147 2034 3184; x_wconf 86' lang='lat' dir='ltr'>facili</span> <span class='ocrx_word' id='word_1_740' title='bbox 2050 3146 2314 3195; x_wconf 85' lang='lat' dir='ltr'>Corpusjacens</span> <span class='ocrx_word' id='word_1_741' title='bbox 2341 3145 2470 3181; x_wconf 84' lang='lat' dir='ltr'>laudati</span> 
     </span>
     <span class='ocr_line' id='line_1_51' title="bbox 367 3194 2476 3243; baseline 0 -14"><span class='ocrx_word' id='word_1_742' title='bbox 367 3222 387 3240; x_wconf 76' lang='lat'>‚‚</span> <span class='ocrx_word' id='word_1_743' title='bbox 416 3195 510 3230; x_wconf 81' lang='lat' dir='ltr'>Beati</span> <span class='ocrx_word' id='word_1_744' title='bbox 520 3194 659 3242; x_wconf 84' lang='lat' dir='ltr'>Jos&#39;ephi</span> <span class='ocrx_word' id='word_1_745' title='bbox 674 3217 688 3237; x_wconf 84' lang='lat'>,</span> <span class='ocrx_word' id='word_1_746' title='bbox 713 3195 756 3230; x_wconf 88' lang='lat' dir='ltr'>ab</span> <span class='ocrx_word' id='word_1_747' title='bbox 769 3195 874 3230; x_wconf 88' lang='lat' dir='ltr'>altera</span> <span class='ocrx_word' id='word_1_748' title='bbox 901 3196 994 3232; x_wconf 91' lang='lat' dir='ltr'>illius</span> <span class='ocrx_word' id='word_1_749' title='bbox 1010 3194 1235 3243; x_wconf 86' lang='lat' dir='ltr'>Martyrium,</span> <span class='ocrx_word' id='word_1_750' title='bbox 1260 3206 1494 3240; x_wconf 80' lang='lat' dir='ltr'>nuncupatum</span> <span class='ocrx_word' id='word_1_751' title='bbox 1517 3195 1575 3233; x_wconf 85' lang='lat' dir='ltr'>del</span> <span class='ocrx_word' id='word_1_752' title='bbox 1596 3196 1772 3237; x_wconf 76' lang='lat' dir='ltr'>Grancso,</span> <span class='ocrx_word' id='word_1_753' title='bbox 1797 3196 1832 3233; x_wconf 89' lang='lat'>&amp;</span> <span class='ocrx_word' id='word_1_754' title='bbox 1854 3197 1874 3232; x_wconf 66' lang='grc' dir='ltr'><strong>ἃ</strong></span> <span class='ocrx_word' id='word_1_755' title='bbox 1901 3196 2062 3233; x_wconf 71' lang='lat' dir='ltr'>lateribus</span> <span class='ocrx_word' id='word_1_756' title='bbox 2089 3196 2312 3239; x_wconf 78' lang='lat' dir='ltr'>miraculum,</span> <span class='ocrx_word' id='word_1_757' title='bbox 2337 3196 2372 3231; x_wconf 88' lang='grc'>8(</span> <span class='ocrx_word' id='word_1_758' title='bbox 2388 3206 2476 3242; x_wconf 84' lang='lat' dir='ltr'>pro-</span> 
     </span>
     <span class='ocr_line' id='line_1_52' title="bbox 368 3243 2470 3292; baseline -0.001 -13"><span class='ocrx_word' id='word_1_759' title='bbox 368 3270 388 3288; x_wconf 89' lang='lat'>„</span> <span class='ocrx_word' id='word_1_760' title='bbox 415 3243 545 3288; x_wconf 85' lang='lat' dir='ltr'>digium</span> <span class='ocrx_word' id='word_1_761' title='bbox 571 3243 741 3290; x_wconf 87' lang='lat' dir='ltr'>petillius</span> <span class='ocrx_word' id='word_1_762' title='bbox 758 3243 1030 3280; x_wconf 71' lang='lat' dir='ltr'>intercessionem</span> <span class='ocrx_word' id='word_1_763' title='bbox 1045 3245 1064 3281; x_wconf 61' lang='grc' dir='ltr'>ἃ</span> <span class='ocrx_word' id='word_1_764' title='bbox 1081 3245 1161 3281; x_wconf 91' lang='lat' dir='ltr'>Deo</span> <span class='ocrx_word' id='word_1_765' title='bbox 1176 3244 1350 3292; x_wconf 66' lang='lat' dir='ltr'>peraRum</span> <span class='ocrx_word' id='word_1_766' title='bbox 1373 3243 1408 3281; x_wconf 85' lang='lat' dir='ltr'>iu</span> <span class='ocrx_word' id='word_1_767' title='bbox 1421 3244 1629 3283; x_wconf 85' lang='lat' dir='ltr'>restituendo</span> <span class='ocrx_word' id='word_1_768' title='bbox 1653 3245 1763 3282; x_wconf 86' lang='lat' dir='ltr'>lucem</span> <span class='ocrx_word' id='word_1_769' title='bbox 1776 3257 1868 3282; x_wconf 82' lang='lat' dir='ltr'>eaeco</span> <span class='ocrx_word' id='word_1_770' title='bbox 1879 3256 1981 3288; x_wconf 90' lang='lat' dir='ltr'>orto,</span> <span class='ocrx_word' id='word_1_771' title='bbox 2009 3245 2246 3283; x_wconf 79' lang='lat' dir='ltr'>&amp;Sanitatem</span> <span class='ocrx_word' id='word_1_772' title='bbox 2267 3244 2411 3281; x_wconf 81' lang='lat' dir='ltr'>infirmo</span> <span class='ocrx_word' id='word_1_773' title='bbox 2435 3243 2470 3278; x_wconf 90' lang='lat' dir='ltr'>in</span> 
     </span>
     <span class='ocr_line' id='line_1_53' title="bbox 370 3291 2469 3340; baseline 0 -12"><span class='ocrx_word' id='word_1_774' title='bbox 370 3319 390 3336; x_wconf 79' lang='lat'>„</span> <span class='ocrx_word' id='word_1_775' title='bbox 416 3303 505 3336; x_wconf 86' lang='lat' dir='ltr'>genu</span> <span class='ocrx_word' id='word_1_776' title='bbox 522 3291 692 3330; x_wconf 79' lang='lat' dir='ltr'>laboranti</span> <span class='ocrx_word' id='word_1_777' title='bbox 707 3304 716 3327; x_wconf 72' lang='grc' dir='ltr'><strong>ε</strong></span> <span class='ocrx_word' id='word_1_778' title='bbox 743 3292 778 3329; x_wconf 85' lang='grc'>8(</span> <span class='ocrx_word' id='word_1_779' title='bbox 792 3292 929 3329; x_wconf 62' lang='lat' dir='ltr'>dunum</span> <span class='ocrx_word' id='word_1_780' title='bbox 950 3294 984 3328; x_wconf 87' lang='lat' dir='ltr'>in</span> <span class='ocrx_word' id='word_1_781' title='bbox 996 3292 1099 3330; x_wconf 62' lang='lat' dir='ltr'>dietis</span> <span class='ocrx_word' id='word_1_782' title='bbox 1113 3291 1269 3340; x_wconf 89' lang='lat' dir='ltr'>partibus</span> <span class='ocrx_word' id='word_1_783' title='bbox 1291 3292 1356 3329; x_wconf 89' lang='lat' dir='ltr'>faci</span> <span class='ocrx_word' id='word_1_784' title='bbox 1380 3293 1467 3330; x_wconf 87' lang='lat' dir='ltr'>libus</span> <span class='ocrx_word' id='word_1_785' title='bbox 1480 3317 1493 3337; x_wconf 82' lang='lat'>‚</span> <span class='ocrx_word' id='word_1_786' title='bbox 1519 3307 1597 3330; x_wconf 88' lang='lat' dir='ltr'>cum</span> <span class='ocrx_word' id='word_1_787' title='bbox 1614 3294 1830 3332; x_wconf 88' lang='lat' dir='ltr'>Tabunculis</span> <span class='ocrx_word' id='word_1_788' title='bbox 1844 3318 1855 3337; x_wconf 91' lang='lat'><strong>,</strong></span> <span class='ocrx_word' id='word_1_789' title='bbox 1882 3294 1939 3331; x_wconf 87' lang='lat' dir='ltr'>seu</span> <span class='ocrx_word' id='word_1_790' title='bbox 1953 3293 2159 3331; x_wconf 86' lang='lat' dir='ltr'>Cartellinis</span> <span class='ocrx_word' id='word_1_791' title='bbox 2177 3291 2344 3340; x_wconf 88' lang='lat' dir='ltr'>inscriptis</span> <span class='ocrx_word' id='word_1_792' title='bbox 2362 3317 2374 3333; x_wconf 90' lang='lat'>‚</span> <span class='ocrx_word' id='word_1_793' title='bbox 2400 3291 2469 3328; x_wconf 83' lang='lat' dir='ltr'>sive</span> 
     </span>
     <span class='ocr_line' id='line_1_54' title="bbox 369 3339 2469 3393; baseline 0 -18"><span class='ocrx_word' id='word_1_794' title='bbox 369 3368 390 3384; x_wconf 87' lang='lat'>‚‚</span> <span class='ocrx_word' id='word_1_795' title='bbox 416 3341 552 3389; x_wconf 85' lang='lat' dir='ltr'>sculptis</span> <span class='ocrx_word' id='word_1_796' title='bbox 567 3352 689 3391; x_wconf 85' lang='lat' dir='ltr'>nempe</span> <span class='ocrx_word' id='word_1_797' title='bbox 713 3350 748 3373; x_wconf 91' lang='lat'>=</span> <span class='ocrx_word' id='word_1_798' title='bbox 774 3339 915 3389; x_wconf 85' lang='lat' dir='ltr'>Corpus</span> <span class='ocrx_word' id='word_1_799' title='bbox 943 3342 1042 3379; x_wconf 87' lang='lat' dir='ltr'>Beati</span> <span class='ocrx_word' id='word_1_800' title='bbox 1067 3341 1205 3393; x_wconf 87' lang='lat' dir='ltr'>Josephi</span> <span class='ocrx_word' id='word_1_801' title='bbox 1229 3343 1249 3381; x_wconf 58' lang='grc' dir='ltr'>ἃ</span> <span class='ocrx_word' id='word_1_802' title='bbox 1277 3341 1430 3379; x_wconf 77' lang='lat' dir='ltr'>Leomrra</span> <span class='ocrx_word' id='word_1_803' title='bbox 1452 3343 1626 3391; x_wconf 82' lang='lat' dir='ltr'>Capucini</span> <span class='ocrx_word' id='word_1_804' title='bbox 1645 3367 1659 3388; x_wconf 90' lang='lat'>,</span> <span class='ocrx_word' id='word_1_805' title='bbox 1684 3345 1719 3380; x_wconf 87' lang='grc'>8(</span> <span class='ocrx_word' id='word_1_806' title='bbox 1748 3343 1954 3380; x_wconf 85' lang='lat' dir='ltr'>Missionarii</span> <span class='ocrx_word' id='word_1_807' title='bbox 1981 3342 2172 3390; x_wconf 83' lang='lat' dir='ltr'>Apostolici</span> <span class='ocrx_word' id='word_1_808' title='bbox 2198 3351 2233 3375; x_wconf 69' lang='grc' dir='ltr'><em>τ..-</em></span> <span class='ocrx_word' id='word_1_809' title='bbox 2262 3346 2362 3378; x_wconf 78' lang='lat' dir='ltr'>lntus</span> <span class='ocrx_word' id='word_1_810' title='bbox 2385 3343 2469 3377; x_wconf 76' lang='lat' dir='ltr'>verb</span> 
     </span>
     <span class='ocr_line' id='line_1_55' title="bbox 371 3388 2469 3440; baseline 0.001 -16"><span class='ocrx_word' id='word_1_811' title='bbox 371 3415 393 3434; x_wconf 77' lang='lat'>‚‚</span> <span class='ocrx_word' id='word_1_812' title='bbox 419 3391 550 3428; x_wconf 85' lang='lat' dir='ltr'>munita</span> <span class='ocrx_word' id='word_1_813' title='bbox 565 3389 768 3430; x_wconf 63' lang='lat' dir='ltr'>lefiunculo</span> <span class='ocrx_word' id='word_1_814' title='bbox 784 3388 890 3427; x_wconf 83' lang='lat' dir='ltr'>serico</span> <span class='ocrx_word' id='word_1_815' title='bbox 913 3392 1043 3427; x_wconf 83' lang='lat' dir='ltr'>undaro</span> <span class='ocrx_word' id='word_1_816' title='bbox 1058 3391 1187 3428; x_wconf 86' lang='lat' dir='ltr'>coloris</span> <span class='ocrx_word' id='word_1_817' title='bbox 1213 3390 1407 3439; x_wconf 79' lang='lat' dir='ltr'>persarum,</span> <span class='ocrx_word' id='word_1_818' title='bbox 1429 3392 1465 3429; x_wconf 88' lang='grc'>8(</span> <span class='ocrx_word' id='word_1_819' title='bbox 1483 3392 1654 3440; x_wconf 81' lang='lat' dir='ltr'>pulvinari</span> <span class='ocrx_word' id='word_1_820' title='bbox 1674 3391 1789 3428; x_wconf 87' lang='lat' dir='ltr'>similis</span> <span class='ocrx_word' id='word_1_821' title='bbox 1812 3392 1941 3429; x_wconf 83' lang='lat' dir='ltr'>coloris</span> <span class='ocrx_word' id='word_1_822' title='bbox 1964 3391 2079 3431; x_wconf 77' lang='lat' dir='ltr'>floris,</span> <span class='ocrx_word' id='word_1_823' title='bbox 2105 3391 2260 3438; x_wconf 79' lang='lat' dir='ltr'>vittaque</span> <span class='ocrx_word' id='word_1_824' title='bbox 2273 3390 2375 3427; x_wconf 77' lang='lat' dir='ltr'>serica</span> <span class='ocrx_word' id='word_1_825' title='bbox 2389 3394 2469 3428; x_wconf 81' lang='lat' dir='ltr'>alba.</span> 
     </span>
     <span class='ocr_line' id='line_1_56' title="bbox 371 3438 2470 3490; baseline 0.003 -18"><span class='ocrx_word' id='word_1_826' title='bbox 371 3465 394 3482; x_wconf 89' lang='lat'>„</span> <span class='ocrx_word' id='word_1_827' title='bbox 419 3449 558 3481; x_wconf 81' lang='lat' dir='ltr'>ornato,</span> <span class='ocrx_word' id='word_1_828' title='bbox 584 3441 618 3478; x_wconf 89' lang='grc'><strong>8(</strong></span> <span class='ocrx_word' id='word_1_829' title='bbox 642 3441 676 3477; x_wconf 84' lang='lat' dir='ltr'>in</span> <span class='ocrx_word' id='word_1_830' title='bbox 692 3451 786 3490; x_wconf 88' lang='lat' dir='ltr'>parte</span> <span class='ocrx_word' id='word_1_831' title='bbox 801 3438 969 3487; x_wconf 84' lang='lat' dir='ltr'>superiori</span> <span class='ocrx_word' id='word_1_832' title='bbox 995 3439 1092 3477; x_wconf 83' lang='lat' dir='ltr'>simili</span> <span class='ocrx_word' id='word_1_833' title='bbox 1103 3439 1220 3477; x_wconf 84' lang='lat' dir='ltr'>colore</span> <span class='ocrx_word' id='word_1_834' title='bbox 1244 3438 1335 3488; x_wconf 63' lang='lat' dir='ltr'>pil-&#39;ta</span> <span class='ocrx_word' id='word_1_835' title='bbox 1358 3441 1466 3479; x_wconf 85' lang='lat' dir='ltr'>stellis</span> <span class='ocrx_word' id='word_1_836' title='bbox 1484 3439 1623 3488; x_wconf 79' lang='lat' dir='ltr'>aspersis</span> <span class='ocrx_word' id='word_1_837' title='bbox 1638 3467 1652 3486; x_wconf 88' lang='lat'>,</span> <span class='ocrx_word' id='word_1_838' title='bbox 1676 3441 1855 3489; x_wconf 82' lang='lat' dir='ltr'>&amp;effigies</span> <span class='ocrx_word' id='word_1_839' title='bbox 1881 3440 2029 3487; x_wconf 81' lang='lat' dir='ltr'>Spiritus</span> <span class='ocrx_word' id='word_1_840' title='bbox 2042 3438 2158 3475; x_wconf 74' lang='lat' dir='ltr'>Ssnffl</span> <span class='ocrx_word' id='word_1_841' title='bbox 2183 3440 2217 3476; x_wconf 86' lang='lat' dir='ltr'>in</span> <span class='ocrx_word' id='word_1_842' title='bbox 2239 3439 2354 3476; x_wconf 87' lang='lat' dir='ltr'>medio</span> <span class='ocrx_word' id='word_1_843' title='bbox 2378 3440 2470 3488; x_wconf 66' lang='lat' dir='ltr'>pista</span> 
     </span>
     <span class='ocr_line' id='line_1_57' title="bbox 370 3487 2468 3538; baseline -0.001 -9"><span class='ocrx_word' id='word_1_844' title='bbox 370 3514 394 3531; x_wconf 77' lang='lat'>‚‚</span> <span class='ocrx_word' id='word_1_845' title='bbox 420 3489 453 3521; x_wconf 82' lang='lat'>&amp;</span> <span class='ocrx_word' id='word_1_846' title='bbox 469 3487 596 3527; x_wconf 89' lang='lat' dir='ltr'>circum</span> <span class='ocrx_word' id='word_1_847' title='bbox 620 3489 709 3527; x_wconf 82' lang='lat' dir='ltr'>circa</span> <span class='ocrx_word' id='word_1_848' title='bbox 727 3488 834 3528; x_wconf 85' lang='lat' dir='ltr'>serico</span> <span class='ocrx_word' id='word_1_849' title='bbox 859 3488 999 3526; x_wconf 77' lang='lat' dir='ltr'>rosaceo</span> <span class='ocrx_word' id='word_1_850' title='bbox 1019 3501 1096 3527; x_wconf 88' lang='lat' dir='ltr'>cum</span> <span class='ocrx_word' id='word_1_851' title='bbox 1116 3489 1322 3526; x_wconf 72' lang='lat' dir='ltr'>ornamentis</span> <span class='ocrx_word' id='word_1_852' title='bbox 1347 3491 1554 3538; x_wconf 80' lang='lat' dir='ltr'>nuncupatis</span> <span class='ocrx_word' id='word_1_853' title='bbox 1572 3490 1714 3538; x_wconf 73' lang='lat' dir='ltr'>francie</span> <span class='ocrx_word' id='word_1_854' title='bbox 1734 3514 1747 3534; x_wconf 85' lang='lat'><strong>‚</strong></span> <span class='ocrx_word' id='word_1_855' title='bbox 1769 3503 1787 3527; x_wconf 87' lang='lat' dir='ltr'>e</span> <span class='ocrx_word' id='word_1_856' title='bbox 1805 3489 1929 3537; x_wconf 73' lang='lat' dir='ltr'>fioecbi</span> <span class='ocrx_word' id='word_1_857' title='bbox 1952 3487 2076 3533; x_wconf 74' lang='lat' dir='ltr'>pariter</span> <span class='ocrx_word' id='word_1_858' title='bbox 2105 3487 2200 3525; x_wconf 89' lang='lat' dir='ltr'>serici</span> <span class='ocrx_word' id='word_1_859' title='bbox 2223 3489 2348 3525; x_wconf 89' lang='lat' dir='ltr'>coloris</span> <span class='ocrx_word' id='word_1_860' title='bbox 2373 3491 2468 3536; x_wconf 87' lang='lat' dir='ltr'>albi,</span> 
     </span>
     <span class='ocr_line' id='line_1_58' title="bbox 372 3535 2474 3587; baseline 0.002 -14"><span class='ocrx_word' id='word_1_861' title='bbox 372 3561 394 3581; x_wconf 89' lang='grc'>,,</span> <span class='ocrx_word' id='word_1_862' title='bbox 420 3535 498 3570; x_wconf 83' lang='lat' dir='ltr'>&amp;in</span> <span class='ocrx_word' id='word_1_863' title='bbox 512 3549 616 3582; x_wconf 87' lang='lat' dir='ltr'>parva</span> <span class='ocrx_word' id='word_1_864' title='bbox 638 3550 732 3587; x_wconf 83' lang='lat' dir='ltr'>parte</span> <span class='ocrx_word' id='word_1_865' title='bbox 757 3538 855 3575; x_wconf 83' lang='lat' dir='ltr'>rubei</span> <span class='ocrx_word' id='word_1_866' title='bbox 882 3537 1024 3576; x_wconf 71' lang='lat' dir='ltr'>mirifice</span> <span class='ocrx_word' id='word_1_867' title='bbox 1037 3537 1171 3583; x_wconf 82' lang='lat' dir='ltr'>aptati,</span> <span class='ocrx_word' id='word_1_868' title='bbox 1195 3537 1228 3573; x_wconf 89' lang='grc'>8(</span> <span class='ocrx_word' id='word_1_869' title='bbox 1250 3537 1404 3585; x_wconf 83' lang='lat' dir='ltr'>dispositi</span> <span class='ocrx_word' id='word_1_870' title='bbox 1421 3539 1463 3575; x_wconf 86' lang='lat' dir='ltr'>ad</span> <span class='ocrx_word' id='word_1_871' title='bbox 1476 3540 1572 3576; x_wconf 89' lang='lat' dir='ltr'>usum</span> <span class='ocrx_word' id='word_1_872' title='bbox 1597 3539 1748 3579; x_wconf 84' lang='lat' dir='ltr'>recentis</span> <span class='ocrx_word' id='word_1_873' title='bbox 1759 3540 1865 3581; x_wconf 82' lang='lat' dir='ltr'>artis,</span> <span class='ocrx_word' id='word_1_874' title='bbox 1888 3537 1923 3573; x_wconf 89' lang='lat' dir='ltr'>in</span> <span class='ocrx_word' id='word_1_875' title='bbox 1948 3544 2013 3584; x_wconf 77' lang='lat' dir='ltr'>qus</span> <span class='ocrx_word' id='word_1_876' title='bbox 2039 3536 2244 3584; x_wconf 87' lang='lat' dir='ltr'>repositum,</span> <span class='ocrx_word' id='word_1_877' title='bbox 2272 3539 2474 3577; x_wconf 76' lang='lat' dir='ltr'>&amp;colloca-</span> 
     </span>
     <span class='ocr_line' id='line_1_59' title="bbox 372 3583 2470 3637; baseline 0.002 -19"><span class='ocrx_word' id='word_1_878' title='bbox 372 3611 394 3629; x_wconf 83' lang='lat'>‚‚</span> <span class='ocrx_word' id='word_1_879' title='bbox 424 3593 494 3619; x_wconf 85' lang='lat' dir='ltr'>tum</span> <span class='ocrx_word' id='word_1_880' title='bbox 510 3585 546 3619; x_wconf 90' lang='lat' dir='ltr'>in</span> <span class='ocrx_word' id='word_1_881' title='bbox 562 3600 644 3624; x_wconf 87' lang='lat' dir='ltr'>urna</span> <span class='ocrx_word' id='word_1_882' title='bbox 659 3611 672 3631; x_wconf 91' lang='lat'><strong>,</strong></span> <span class='ocrx_word' id='word_1_883' title='bbox 696 3583 986 3634; x_wconf 82' lang='lat' dir='ltr'>utsupra‚dcscri</span> <span class='ocrx_word' id='word_1_884' title='bbox 1013 3598 1044 3623; x_wconf 90' lang='lat' dir='ltr'>ta</span> <span class='ocrx_word' id='word_1_885' title='bbox 1058 3588 1077 3623; x_wconf 68' lang='grc' dir='ltr'>ἃ</span> <span class='ocrx_word' id='word_1_886' title='bbox 1095 3595 1187 3634; x_wconf 86' lang='lat' dir='ltr'>parte</span> <span class='ocrx_word' id='word_1_887' title='bbox 1200 3586 1336 3632; x_wconf 86' lang='lat' dir='ltr'>faciali,</span> <span class='ocrx_word' id='word_1_888' title='bbox 1358 3587 1418 3624; x_wconf 91' lang='lat' dir='ltr'>ubi</span> <span class='ocrx_word' id='word_1_889' title='bbox 1433 3587 1524 3625; x_wconf 81' lang='lat' dir='ltr'>adest</span> <span class='ocrx_word' id='word_1_890' title='bbox 1550 3586 1679 3636; x_wconf 69' lang='lat' dir='ltr'>pistum</span> <span class='ocrx_word' id='word_1_891' title='bbox 1694 3587 1923 3637; x_wconf 66' lang='lat' dir='ltr'>supradistum</span> <span class='ocrx_word' id='word_1_892' title='bbox 1938 3585 2142 3633; x_wconf 77' lang='lat' dir='ltr'>Martyrium</span> <span class='ocrx_word' id='word_1_893' title='bbox 2166 3586 2224 3623; x_wconf 81' lang='lat' dir='ltr'>del</span> <span class='ocrx_word' id='word_1_894' title='bbox 2231 3588 2407 3630; x_wconf 75' lang='lat' dir='ltr'>Gran01’03</span> <span class='ocrx_word' id='word_1_895' title='bbox 2432 3594 2470 3627; x_wconf 66' lang='grc' dir='ltr'>ει</span> 
     </span>
     <span class='ocr_line' id='line_1_60' title="bbox 331 3599 2469 3688; baseline -0.001 -14"><span class='ocrx_word' id='word_1_896' title='bbox 331 3676 338 3684; x_wconf 62' lang='lat'><em>,</em></span> <span class='ocrx_word' id='word_1_897' title='bbox 372 3659 395 3678; x_wconf 75' lang='lat'>‚‚</span> <span class='ocrx_word' id='word_1_898' title='bbox 421 3631 541 3688; x_wconf 64' lang='lat' dir='ltr'>deinde</span> <span class='ocrx_word' id='word_1_899' title='bbox 554 3638 647 3682; x_wconf 80' lang='lat' dir='ltr'>capsa</span> <span class='ocrx_word' id='word_1_900' title='bbox 676 3650 753 3674; x_wconf 88' lang='lat' dir='ltr'>cum</span> <span class='ocrx_word' id='word_1_901' title='bbox 767 3636 857 3674; x_wconf 63' lang='lat' dir='ltr'>dieta</span> <span class='ocrx_word' id='word_1_902' title='bbox 871 3647 966 3685; x_wconf 82' lang='lat' dir='ltr'>parte</span> <span class='ocrx_word' id='word_1_903' title='bbox 981 3599 1092 3673; x_wconf 57' lang='lat' dir='ltr'>sisciali</span> <span class='ocrx_word' id='word_1_904' title='bbox 1105 3659 1117 3679; x_wconf 90' lang='lat'>‚</span> <span class='ocrx_word' id='word_1_905' title='bbox 1142 3634 1270 3685; x_wconf 84' lang='lat' dir='ltr'>istaque</span> <span class='ocrx_word' id='word_1_906' title='bbox 1290 3636 1375 3673; x_wconf 91' lang='lat' dir='ltr'>bene</span> <span class='ocrx_word' id='word_1_907' title='bbox 1389 3637 1516 3674; x_wconf 81' lang='lat' dir='ltr'>firmata</span> <span class='ocrx_word' id='word_1_908' title='bbox 1529 3661 1542 3681; x_wconf 89' lang='lat'>,</span> <span class='ocrx_word' id='word_1_909' title='bbox 1566 3639 1600 3673; x_wconf 89' lang='lat'>&amp;</span> <span class='ocrx_word' id='word_1_910' title='bbox 1613 3636 1751 3676; x_wconf 75' lang='lat' dir='ltr'>confixa</span> <span class='ocrx_word' id='word_1_911' title='bbox 1765 3643 1915 3685; x_wconf 80' lang='lat' dir='ltr'>quatuor</span> <span class='ocrx_word' id='word_1_912' title='bbox 1932 3632 2085 3670; x_wconf 72' lang='lat' dir='ltr'>veaibus</span> <span class='ocrx_word' id='word_1_913' title='bbox 2106 3633 2223 3673; x_wconf 85' lang='lat' dir='ltr'>ferreis</span> <span class='ocrx_word' id='word_1_914' title='bbox 2237 3638 2272 3672; x_wconf 87' lang='lat' dir='ltr'>in</span> <span class='ocrx_word' id='word_1_915' title='bbox 2286 3637 2387 3675; x_wconf 77' lang='lat' dir='ltr'>illius</span> <span class='ocrx_word' id='word_1_916' title='bbox 2410 3653 2469 3675; x_wconf 81' lang='lat' dir='ltr'>nn.</span> 
     </span>
     <span class='ocr_line' id='line_1_61' title="bbox 162 3672 2465 3742; baseline 0.01 -30"><span class='ocrx_word' id='word_1_917' title='bbox 162 3672 244 3740; x_wconf 54' lang='lat'>13350</span> <span class='ocrx_word' id='word_1_918' title='bbox 253 3675 354 3742; x_wconf 43' lang='lat'>1:325}-</span> <span class='ocrx_word' id='word_1_919' title='bbox 373 3708 395 3726; x_wconf 88' lang='lat'>‚‚</span> <span class='ocrx_word' id='word_1_920' title='bbox 417 3681 508 3726; x_wconf 72' lang='lat' dir='ltr'>gulis</span> <span class='ocrx_word' id='word_1_921' title='bbox 522 3707 534 3726; x_wconf 88' lang='lat'>‚</span> <span class='ocrx_word' id='word_1_922' title='bbox 559 3685 593 3719; x_wconf 78' lang='grc'><strong>8(</strong></span> <span class='ocrx_word' id='word_1_923' title='bbox 610 3685 705 3730; x_wconf 75' lang='lat' dir='ltr'>supra</span> <span class='ocrx_word' id='word_1_924' title='bbox 718 3686 911 3732; x_wconf 84' lang='lat' dir='ltr'>hujusmodi</span> <span class='ocrx_word' id='word_1_925' title='bbox 929 3683 1045 3722; x_wconf 74' lang='lat' dir='ltr'>ve6’tes</span> <span class='ocrx_word' id='word_1_926' title='bbox 1058 3683 1170 3732; x_wconf 88' lang='lat' dir='ltr'>positis</span> <span class='ocrx_word' id='word_1_927' title='bbox 1183 3695 1332 3733; x_wconf 90' lang='lat' dir='ltr'>quatuor</span> <span class='ocrx_word' id='word_1_928' title='bbox 1345 3685 1427 3723; x_wconf 88' lang='lat' dir='ltr'>liliis</span> <span class='ocrx_word' id='word_1_929' title='bbox 1443 3686 1566 3731; x_wconf 80' lang='lat' dir='ltr'>ligneis</span> <span class='ocrx_word' id='word_1_930' title='bbox 1580 3686 1702 3734; x_wconf 83' lang='lat' dir='ltr'>paritet</span> <span class='ocrx_word' id='word_1_931' title='bbox 1716 3683 1883 3725; x_wconf 76' lang='lat' dir='ltr'>deauratis</span> <span class='ocrx_word' id='word_1_932' title='bbox 1902 3681 2040 3721; x_wconf 76' lang='lat' dir='ltr'>subinde</span> <span class='ocrx_word' id='word_1_933' title='bbox 2065 3685 2193 3720; x_wconf 72' lang='lat' dir='ltr'>munita</span> <span class='ocrx_word' id='word_1_934' title='bbox 2208 3710 2219 3726; x_wconf 56' lang='grc' dir='ltr'><strong><em>ν</em></strong></span> <span class='ocrx_word' id='word_1_935' title='bbox 2242 3686 2277 3723; x_wconf 74' lang='grc'>8(</span> <span class='ocrx_word' id='word_1_936' title='bbox 2289 3686 2465 3733; x_wconf 72' lang='lat' dir='ltr'>Obfigfl²¹⁸</span> 
     </span>
     <span class='ocr_line' id='line_1_62' title="bbox 157 3721 2464 3787; baseline 0.003 -20"><span class='ocrx_word' id='word_1_937' title='bbox 157 3721 267 3781; x_wconf 40' lang='lat' dir='ltr'>{wimn-</span> <span class='ocrx_word' id='word_1_938' title='bbox 290 3726 356 3787; x_wconf 47' lang='lat'>&amp;2¹1³</span> <span class='ocrx_word' id='word_1_939' title='bbox 374 3758 395 3774; x_wconf 84' lang='lat'>‚,</span> <span class='ocrx_word' id='word_1_940' title='bbox 420 3730 482 3767; x_wconf 86' lang='lat' dir='ltr'>luit</span> <span class='ocrx_word' id='word_1_941' title='bbox 506 3732 538 3766; x_wconf 86' lang='lat' dir='ltr'>in</span> <span class='ocrx_word' id='word_1_942' title='bbox 551 3733 665 3769; x_wconf 86' lang='lat' dir='ltr'>eadem</span> <span class='ocrx_word' id='word_1_943' title='bbox 680 3733 768 3769; x_wconf 86' lang='lat' dir='ltr'>sacili</span> <span class='ocrx_word' id='word_1_944' title='bbox 791 3746 884 3782; x_wconf 87' lang='lat' dir='ltr'>parte</span> <span class='ocrx_word' id='word_1_945' title='bbox 898 3734 1015 3780; x_wconf 86' lang='lat' dir='ltr'>sigillis</span> <span class='ocrx_word' id='word_1_946' title='bbox 1035 3733 1231 3770; x_wconf 87' lang='lat' dir='ltr'>eorumdem</span> <span class='ocrx_word' id='word_1_947' title='bbox 1250 3734 1551 3771; x_wconf 82' lang='lat' dir='ltr'>lllustrissimorum</span> <span class='ocrx_word' id='word_1_948' title='bbox 1568 3735 1812 3779; x_wconf 79' lang='lat' dir='ltr'>Delegatorum</span> <span class='ocrx_word' id='word_1_949' title='bbox 1832 3731 2127 3780; x_wconf 73' lang='lat' dir='ltr'>Apostolicorum„</span> <span class='ocrx_word' id='word_1_950' title='bbox 2146 3734 2250 3772; x_wconf 88' lang='lat' dir='ltr'>etiam</span> <span class='ocrx_word' id='word_1_951' title='bbox 2266 3737 2300 3772; x_wconf 89' lang='lat' dir='ltr'>in</span> <span class='ocrx_word' id='word_1_952' title='bbox 2314 3738 2464 3783; x_wconf 78' lang='lat' dir='ltr'>margine</span> 
     </span>
     <span class='ocr_line' id='line_1_63' title="bbox 152 3778 2465 3830; baseline 0.004 -17"><span class='ocrx_word' id='word_1_953' title='bbox 152 3793 226 3828; x_wconf 50' lang='lat' dir='ltr'>suffl-</span> <span class='ocrx_word' id='word_1_954' title='bbox 253 3793 355 3823; x_wconf 67' lang='lat' dir='ltr'>ſtrati·</span> <span class='ocrx_word' id='word_1_955' title='bbox 376 3807 397 3821; x_wconf 78' lang='lat'>,‚</span> <span class='ocrx_word' id='word_1_956' title='bbox 421 3778 589 3828; x_wconf 77' lang='lat' dir='ltr'>praesentIS</span> <span class='ocrx_word' id='word_1_957' title='bbox 612 3781 687 3818; x_wconf 85' lang='lat' dir='ltr'>folii</span> <span class='ocrx_word' id='word_1_958' title='bbox 710 3782 875 3827; x_wconf 81' lang='lat' dir='ltr'>impressis</span> <span class='ocrx_word' id='word_1_959' title='bbox 890 3807 902 3826; x_wconf 92' lang='lat'>‚</span> <span class='ocrx_word' id='word_1_960' title='bbox 929 3795 1050 3830; x_wconf 85' lang='lat' dir='ltr'>nempe</span> <span class='ocrx_word' id='word_1_961' title='bbox 1076 3782 1111 3818; x_wconf 87' lang='lat' dir='ltr'>in</span> <span class='ocrx_word' id='word_1_962' title='bbox 1128 3793 1221 3829; x_wconf 85' lang='lat' dir='ltr'>parte</span> <span class='ocrx_word' id='word_1_963' title='bbox 1235 3784 1416 3829; x_wconf 89' lang='lat' dir='ltr'>Superiori</span> <span class='ocrx_word' id='word_1_964' title='bbox 1431 3782 1536 3824; x_wconf 67' lang='lat' dir='ltr'>,osto</span> <span class='ocrx_word' id='word_1_965' title='bbox 1552 3783 1589 3819; x_wconf 90' lang='lat' dir='ltr'>in</span> <span class='ocrx_word' id='word_1_966' title='bbox 1608 3785 1693 3820; x_wconf 86' lang='lat' dir='ltr'>locis</span> <span class='ocrx_word' id='word_1_967' title='bbox 1707 3794 1812 3830; x_wconf 85' lang='lat' dir='ltr'>prope</span> <span class='ocrx_word' id='word_1_968' title='bbox 1823 3781 1968 3825; x_wconf 76' lang='lat' dir='ltr'>angulos</span> <span class='ocrx_word' id='word_1_969' title='bbox 1985 3806 1994 3822; x_wconf 67' lang='lat'><strong>³</strong></span> <span class='ocrx_word' id='word_1_970' title='bbox 2019 3782 2053 3818; x_wconf 75' lang='lat'>8&lt;</span> <span class='ocrx_word' id='word_1_971' title='bbox 2076 3782 2109 3818; x_wconf 73' lang='lat' dir='ltr'>in</span> <span class='ocrx_word' id='word_1_972' title='bbox 2125 3794 2213 3830; x_wconf 89' lang='lat' dir='ltr'>parte</span> <span class='ocrx_word' id='word_1_973' title='bbox 2236 3786 2386 3822; x_wconf 84' lang='lat' dir='ltr'>inferiori</span> <span class='ocrx_word' id='word_1_974' title='bbox 2401 3786 2465 3821; x_wconf 76' lang='lat' dir='ltr'>in.-</span> 
     </span>
     <span class='ocr_line' id='line_1_64' title="bbox 186 3828 2468 3881; baseline -0.001 -10"><span class='ocrx_word' id='word_1_975' title='bbox 186 3831 189 3835; x_wconf 79' lang='lat'>&#39;</span> <span class='ocrx_word' id='word_1_976' title='bbox 377 3855 398 3871; x_wconf 60' lang='grc' dir='ltr'><em>η</em></span> <span class='ocrx_word' id='word_1_977' title='bbox 423 3828 496 3868; x_wconf 76' lang='lat' dir='ltr'>aliis</span> <span class='ocrx_word' id='word_1_978' title='bbox 510 3840 660 3876; x_wconf 85' lang='lat' dir='ltr'>quatuor</span> <span class='ocrx_word' id='word_1_979' title='bbox 681 3829 764 3867; x_wconf 77' lang='lat' dir='ltr'>locis</span> <span class='ocrx_word' id='word_1_980' title='bbox 781 3842 885 3879; x_wconf 78' lang='lat' dir='ltr'>prope</span> <span class='ocrx_word' id='word_1_981' title='bbox 902 3833 1013 3870; x_wconf 63' lang='lat' dir='ltr'>veae-s</span> <span class='ocrx_word' id='word_1_982' title='bbox 1039 3831 1215 3881; x_wconf 65' lang='lat' dir='ltr'>praedistas</span> <span class='ocrx_word' id='word_1_983' title='bbox 1235 3831 1348 3880; x_wconf 76' lang='lat' dir='ltr'>posuis</span> <span class='ocrx_word' id='word_1_984' title='bbox 1375 3832 1472 3880; x_wconf 88' lang='lat' dir='ltr'>super</span> <span class='ocrx_word' id='word_1_985' title='bbox 1488 3843 1636 3880; x_wconf 87' lang='lat' dir='ltr'>quatuor</span> <span class='ocrx_word' id='word_1_986' title='bbox 1659 3831 1750 3868; x_wconf 84' lang='lat' dir='ltr'>vittis</span> <span class='ocrx_word' id='word_1_987' title='bbox 1773 3830 1883 3870; x_wconf 87' lang='lat' dir='ltr'>sericis</span> <span class='ocrx_word' id='word_1_988' title='bbox 1899 3829 2012 3868; x_wconf 82' lang='lat' dir='ltr'>rubeis</span> <span class='ocrx_word' id='word_1_989' title='bbox 2029 3853 2042 3876; x_wconf 90' lang='lat'>,</span> <span class='ocrx_word' id='word_1_990' title='bbox 2067 3843 2144 3868; x_wconf 85' lang='lat' dir='ltr'>cum</span> <span class='ocrx_word' id='word_1_991' title='bbox 2169 3835 2297 3880; x_wconf 84' lang='lat' dir='ltr'>quibus</span> <span class='ocrx_word' id='word_1_992' title='bbox 2320 3833 2468 3870; x_wconf 84' lang='lat' dir='ltr'>suitcol-</span> 
     </span>
     <span class='ocr_line' id='line_1_65' title="bbox 2294 3883 2420 3928; baseline -0.016 -6"><span class='ocrx_word' id='word_1_993' title='bbox 2294 3909 2315 3924; x_wconf 74' lang='lat'>&gt;9</span> <span class='ocrx_word' id='word_1_994' title='bbox 2340 3883 2420 3928; x_wconf 64' lang='lat' dir='ltr'>liga*</span> 
     </span>
    </p>
   </div>
  </div>
 </body>
</html>
