2774 4068
408 206 561 286 218

409 320 478 358 Ad
486 316 709 375 ficundum
734 312 915 377 negatio?
924 344 939 369 ,
971 317 1020 367 (9’
1033 320 1201 376 amplias
1214 334 1290 365 non
1294 329 1387 377 pro.

342 385 521 433 ponatur
536 404 547 417 .

537 496 605 548 ‘P-
633 493 711 548 M.
745 499 872 549 Card.
907 498 1157 549 Corradinus
1188 498 1318 566 Praefi

685 620 727 661 Ρ.
756 618 801 660 dc
833 616 1096 661 Lambertinis
1127 622 1270 661 secret.

416 740 480 782 Ex
512 733 704 793 Thesauro
732 735 904 794 Resolut.
928 740 1060 778 Sacrae
1092 741 1210 792 Cong.
1225 736 1389 779 Concilii

477 797 529 838 To
541 808 589 836 m⁴
603 788 820 851 1.fol.99.‚
837 795 884 842 ὼ·
909 808 1017 851 ι95.,
1032 809 1077 837 ac
1092 796 1389 838 liam-secret.

470 853 717 911 ejusdeg.
738 855 821 913 sol.
838 866 938 910 324.
955 855 1003 902 (ς’
1015 854 1087 897 lib.
1103 854 1131 896 6
1133 853 1250 912 9.fol.
1265 867 1317 897 22
1323 869 1363 910 3.

563 1105 604 1144 D
664 1103 698 1144 E
759 1105 797 1145 C
856 1104 897 1145 R.
957 1104 992 1144 E
1055 1104 1092 1145 T
1152 1105 1192 1145 Ο

497 1218 545 1268 S.
567 1216 764 1286 Congreg.
800 1219 935 1286 Epist,
957 1254 973 1277 ,
1008 1221 1063 1269 ὑ·
1094 1219 1251 1288 Regul.

359 1350 539 1403 Petium
569 1359 729 1405 terrae,
754 1348 920 1415 partim
948 1348 1006 1399 ad
1040 1349 1394 1417 Capelianiam„

424 1423 475 1471 S.
490 1419 653 1468 Mariae
673 1453 688 1475 ,
716 1420 881 1485 partim
913 1418 969 1467 ad
990 1419 1230 1487 Hospitale
1251 1424 1393 1470 Petrae

431 1489 605 1541 Rubeae
621 1485 839 1556 spectans,
857 1487 1072 1540 clausurae
1090 1487 1270 1541 Domfis
1290 1495 1394 1540 Fra·

428 1574 556 1610 trum
575 1558 742 1608 ibidem
757 1559 930 1610 includi
945 1596 962 1619 ‚
997 1561 1046 1613 ὃς
1071 1563 1314 1634 aggregari
1332 1565 1391 1611 in-

421 1630 675 1700 dulgetur.

412 1757 712 1817 Eminentiffi'me‘
726 1786 739 1810 ‚
758 1772 804 1802 ac
822 1760 1127 1820 Reverendiffi'mi
1144 1763 1332 1806 Domini.

479 1876 653 1935 Apucini
679 1879 805 1920 Petrae
821 1880 974 1922 Rubeae
993 1879 1186 1922 Dioecefis
1212 1884 1390 1924 Pennen.

493 1936 711 1980 humillimi
738 1940 824 1979 BE.
843 1940 934 1982 VV.
965 1939 1067 1982 servi
1091 1938 1391 1994 profundiffimo

351 2001 468 2040 cultu
487 2006 722 2053 exponunt,
737 1996 915 2052 qualiter
940 1998 989 2039 ad
1006 1999 1324 2052 impediendum,
1337 2012 1390 2041 ne

351 2055 440 2100 duo
471 2066 676 2098 torrentes
698 2069 841 2097 eorum
861 2057 1079 2098 Ecclesiam
1095 2085 1107 2107 ,
1140 2058 1179 2097 &
1194 2059 1388 2099 Conven-

348 2126 437 2158 tum
465 2114 668 2169 adaquent
685 2142 700 2165 ,
730 2115 894 2156 unicum
919 2114 1143 2157 remedium
1170 2113 1246 2158 effe
1261 2116 1391 2158 existi-

345 2183 460 2218 ment
478 2203 492 2225 ,
510 2172 535 2214 fi
551 2171 756 2228 quoddam
774 2173 904 2215 solidae
922 2200 935 2222 ‚
962 2175 1001 2215 δι
1018 2174 1174 2216 incultae
1190 2184 1303 2231 terre
1321 2189 1392 2230 pe-

347 2235 453 2277 tium
464 2249 482 2285 5
495 2233 618 2274 muris
635 2230 875 2274 Conventus
890 2233 1125 2274 immediate
1139 2235 1392 2290 contiguum,

350 2293 462 2349 cujus
490 2306 580 2347 pars
605 2305 681 2332 una
713 2291 762 2333 ad
778 2292 1059 2347 Capelianiam
1092 2296 1132 2335 S.
1150 2294 1286 2335 Mariae
1305 2292 1389 2340 ,al-

348 2361 442 2393 tera
465 2348 634 2392 vero'ad
651 2349 964 2393 Xenodochium
981 2354 1109 2396 Petrae
1126 2353 1277 2394 Rubeae
1309 2353 1397 2398 soe-

351 2413 464 2460 &at²
497 2407 687 2449 clausura
705 2409 1013 2451 includeretur.
1048 2411 1168 2453 Unde
1195 2413 1266 2453 EE
1295 2413 1387 2453 VV.

344 2484 434 2526 ‘pro
454 2464 668 2510 necessaria
701 2464 897 2509 facultate
914 2497 927 2519 ‚
952 2470 992 2510 δε
1017 2468 1272 2523 permistione
1299 2470 1390 2525 sup-

352 2527 510 2587 plicant
530 2555 546 2576 ‚
561 2539 653 2566 cum
674 2523 909 2568 Poffeffores
941 2541 990 2567 ex
1025 2527 1184 2569 motivo
1205 2526 1390 2582 specifico

356 2585 508 2629 nullius
521 2583 671 2628 exinde
687 2586 848 2626 reti-acii
863 2613 876 2635 ,
889 2586 956 2627 seu
987 2586 1228 2633 retrahendi
1245 2584 1393 2628 fructus

353 2645 523 2702 plenum
553 2641 751 2685 dederint
784 2641 1050 2687 consensum.
1082 2644 1205 2702 Qod
1227 2646 1306 2687 &c-

413 2765 538 2804 sacra
571 2763 833 2816 Congregatio
862 2760 1266 2819 Eminentissimorum
1293 2791 1308 2814 ‚
1345 2776 1390 2805 oc

354 2820 774 2875 Reverendiſsimorum
800 2823 837 2861 S.
855 2823 900 2862 R.
918 2824 951 2862 E
957 2848 964 2859 ·
988 2821 1263 2863 Cardinalium
1279 2850 1294 2873 ‚
1322 2835 1390 2863 ne·

347 2889 435 2937 got.
449 2908 464 2931 ‚
482 2879 534 2929 ἀι
560 2875 731 2932 Consalt.
753 2877 875 2935 Episc.
892 2908 905 2931 ,
932 2880 981 2927 ἐς
997 2881 1134 2934 Regul.
1154 2878 1390 2936 praepost'ta,

353 2946 514 2982 attenta
537 2935 729 2978 relatione
756 2939 795 2979 P.
812 2939 1079 2981 procuratoris
1093 2939 1297 2981 Generalis
1324 2938 1391 2980 be-

350 2998 469 3054 nigne
498 2994 685 3049 commist't
726 2999 764 3037 P.
782 2996 1021 3039 Provinciali
1045 3025 1059 3048 a
1095 3007 1141 3039 ut
1179 2998 1281 3038 veris
1305 2996 1387 3039 cxi-

343 3054 539 3115 flentibus
565 3055 743 3098 narratis
763 3084 779 3106 ,
813 3055 861 3104 ἐς
892 3057 1091 3098 dummodo
1118 3057 1276 3098 accedat
1302 3070 1389 3100 con-

349 3114 477 3172 fenfin
497 3112 736 3171 Poffiffbrum
753 3113 849 3157 dim
864 3114 970 3170 petit·
989 3125 1100 3169 terrf
1117 3143 1130 3166 ‚
1153 3114 1204 3165 ἀι
1227 3126 1387 3158 contra·

351 3173 437 3217 &us
466 3173 616 3216 nominc
633 3171 791 3228 syndici
806 3174 1016 3230 Apostolici
1036 3173 1151 3231 ipstus
1170 3178 1386 3219 conventas

349 3232 425 3277 fiat
440 3261 456 3284 ‚
474 3236 646 3288 petitam
661 3233 904 3290 facultatem
924 3244 1002 3289 pro
1017 3234 1092 3289 fito
1106 3232 1305 3284 arbitrio,
1332 3234 1387 3286 &a

354 3289 586 3349 conscientia
613 3290 849 3335 Oratoribus
876 3296 1133 3347 impertiatur
1147 3321 1158 3335 .
1185 3294 1309 3348 Rom5
1322 3308 1388 3338 xx.

355 3351 582 3407 ,Decembris
599 3364 793 3394 moccxx.

635 3468 764 3518 Card.
795 3469 1069 3521 Paraccianus
1084 3512 1098 3526 .

663 3591 701 3634 V.
721 3587 904 3645 Archiep.
923 3590 1108 3647 Damafi.
1126 3594 1271 3635 secret.

1110 189 1666 317 Provincia

1617 323 1688 378 „o
1746 321 1782 364 Ε
1842 324 1880 366 c
1943 325 1984 367 R
2045 326 2080 366 E
2146 327 2182 369 T
2242 329 2282 370 o

1588 441 1721 491 Sacrae
1749 441 2092 512 Congrogationis
2121 445 2307 495 Concilii
2328 483 2340 495 .

1448 572 1530 623 Ob
1552 569 1932 622 consuetudinem
1963 576 2008 622 in
2030 576 2230 626 Civitate
2253 574 2482 627 Pisauren.

1521 645 1783 712 vigentem,
1809 643 2104 693 medietatem
2135 666 2248 696 cerae
2266 683 2282 706 ,
2315 661 2410 696 tam
2439 650 2484 699 in

1518 712 1834 764 Alsociatione
1858 713 2154 765 Cadaverum
2173 753 2187 775 ‚
2210 719 2344 785 quam
2363 721 2486 767 circa

1523 784 1737 834 Cadaver
1753 784 1798 832 in
1820 783 2017 832 Ecclefia
2033 789 2246 837 Fratrum
2259 787 2452 838 accensae
2467 823 2484 848 ,

1522 854 1731 904 Parocho
1759 853 2029 904 solvendam
2056 855 2141 906 esse
2163 855 2389 909 sancitur.

1869 972 2068 1030 Ptfiuren.

1557 1088 1690 1132 Xorta
1720 1089 1793 1132 lite
1820 1091 1927 1134 inter
1942 1094 2097 1148 ,Patres
2115 1096 2349 1148 Capucinos
2366 1096 2484 1140 Civi-
2504 1106 2612 1146 δορις.
2626 1108 2702 1140 ι.ις.·

1577 1149 1677 1208 tatis
1710 1147 1894 1202 Pisauri,
1918 1153 1955 1192 δι
1979 1153 2217 1206 Capitulum
2250 1156 2483 1198 Cathedra-
2501 1151 2540 1179 ‘³‘
2553 1144 2682 1183 afim.

1457 1208 1506 1248 lis
1523 1235 1536 1257 ‚
1577 1210 1617 1249 δι
1643 1209 1847 1251 Parochos
1882 1209 2075 1252 Civitatis
2103 1211 2220 1268 super
2244 1213 2484 1258 solutione)

1456 1269 1628 1323 Qartae
1640 1293 1655 1315 2
1680 1267 1842 1322 quando
1856 1267 2067 1311 Cadavera
2082 1272 2385 1326 sepeliunturin
2404 1275 2487 1315 Ec-

1455 1324 1573 1367 clefia
1590 1326 1787 1368 dictorum
1805 1328 2000 1378 Patrum,
2022 1329 2061 1369 &
2084 1327 2198 1384 super
2222 1335 2369 1386 puncto
2396 1330 2487 1373 adi-

1457 1384 1580 1440 gendi
1600 1384 1779 1428 haeredes
1799 1384 2090 1428 Defunaorum
2107 1388 2156 1430 ad
2175 1390 2346 1444 paranda
2368 1390 2488 1432 fune-

1453 1443 1554 1485 ralia
1581 1443 1696 1500 juxta
1722 1444 1986 1498 qualitatem,
2025 1449 2062 1487 &
2097 1448 2264 1501 gradum
2292 1447 2489 1492 Persona-

1453 1516 1546 1544 rum
1563 1531 1577 1554 ‚
1602 1501 1686 1558 post
1713 1503 1949 1558 exquisitam
1965 1532 1980 1555 ,
2006 1506 2044 1545 &
2074 1506 2253 1548 habitam
2277 1507 2488 1550 ordinarii

1452 1559 1781 1603 informationem
1803 1562 1855 1602 de
1871 1562 2009 1605 mense
2032 1565 2488 1622 Septembris‚pr0xime

1455 1619 1682 1673 praeteriti,
1711 1619 1798 1662 bina
1816 1620 1937 1663 dubia
1953 1622 2062 1664 inter
2076 1626 2299 1668 summaria
2318 1638 2486 1682 precum

1456 1677 1619 1721 fuerunt
1632 1678 1831 1733 disputata
1848 1709 1859 1720 .

1476 1749 1479 1751 ’
1510 1737 1688 1781 Primum
1703 1764 1718 1787 2
1749 1751 1802 1779 an
1819 1740 1954 1781 Patres
1972 1740 2162 1795 Capacim‘
2177 1752 2386 1786 teneantur
2397 1748 2490 1785 tra-⁷

1451 1796 1541 1839 dere
1557 1795 1733 1838 Parocbt's
1747 1799 1949 1854 ⁴Quartam
1963 1811 2060 1841 cerae
2081 1801 2242 1853 accensa?
2259 1806 2300 1843 in
2316 1802 2489 1860 Affoct‘a-

1451 1857 1556 1897 tione
1577 1856 1820 1897 Cadaverum
1835 1883 1848 1905 ‚
1880 1870 1968 1911 quae
1988 1859 2043 1899 ad
2054 1873 2186 1902 corum
2207 1862 2408 1915 Ecclcssam
2419 1869 2488 1902 tu-

1451 1915 1638 1957 mulanda
1657 1913 1920 1972 deferuntur,
1946 1916 1998 1966 ὠ·
2024 1919 2267 1961 medietatem
2296 1933 2419 1970 cem,
2439 1918 2488 1966 (θ’

1450 1971 1745 2015 intortict'orum
1767 2002 1780 2024 ‚
1804 1988 1891 2029 qua·
1908 1976 2171 2020 accenduntur
2187 1978 2293 2019 circa
2311 1978 2488 2020 Cadaver

1451 2030 1494 2074 in
1506 2045 1637 2074 eorum
1652 2032 1816 2075 Ecclesia
1833 2033 2044 2088 expositum
2061 2038 2077 2077 ἓ
2106 2038 2144 2078 &
2160 2036 2252 2078 huic
2270 2035 2395 2077 dubio
2410 2033 2488 2077 fuit

1453 2088 1680 2147 responsum
1696 2120 1710 2142 ,
1746 2093 1877 2133 Patres
1894 2091 2107 2148 Capacinor
2120 2095 2242 2137 teneri
2260 2095 2315 2135 ad
2318 2095 2486 2152 solven-

1451 2150 1542 2191 dum
1556 2148 1734 2192 Parochis
1749 2152 1950 2208 Qartam
1959 2161 2119 2206 partem
2146 2167 2242 2195 cerae
2257 2153 2419 2213 accenfi·
2445 2155 2488 2194 in

1455 2208 1714 2266 Afficiatione
1733 2210 1976 2251 Cadaverum
1991 2237 2005 2260 ,
2031 2225 2120 2263 qua:
2137 2213 2192 2252 ad
2212 2225 2343 2253 eoram
2360 2212 2490 2254 Eccle-

1439 2268 1546 2324 fiam
1573 2267 1804 2309 tumulanda
1838 2266 2075 2326 defi-rantur
2091 2298 2104 2320 ‚
2130 2271 2178 2317 ἐς
2204 2270 2490 2313 medietatem-1

1457 2339 1553 2368 cerae
1569 2355 1582 2378 ‚
1599 2327 1650 2376 ὠ·
1664 2324 1984 2373 ἑηιονίὶιὶονωη,
2011 2340 2098 2380 quae
2111 2328 2373 2371 accenduntur
2385 2331 2492 2371 circa

1459 2386 1663 2428 Cadavera
1678 2413 1691 2435 ,
1720 2399 1807 2439 quae
1822 2387 1865 2427 in
1891 2400 2023 2428 eorum
2051 2387 2218 2444 Ecclofia
2243 2397 2491 2442 exponuntur

1450 2453 1541 2485 ante
1553 2444 1816 2484 humationem
1829 2473 1841 2483 .

1511 2500 1742 2544 Secundum
1758 2529 1770 2551 ‚
1801 2515 1853 2542 an
1873 2502 2031 2544 Parochi
2040 2502 2179 2560 poffi'nt
2200 2517 2332 2560 cogere
2353 2509 2490 2549 Haere-

1453 2561 1513 2602 des
1529 2557 1721 2618 Defunb‘t‘t'
1736 2561 1790 2600 ad
1795 2562 2055 2614 exponendum
2059 2565 2249 2620 funeralc
2252 2562 2376 2619 juxta
2388 2576 2489 2618 qua-

1453 2621 1637 2670 litatem,
1667 2618 1894 2674 &gradum
1914 2621 2196 2676 Personarum?
2227 2622 2265 2662 &
2287 2622 2379 2663 huic
2407 2622 2486 2675 du-

1452 2678 1522 2719 bio
1537 2677 1611 2719 fuit
1627 2675 1859 2733 responsum
1872 2706 1886 2728 ,
1912 2679 1967 2720 ad
1984 2681 2211 2737 Episcopum
2224 2706 2238 2727 a
2265 2683 2335 2734 qui
2349 2679 2486 2722 aueto-

1451 2741 1576 2779 ritate
1592 2740 1722 2779 Sacrae
1734 2737 2054 2795 congregationis
2072 2738 2284 2796 procedat,
2301 2747 2428 2794 prout
2440 2739 2484 2781 de

1471 2810 1564 2841 ure.

1443 2811 1468 2853 J
1508 2854 1816 2911 Impetrataque
1846 2855 1867 2897 a
1901 2855 2086 2899 Patribus
2121 2856 2342 2912 Capucinis
2379 2854 2486 2899 nova

1450 2913 1656 2958 audientia
1672 2944 1684 2967 ,
1714 2914 1951 2969 disputanda
1981 2927 2264 2971 proponuntur
2289 2915 2409 2958 dubia
2433 2913 2485 2958 ad

1449 2973 1605 3016 calcem
1621 2973 1817 3016 restrictus
1834 2972 2049 3018 referenda
2067 3004 2078 3015 .

1509 3033 1712 3075 Motivum
1727 3032 1983 3076 resolutionis
2001 3031 2212 3089 praetenitae
2226 3032 2484 3076 constitutum

1447 3089 1522 3133 fuit
1539 3091 1890 3135 inConstitutione
1906 3106 1963 3135 vi.
1980 3092 2209 3135 sanctissimi
2225 3091 2387 3134 Domini
2399 3094 2484 3133 No-

1442 3150 1512 3201 stri
1529 3180 1543 3202 ,
1570 3150 1753 3206 impr-effa
1781 3152 1864 3207 post
1890 3151 2132 3198 ,Concilium
2156 3153 2415 3201 Romanum,
2440 3150 2482 3190 in

1445 3224 1526 3266 qua
1553 3207 1721 3255 sublatis
1750 3209 1933 3252 omnibus
1968 3210 2193 3266 privilegiis
2220 3237 2233 3259 ‚
2271 3208 2370 3250 alias
2400 3209 2484 3250 Re-

1448 3268 1654 3326 gularibus
1706 3268 1896 3313 conceffis
1930 3296 1945 3320 ‚
1981 3268 2172 3312 statutum
2208 3266 2284 3310 fuit
2303 3293 2322 3316 2
2370 3266 2482 3322 quod

1449 3327 1585 3372 electa
1602 3329 1621 3370 ἐ
1638 3329 1899 3372 Parochianis
1934 3328 2101 3371 alterius
2122 3325 2323 3369 Parochiae
2352 3324 2485 3382 sepul-

1450 3385 1546 3429 tura
1603 3388 1640 3430 in
1691 3388 1864 3443 ipsorum
1905 3386 2087 3431 Ecclesia
2137 3385 2316 3427 solvatur
2355 3386 2484 3427 Paro·

1453 3446 1534 3490 cho
1573 3449 1733 3502 Quarta
1787 3461 1879 3504 pars
1929 3446 2107 3489 omnium
2149 3443 2454 3489 intorticiorum
2468 3472 2483 3495 ,

1451 3505 1769 3549 &candelarum
1786 3535 1802 3557 ,
1830 3506 1972 3563 quibus
2003 3501 2193 3545 Defunai
2219 3503 2409 3546 Cadaver
2442 3503 2483 3545 in

1450 3565 1600 3607 itinere
1641 3565 1691 3608 ad
1733 3563 1952 3608 Ecclesiam
2003 3562 2271 3606 tumulantem
2319 3560 2484 3605 alsocia-

1449 3633 1517 3666 tur
1545 3652 1559 3675 ,
1604 3638 1764 3667 necnon
1825 3623 2007 3666 omnium
2048 3621 2349 3663 intorticiorum
2374 3651 2389 3672 ,
2442 3622 2483 3664 &

1460 3681 1750 3734 candelarum,
1787 3695 1869 3738 quae
1894 3682 1932 3722 in
1962 3680 2106 3723 eadem
2135 3681 2315 3724 Ecclesia
2343 3681 2482 3724 circa-2

1448 3740 1641 3783 Cadaver
1658 3770 1671 3792 ,
1701 3743 1764 3783 vel
1801 3742 1925 3782 etiam
1950 3740 1991 3781 iu
2027 3741 2238 3783 Altaribus
2281 3741 2320 3782 in
2362 3739 2484 3784 die„

1449 3798 1600 3860 funeriff
1626 3800 1907 3844 accenduntur
1921 3828 1935 3852 ³
1965 3814 2056 3843 cum
2074 3799 2286 3846 additione
2299 3830 2315 3854 ,
2341 3796 2452 3899 qugd
2468 3825 2483 3850 ,

2361 3871 2384 3899 u
2417 3872 2428 3899 1
