2710 4108
304 182 700 326 lab31=s9Ap0stolicae
725 262 923 309 firmitatis
952 261 1074 308 robur
1098 262 1334 320 adjicimus,

300 348 347 376 ac
362 344 530 380 omnes,
561 329 600 369 δι
628 324 801 380 fingulos
830 336 911 366 tam
940 321 1067 379 juris,
1097 325 1215 378 quim
1241 320 1350 370 faeti-

302 389 510 437 defestus,
544 386 568 428 fi
584 386 652 442 qui
675 384 847 441 desuper
862 381 1174 440 quomodolibet
1198 382 1329 422 inter-

305 449 494 492 venerint
520 474 534 498 ,
571 443 800 499 supplemus
826 470 838 484 .
884 447 1173 486 Decet-nentes
1209 439 1331 490 illas,

300 503 687 561 necnonpraefentes
706 503 847 545 literas
863 504 1018 558 semper
1033 528 1047 552 ,
1077 501 1117 542 δι
1131 499 1333 556 perpetuo

301 565 456 611 validas
469 593 483 616 ,
512 564 644 608 firmas
659 591 675 613 ,
696 560 936 604 &efficaces
954 559 1123 603 existere
1137 587 1151 610 ,
1167 559 1205 600 δι
1225 556 1356 606 fore‚·

302 621 471 681 suosque
487 617 715 678 plenarios,
734 616 969 675 &integros
986 616 1151 662 effectus
1167 615 1303 659 sortiri
1321 644 1337 668 ,

302 687 344 729 δι
360 684 549 727 obtinere
565 709 580 732 ‚
611 695 657 723 ac
676 680 727 722 ab
749 679 958 730 omnibus,
989 679 1027 720 &
1055 676 1250 734 lingulis,
1282 675 1336 717 ad

301 757 405 799 quos
423 741 571 799 spectat
581 768 595 792 ,
609 741 650 781 &
663 738 701 781 in
717 736 897 781 futurum
919 737 1110 793 spectabit
1122 762 1137 784 ‚
1151 737 1309 790 semper
1321 762 1336 786 ‚

301 804 343 845 δι
358 800 558 858 perpetuo
573 797 778 842 observari
789 827 805 849 ,
832 798 966 853 ficque
980 792 1338 853 perquoscumque

295 860 464 920 Judices
482 859 558 899 διε.
590 856 816 899 Auditores
829 855 999 913 judicari
1014 856 1092 898 ὄις.
1109 853 1337 903 attentari,

303 925 343 964 in
357 916 605 961 contrarium
622 914 770 958 facien.
797 929 877 958 non
897 914 1052 958 obstan.
1080 910 1335 971 quibuscum-

303 993 411 1034 que.
446 980 595 1018 Datum
613 976 755 1017 Romae
786 974 893 1030 apud
924 975 1110 1016 Sanctum
1135 974 1303 1013 Petrum
1320 997 1334 1020 ,

304 1038 374 1080 sub
401 1034 567 1078 Annulo
600 1032 813 1077 Piscatoris
833 1060 846 1083 ,
877 1031 943 1074 die
968 1044 1090 1074 xiii.
1119 1029 1331 1073 Februarii

306 1106 473 1141 uncxit
488 1107 501 1136 1
515 1107 546 1136 1.
570 1090 833 1137 Pontificatus
850 1089 977 1133 nostri
992 1103 1099 1134 anno
1117 1087 1308 1145 vigesimo
1321 1116 1334 1130 .

846 1210 905 1252 M.
922 1208 974 1256 A,
992 1205 1197 1250 Maraldus
1212 1235 1226 1248 .

369 1332 515 1383 Antog.
551 1325 595 1367 in
626 1323 746 1367 Arcb.
772 1327 915 1368 Sec-ret.
946 1329 1062 1367 Brev.
1092 1322 1225 1382 Apost.
1242 1327 1336 1381 Reg.

420 1384 579 1442 mensis,
603 1384 650 1432 ὅ·
674 1387 771 1426 anni
787 1385 915 1440 praed.
930 1386 1012 1444 sol.
1031 1395 1102 1440 79.

467 1620 1166 1666 DECRETIS

375 1738 507 1789 Sacrae
524 1739 724 1809 Congreg.
745 1738 924 1788 Rituum
942 1774 958 1797 ,
980 1739 1034 1788 &⁶
1055 1737 1237 1787 Concilii
1253 1775 1267 1788 .

306 1863 487 1909 Fratres
503 1859 738 1927 Eporediae
751 1855 923 1907 nonnisi
957 1857 1015 1907 ad
1035 1857 1337 1907 Proceffiones

311 1981 312 1984 ,
371 1927 523 1980 solitas
538 1965 556 1990 ,
589 1929 638 1982 ὅ(
650 1945 735 2000 pro
748 1931 936 1997 publico
955 1927 1079 1979 bono
1094 1965 1110 1987 ,
1140 1927 1188 1982 ὅ(
1204 1930 1340 1979 hono·

1080 2058 1303 2143 No

1055 224 1058 228 ⁸
1110 140 1675 233 Provincia

1466 278 1514 311 re
1544 261 1738 311 indicias
1763 257 1975 310 accedere
2006 259 2148 310 teneri
2197 258 2440 320 statuitur,

1462 333 1525 382 ita
1541 345 1723 390 tamen,
1751 346 1803 382 ut
1828 334 1872 380 in
1901 329 2212 398 persolvendis
2235 330 2322 381 suis
2335 329 2440 381 offi-

1461 404 1543 453 ciis
1558 403 1862 472 Regularibus
1892 418 1985 451 non
2011 400 2318 471 impediantur
2334 436 2353 472 ⁴.

1533 528 2300 574 PEDEMONTANA.

1504 648 1802 704 anueruntur
1821 647 1967 690 Patres
1995 647 2197 702 Capucini
2227 645 2333 702 apud
2363 648 2438 691 Sa-

1531 721 1641 749 cram
1676 708 1845 750 Rituum
1889 704 2267 760 congregationem
2282 733 2298 756 ,
2327 704 2439 760 quod

1399 763 1589 822 Episcopi
1604 794 1619 818 ,
1640 767 1677 808 8(
1693 763 1914 822 praesertim
1929 764 2142 819 Eporediae
2157 793 2171 815 ‚
2191 777 2271 807 veos
2284 778 2438 822 cogere

1398 821 1547 873 velint,
1566 834 1609 866 ut
1625 826 1825 868 accedant
1842 824 1891 866 ad
1909 822 2125 864 nonnullas
2140 822 2438 876 Proaffiones,

1394 891 1480 936 quae
1494 896 1628 938 nuper
1647 881 1820 926 fuerunt
1834 880 2070 924 introduetae
2083 909 2094 922 .

1457 940 1615 984 Eadem
1641 945 1761 984 Sacra
1789 941 2072 996 Congregatio
2091 939 2288 983 inbaerens
2304 941 2437 995 Magi-

1394 996 1502 1040 strali
1521 1001 1702 1042 Decreto
1719 1002 1822 1043 fatto
1837 1011 1904 1050 27.
1921 996 2020 1055 Julii
2038 998 2159 1054 1609.
2178 996 2330 1041 censuit
2350 1002 2437 1041 Re-

1395 1055 1554 1110 gulares
1570 1073 1712 1101 omnes
1737 1057 1842 1116 poffe
1873 1056 2068 1113 compelli
2099 1056 2212 1114 juxta
2241 1059 2439 1100 Declara-

1396 1116 1557 1158 tionem
1572 1116 1919 1173 Congregationis
1949 1116 2060 1159 Sacri
2084 1114 2292 1168 Concilii,
2321 1115 2435 1174 cujus

1393 1174 1557 1229 quidem
1572 1175 1801 1221 declaratio
1815 1173 1918 1218 talis
1933 1174 1989 1217 est
2004 1203 2018 1227 ,
2045 1173 2242 1217 videlicet
2261 1189 2274 1217 :

1457 1294 1581 1335 sacra
1599 1295 1855 1349 Congregatio
1872 1289 2038 1336 concilis·
2057 1292 2281 1334 Tridentini
2308 1295 2436 1335 Inter-

1389 1358 1552 1407 pretam
1550 1353 1700 1409 steprffs
1716 1353 1934 1394 declaravit
1948 1379 1962 1400 ,
1969 1350 2148 1406 publicas
2167 1349 2403 1409 Procefflones
2417 1381 2435 1402 ,

1397 1413 1452 1451 ad
1466 1422 1562 1464 quar
1576 1412 1766 1467 exempti,
1792 1409 1842 1452 ab
1861 1409 2052 1467 Epifiopis
2077 1413 2234 1461 vocati,
2259 1410 2435 1452 accedere

1396 1476 1607 1512 teneantur
1619 1484 1663 1510 ex
1685 1474 1842 1514 Decret.
1857 1478 1940 1524 cap.
1962 1481 1974 1509 ι
1984 1482 2024 1523 3.
2037 1467 2129 1525 sesi.
2148 1477 2168 1508 2
2174 1479 2214 1516 5.
2230 1468 2276 1510 de
2294 1469 2437 1525 Regul-

1398 1526 1563 1583 ejufilem
1580 1529 1742 1573 Conctlii
1752 1555 1767 1578 a
1788 1541 1848 1570 eas
1863 1527 1934 1585 effl-
1947 1527 2215 1582 intelligendas
2229 1553 2243 1575 a
2271 1540 2358 1582 quae
2370 1531 2437 1569 in-

1398 1585 1692 1647 diiiaesuerunt
1709 1598 1787 1644 pro
1801 1587 1895 1630 bono
1907 1584 2061 1643 publico
2078 1613 2092 1638 ,
2120 1585 2349 1642 velpublico
2365 1586 2436 1628 ho-

1398 1659 1491 1689 nore
1505 1674 1518 1684 .

1458 1766 1596 1819 Quam
1609 1762 1954 1821 Congiegationis
1970 1761 2081 1805 Sacri
2100 1761 2280 1804 Concilii
2298 1761 2436 1806 decla·

1399 1824 1601 1865 rationem
1620 1853 1633 1874 ‚
1663 1825 1807 1866 eadem
1824 1827 1942 1866 Sacra
1964 1823 2137 1865 Ritu-um
2154 1822 2437 1878 congregatio

1400 1881 1551 1936 ubique
1564 1883 1798 1926 lervandam
1821 1880 1899 1925 elie
1925 1879 2112 1933 censuit,
2134 1882 2178 1922 δι
2202 1880 2439 1926 declaravit

1399 1942 1475 1983 hac
1489 1941 1557 1983 die
1573 1942 1744 1999 21.Julii
1765 1944 1887 1995 1645.

1395 2058 1644 2123 TA.

300 2207 408 2246 Plene
430 2219 508 2246 cum
528 2209 596 2246 hoc
612 2209 797 2245 Decretum
818 2219 889 2245 non
914 2206 1116 2246 satisfaceret
1140 2207 1303 2246 instantiis
1316 2233 1330 2254 ,
1362 2208 1428 2245 fuit
1447 2207 1533 2244 alius
1556 2206 1694 2246 libellus
1713 2181 1861 2256 subolere
1884 2208 2202 2256 immediate'l’apae
2226 2203 2435 2255 peruetus,

349 2271 369 2292 a
394 2268 466 2305 quo
486 2268 564 2294 cum
589 2256 688 2294 fuerit
715 2257 864 2294 remilius
888 2258 931 2293 ad
954 2259 1090 2294 Sacram
1113 2260 1432 2306 Congregationem
1458 2257 1638 2301 concilii,
1667 2258 1706 2294 Ρ.
1722 2258 1928 2295 Procurator
1951 2257 2133 2296 Generalis
2174 2256 2436 2295 Eminentiffimi

350 2305 545 2344 cardinalis
566 2304 724 2346 Proefesti
746 2305 980 2355 patrocinium
1003 2305 1160 2354 quaefivit
1186 2308 1346 2357 sequente
1373 2305 1493 2345 libello
1515 2304 1682 2355 supplici.

898 2422 1219 2482 Eminentifflme‚
1240 2426 1289 2475 ῖς
1314 2424 1627 2482 Reverendiffl'me
1654 2425 1839 2468 Domine.

379 2481 574 2522 Roeurator
595 2479 777 2532 Generalis
802 2481 1054 2532 Caput-inarum
1076 2482 1285 2522 humillimus
1310 2484 1513 2523 Eminentiae
1526 2481 1648 2534 Vestra
1661 2485 1794 2521 Servus
1808 2484 1944 2533 sumpto
1967 2483 2014 2521 ad
2027 2483 2269 2534 Sanfiiiffimnm
2291 2482 2434 2532 recursu

395 2540 458 2580 pro
477 2533 598 2580 gratia
623 2530 773 2581 institit,
800 2542 843 2567 ne
866 2529 1008 2569 Fratres
1024 2533 1086 2583 sui
1112 2533 1262 2571 Ordinis
1285 2534 1486 2584 quibusdam
1507 2532 1771 2583 Procefflonibus
1794 2535 1932 2571 noviter
1966 2534 2011 2570 ab
2046 2532 2257 2570 Ordinariir
2283 2533 2435 2570 indufiie

299 2581 517 2617 intervenire
543 2588 754 2623 teneantur,
777 2581 926 2629 exceptis
952 2580 1014 2617 illa
1040 2583 1202 2630 Corporis
1226 2583 1395 2628 Domini,
1428 2582 1571 2630 aliisque
1591 2580 1870 2630 generaliffimis,
1901 2590 2007 2631 prout
2030 2581 2051 2619 ὸ
2087 2581 2289 2631 Sanfitffimo
2318 2583 2437 2618 Ante-

298 2626 419 2678 ceffiare
443 2628 529 2667 PP.
554 2628 833 2678 observantibus
861 2628 1073 2678 Reformatis
1090 2631 1169 2679 fuit
1189 2643 1287 2668 conce
1313 2644 1370 2668 um
1416 2632 1503 2669 Cum
1525 2640 1638 2668 autem
1663 2630 1798 2668 libellus
1811 2631 1957 2681 supplex
1978 2629 2180 2680 Sanfliffimo
2206 2630 2433 2679 praesentatae

301 2678 348 2713 ad
370 2678 514 2714 Sacram
538 2678 843 2725 Congregationem
865 2678 1014 2715 concilia·
1029 2679 1147 2728 fuerit
1173 2681 1258 2716 remi
1284 2692 1323 2716 ur
1338 2706 1351 2724 ‚
1379 2680 1582 2717 Eminentia
1609 2676 1732 2729 Vestrae
1754 2681 1841 2718 idem
1869 2680 2081 2718 Procurator
2088 2678 2260 2728 snpplicat
2275 2703 2288 2723 ‚
2313 2679 2434 2727 utsuae

290 2775 331 2826 se

298 2824 396 2861 narii
409 2822 519 2875 postea
537 2822 625 2872 agre
639 2823 767 2873 ferunt
780 2848 791 2860 .
857 2835 934 2860 uam
960 2825 1033 2867 ότι

290 2723 485 2810 suffragari
513 2726 679 2774 dignetur
699 2724 903 2772 Religioni,
929 2739 1003 2775 quae
1021 2729 1179 2776 gratiam
1209 2730 1381 2778 obsecrat,
1409 2741 1477 2765 non
1491 2753 1504 2773 ,
1519 2738 1560 2766 ut
1575 2727 1616 2776 se
1636 2730 1680 2766 ab
1705 2729 1898 2766 obedientia
1912 2729 2119 2765 Ordinariis
2143 2728 2261 2766 debita
2280 2728 2433 2772 eximat,

378 2784 420 2811 ex
442 2786 478 2811 eo
491 2798 503 2818 ,
527 2774 616 2823 quod
643 2773 826 2823 aliquoties
845 2773 1036 2824 hujusmodi
1061 2777 1324 2829 Proceffionibus
1345 2775 1501 2830 intereffe
1524 2777 1784 2829 circumstantia
1804 2776 1952 2828 absoluti
1976 2777 2159 2816 inhibeant
2174 2800 2188 2821 ,
2212 2776 2302 2826 quod
2323 2776 2439 2814 Ordi-

299 2930 362 2969 Ne
382 2939 498 2967 autem
524 2931 628 2968 Sacra
651 2930 893 2977 congregatio
913 2931 934 2968 a
958 2931 1022 2969 suo
1044 2936 1196 2972 Decreto
1215 2934 1312 2980 supra
1329 2935 1442 2983 polito
1467 2935 1665 2981 recederet,
1690 2934 1725 2973 &
1751 2945 1865 2973 tamen
1892 2933 2131 2983 supplicationi
2158 2933 2313 2972 Fratrum
2341 2918 2444 2969 fave·

350 2988 404 3016 ret
419 3005 429 3022 ,
451 2978 534 3016 nihil
556 2980 640 3017 novi
664 2981 842 3017 decernere
867 2982 981 3018 voluit
995 3007 1004 3021 ,
1032 2983 1088 3019 sed
1114 2983 1295 3032 Episcopis
1309 3009 1323 3028 ‚
1342 2996 1466 3021 contra
1489 2997 1579 3032 quos
1607 2987 1738 3023 Fratres
1756 2986 1788 3022 se
1811 2986 1991 3023 molestius
2023 2995 2185 3028 gravatos
2223 2983 2287 3020 ell'e
2310 3005 2324 3028 ‚
2352 2993 2440 3019 con-

345 3028 595 3077 querebantur,
621 3029 665 3066 ad
685 3028 924 3067 discretionem
945 3032 1133 3069 monendos
1153 3032 1219 3070 esse
1243 3033 1370 3080 duxit,
1383 3045 1442 3081 per
1465 3034 1579 3073 literas
1593 3061 1604 3078 ,
1618 3044 1765 3083 quarum
1789 3037 1987 3082 exemplum
2007 3033 2062 3070 hic
2075 3033 2262 3082 apponitur
2279 3057 2291 3069 .

964 3129 1276 3188 Reverendisp'me
1302 3135 1496 3182 Domine,
1524 3131 1588 3178 uti
1614 3137 1786 3178 Frater.

397 3183 486 3222 Cum
509 3183 530 3220 ἆ
562 3181 796 3232 Regulara'bus
820 3183 889 3234 sup
912 3184 1056 3227 lie-atum
1080 3189 1199 3238 fuerit
1233 3191 1350 3228 Sacrae

1391 3190 1662 3239 Congregatiom’
1689 3189 2027 3241 Eminentiffimorum
2048 3187 2290 3228 Cardinalium
2317 3186 2423 3225 Sacri

300 3231 451 3272 Concilii
477 3231 706 3280 Interpretum
729 3242 792 3282 pro
830 3234 872 3270 ln
899 3233 971 3272 ulto
1005 3251 1074 3274 non
1106 3238 1313 3282 accedendi,
1337 3240 1397 3275 nir
1422 3239 1468 3275 ad
1487 3250 1617 3282 certas,
1643 3240 1874 3283 &limitatas
1896 3238 2140 3288 Proceffiones,
2165 3236 2289 3274 Eadem
2314 3236 2427 3272 Sacra

300 3282 532 3329 congregatio
559 3283 680 3319 renuit
693 3293 707 3322 3
722 3282 787 3331 sed
801 3294 868 3326 ,ne
891 3283 945 3334 isti
956 3286 1192 3334 impediantur
1219 3287 1380 3325 ordinate
1405 3287 1530 3325 divina
1553 3289 1659 3338 officia
1684 3288 1879 3333 celebrare,
1912 3288 1956 3329 ὁ·
1976 3289 2047 3323 αίῑα
2071 3298 2174 3323 ΟΜΝ
2197 3283 2428 3332 Regulam'lu

296 3332 414 3372 obire,
443 3330 488 3366 ad
510 3329 786 3380 Amplitudinem
815 3329 926 3368 Tuam
939 3333 1161 3380 scribendum
1177 3335 1270 3386 juffit
1284 3362 1295 3379 ,
1323 3346 1365 3373 ut
1376 3336 1521 3384 solitas,
1545 3332 1589 3380 ὀ·
1614 3339 1788 3386 consuetas
1810 3336 1948 3375 tantam
1967 3359 1980 3379 ‚
2016 3347 2083 3371 non
2105 3343 2217 3372 autem
2243 3332 2398 3381 insolitas
2416 3355 2429 3373 ι

298 3379 344 3420 ό·
367 3387 437 3416 tam
460 3379 519 3427 fre
542 3389 662 3418 uenter
688 3379 906 3429 Proceffiones
927 3383 1065 3421 indicat
1082 3409 1092 3425 ‚
1117 3384 1208 3432 quod
1233 3383 1438 3433 Amplitudo
1471 3384 1548 3424 Tua
1569 3395 1634 3436 pro
1646 3388 1716 3437 Jica
1727 3388 1860 3437 pietate
1892 3384 2018 3436 efficere
2055 3394 2123 3420 non
2150 3383 2398 3433 praetermittat
2411 3405 2427 3426 a

298 3427 345 3471 ὁ·
364 3428 446 3464 bene
470 3439 514 3463 va
530 3438 587 3466 eat
609 3429 648 3464 in
671 3428 851 3467 ‘Domino-
899 3427 1016 3469 Roma
1046 3444 1099 3480 ¹9·
1125 3430 1340 3471 Novembris
1364 3435 1466 3483 1645.

396 3474 653 3525 Amplitudinit
682 3476 764 3516 Tun

1269 3531 1334 3569 vti
1344 3529 1467 3570 Frater

931 3577 1086 3629 Petrus
1110 3579 1308 3650 Aloyfius
1338 3582 1579 3636 Cardinalis
1607 3581 1780 3653 Carqffa
1794 3619 1808 3632 .

1582 3700 1786 3753 franciscus
1808 3698 2008 3739 Paulatim
2028 3698 2069 3739 S.
2083 3697 2125 3738 C·
2140 3696 2181 3738 C.
2192 3696 2331 3739 secret.

2297 3796 2333 3833 D
2348 3795 2391 3831 Β·
