2710 4108
987 203 1773 321 Mediolanensts.

307 329 457 378 sumat,
474 318 883 370 AuctoritateNostra
911 321 1078 376 publice
1103 322 1345 377 prohibeas,

305 390 344 431 &
366 385 618 432 interdicas,
646 382 712 426 seu
729 379 969 436 prohiberi,
1001 382 1041 422 &
1063 381 1256 423 interdici
1270 395 1343 423 cu-

306 458 400 497 res,
427 446 469 487 &
494 439 642 485 facias-
672 441 769 483 Non
799 438 1053 482 obstantibus
1069 438 1345 483 Constitutio-

303 506 452 554 nibus,
480 497 870 544 &ordinationibus
883 495 1154 553 Apostolicis,
1183 509 1344 539 necnon

304 560 499 610 ordinis,
524 560 569 602 δε
592 560 748 603 Domus
772 556 1056 614 pradietorum
1073 585 1089 607 ,
1117 558 1160 599 ἅ
1184 552 1343 612 quibus·

305 624 369 671 vis
392 619 481 665 aliis
497 646 512 671 ‚
540 618 670 664 etiam
694 617 945 675 juramento,
972 612 1342 661 Confirmationea

303 676 535 738 Apostolica
553 706 567 730 ,
600 677 665 722 vel
681 676 822 734 quavis
842 675 1038 720 firmitate
1061 675 1141 720 alia
1167 674 1340 717 robora-

302 741 357 783 tis
384 737 568 789 statutis,
594 738 633 779 &
664 734 1039 787 consuetudinibus,
1053 732 1342 789 caeterisqusss

302 798 518 843 contrariis
538 794 841 854 quibuscunque
856 825 870 835 .
901 796 1054 837 Datum
1069 794 1211 836 Romae
1236 789 1343 843 apud

303 858 488 904 SanEtam
502 855 674 900 Mariam
689 853 892 910 Maiorem
906 854 977 896 sub
991 851 1156 895 Annulo
1167 847 1344 895 Piscato-

303 917 388 969 ris,
419 918 500 960 Die
525 928 618 959 xxx.
642 912 832 959 octobris
858 923 1052 957 κυεην.
1077 908 1344 956 Pontificatus

306 973 444 1022 Nostri
464 978 584 1020 Auno
609 973 762 1017 tertio.

903 1090 957 1131 V.
973 1088 1199 1132 Tbeatinus
1210 1114 1226 1129 .

364 1212 539 1268 Exempl.
562 1213 606 1254 in
621 1207 793 1254 Archivo
821 1207 1013 1250 Generali
1039 1206 1138 1251 ord.
1151 1204 1342 1250 Armart'o

362 1270 580 1315 Provincia
596 1263 913 1314 Mediolanensis
924 1294 937 1307 .

307 1413 420 1428 —

308 1565 557 1622 Ecclesiam
619 1562 802 1616 Domt'is
852 1562 1052 1617 Canobii
1096 1563 1144 1612 in
1198 1558 1344 1611 offici-

375 1656 456 1689 nas
469 1674 487 1698 ,
520 1635 722 1704 aliosque
739 1634 842 1686 usus
859 1635 1116 1704 prophanos
1141 1650 1227 1703 pro
1242 1629 1353 1696 ejus-

377 1709 488 1760 dem
545 1705 729 1758 Domus
766 1708 1062 1776 ampliatione
1092 1705 1302 1755 converti
1335 1739 1351 1762 ,

377 1776 739 1848 Archiepiscopo
771 1773 1105 1829 Mediolanensi
1120 1774 1213 1827 ἃς.
1228 1791 1352 1825 com-

374 1865 521 1902 mittit
545 1887 558 1900 .

306 1981 449 2024 Foris:
494 1976 714 2023 Venerabili
729 1979 875 2023 Fratri
886 1975 1180 2035 Arcbtepifiopo
1196 1974 1349 2018 Medio·

389 2037 544 2097 lenensi
560 2067 576 2091 ,
600 2038 692 2094 five
719 2036 858 2081 dileHo
886 2035 989 2080 Filio
1007 2036 1088 2095 eJus
1111 2034 1261 2079 mear-io

533 2101 578 2141 in
584 2095 871 2155 spiritualibus
899 2093 1089 2139 Gener-ah·
1100 2123 1112 2137 .

301 2216 772 2273 URBANUS
857 2214 1079 2264 PAPA
1139 2211 1342 2263 VIII.

311 2332 547 2381 Venerabilis
568 2333 742 2383 Frater,
757 2332 834 2393 se'u
851 2330 1006 2374 DileHe
1023 2329 1340 2389 F11i‚fi1nrem,

481 2391 530 2441 ὅ
547 2390 809 2449 Apessolicans
829 2389 1140 2434 Benedifflonem
1154 2419 1166 2431 .

415 2511 553 2566 Xponi
581 2508 712 2554 Nobis
737 2522 867 2566 nuper
890 2508 1077 2553 fecerunt
1102 2506 1256 2551 Dileffi
1279 2505 1348 2548 Fi-

432 2570 475 2612 lii
495 2567 787 2619 Guardianus,
815 2570 855 2611 &
883 2570 1045 2612 Fratres
1078 2570 1235 2610 Domus
1261 2566 1347 2607 Re·

333 2630 457 2672 ularis
472 2627 662 2680 ,Ordinis
676 2630 864 2671 Fratrum
890 2628 1096 2670 Minorum
1123 2626 1164 2668 S.
1179 2623 1346 2666 Franci-

302 2643 358 2730 ?ci
381 2689 689 2744 Capucinorum
708 2697 1036 2744 nuncupatorum
1065 2683 1146 2728 loci
1169 2680 1346 2727 Canobii

303 2745 585 2790 Mediolanen.
610 2744 809 2790 Dioecelis
822 2773 838 2798 ,
868 2745 976 2802 quod
1005 2742 1074 2801 ipsi
1088 2755 1165 2800 pro
1180 2739 1347 2797 amplia-

304 2806 420 2848 tione
433 2834 447 2856 ,
471 2806 512 2848 δι
526 2804 666 2862 majori
681 2803 975 2847 commoditate
990 2815 1132 2846 eorum
1147 2803 1344 2844 Conven-

303 2872 369 2906 tus
385 2890 400 2913 ‚
429 2861 774 2906 illius'Eccleliam
787 2890 801 2913 ‚
835 2863 979 2918 praevia
993 2868 1130 2904 tamen
1147 2859 1232 2918 ejus
1245 2870 1345 2913 pro-

303 2921 537 2966 fanatione,
565 2921 605 2962 in
629 2920 810 2963 officinas
825 2947 840 2970 ,
870 2919 982 2963 alios
1001 2929 1052 2963 ue
1067 2922 1158 2963 us'us
1175 2929 1348 2960 conver·

304 2991 462 3032 tere‚ac
479 2992 627 3022 novam
642 2979 681 3021 in
696 2979 780 3020 alio
793 2978 886 3021 loco
902 2978 975 3021 aedi
1006 2992 1100 3022 care
1113 2975 1349 3026 intendunt,

301 3041 330 3082 si
346 3038 404 3081 eis
419 3037 470 3081 ad
486 3037 525 3080 id
541 3037 673 3079 nostra
685 3062 700 3084 a
730 3038 769 3078 Sc
796 3036 912 3079 Sedis
924 3035 1165 3093 Apostolicae
1179 3033 1347 3076 licentia

303 3096 563 3152 suffragetur,
576 3097 617 3137 δι
638 3094 822 3138 facultas.
839 3097 926 3138 Nos
948 3095 1073 3152 igitur
1087 3093 1253 3136 eosdem
1268 3095 1348 3135 Ex-

333 3166 506 3201 onentes
538 3153 719 3210 specialis
736 3154 875 3211 gratiae
892 3151 1034 3196 favore
1060 3151 1247 3209 prosequi
1276 3165 1346 3194 vo·

324 3226 467 3266 entes,
480 3227 636 3256 necnon
654 3210 956 3262 Guardianum‚
972 3214 1013 3254 δι
1034 3213 1188 3255 Domus
1203 3212 1347 3267 Regu·

304 3274 404 3319 laris
427 3270 652 3329 hujusmodi
671 3271 889 3327 singulares
908 3270 1099 3315 Personas
1113 3298 1126 3321 ‚
1148 3273 1171 3314 a
1186 3269 1347 3326 quibus*-

305 3334 368 3376 vis
381 3330 807 3376 excommunicationis
821 3359 837 3381 ,
851 3328 1107 3385 suspensionis
1124 3354 1139 3376 ,
1164 3329 1205 3371 δι
1218 3328 1346 3371 inter-

306 3392 426 3443 dieti,
460 3390 626 3447 aliisque
647 3388 929 3431 Ecclefiasticis
956 3387 1148 3432 sententis
1163 3414 1179 3439 ,
1202 3386 1343 3430 censu·

307 3452 392 3503 ris,
420 3450 462 3492 δι
479 3449 612 3507 poenis
634 3449 659 3493 ὲ
684 3447 800 3504 jure,
830 3447 894 3489 vel
916 3447 965 3490 ab
984 3447 1177 3497 homine,
1201 3445 1345 3502 quavis

306 3509 541 3560 occasione,
575 3507 641 3550 vel
668 3505 781 3549 causa
806 3505 894 3548 latis
912 3536 927 3557 ,
958 3507 984 3547 si
1006 3506 1149 3562 quibus
1171 3518 1344 3561 quomo·

307 3566 470 3610 dolibet
493 3565 694 3611 innodatae
707 3564 880 3609 existunt
905 3593 919 3616 ,
961 3564 1013 3607 ad
1038 3563 1223 3606 essec‘mtn
1247 3578 1347 3620 prae-

311 3624 492 3670 sentium
508 3624 704 3669 duntaxat
734 3625 852 3669 conse
884 3623 1061 3668 nendum
1078 3651 1092 3675 ,
1124 3622 1265 3666 harum
1290 3624 1348 3667 se·

308 3684 368 3727 rie
396 3680 650 3727 absolventes
666 3710 681 3735 ,
709 3683 751 3726 δι
777 3681 870 3726 abso
892 3693 978 3725 utas
1001 3680 1088 3723 sore
1102 3683 1346 3731 censentes,

308 3751 468 3785 certam
494 3751 630 3784 tamen
663 3741 718 3784 de
745 3740 942 3796 pramissis
964 3741 1153 3783 notitiam
1179 3754 1258 3782 non
1278 3742 1348 3784 ha-

302 3802 447 3845 bentes
466 3829 480 3853 ,
510 3799 706 3857 pot-restis
722 3802 854 3845 Nobis
880 3814 956 3857 pro
975 3813 1118 3844 eorum
1138 3809 1256 3856 parte
1284 3797 1348 3843 su·

1406 337 1483 379 pet·
1509 324 1586 365 boc
1610 318 1972 378 supplicationibus
1995 320 2208 374 inclinati,
2242 244 2449 368 Frangat-

1406 381 1481 423 tati
1496 391 1572 424 tuae
1582 408 1597 432 ,
1610 383 1756 423 Frater
1773 376 1995 436 Episcope,
2009 376 2074 421 seu
2088 381 2336 426 Discretioni
2352 394 2447 435 tuat,

1406 439 1484 482 Fili
1501 439 1689 491 vicarie,
1719 452 1795 494 pet·
1821 438 2043 494 praesentes
2074 441 2387 494 committimu,
2410 444 2451 485 &

1406 496 1673 548 mandamus,
1704 508 1906 552 quatenus
1921 493 2146 538 Ecclesiam
2177 501 2448 553 praeditstam„

1403 555 1658 599 auctoritate
1671 556 1817 598 Nostra
1840 549 2028 610 profanes
2044 578 2059 601 ,
2089 556 2130 596 δι
2153 569 2377 602 coementas
2405 561 2448 603 in

1402 611 1582 655 officinas
1594 642 1612 663 ,
1644 614 1685 655 δι
1704 614 1805 656 alios
1830 610 2033 660 usuaillis
2060 613 2271 657 benevisos
2287 644 2302 668 ,
2333 630 2447 661 non„

1403 682 1543 715 tamen
1586 670 1772 715 sordidos
1810 701 1828 724 ,
1879 668 2023 713 reduci
2048 698 2064 722 ,
2099 685 2261 716 necnon
2303 674 2342 715 in
2369 674 2449 717 alio

1404 728 1587 786 ejusdem
1613 732 1852 774 Conventus
1869 729 1963 774 loco
1981 730 2280 781 commodiori,
2310 734 2351 773 &
2368 746 2453 775 ma-

1404 789 1464 843 gis
1486 799 1719 844 opportuno
1733 818 1748 840 ,
1776 803 1933 832 novam
1946 790 2170 832 Ecclesiam
2185 789 2358 832 construi
2373 816 2388 838 ,
2410 792 2451 832 &

1403 844 1622 899 aedificari,
1652 861 1700 889 ac
1727 848 1956 900 cadavera,
1989 860 2077 902 quae
2104 848 2146 890 in
2178 848 2452 904 primodidta„

1407 904 1589 952 Ecclesia
1613 906 1823 949 inhumata
1848 905 2062 958 sunt,cum
2078 906 2287 962 superficie
2303 916 2420 949 terrae
2433 937 2451 959 ,

1404 980 1451 1009 ac
1469 965 1714 1022 paramentis
1727 993 1743 1017 ,
1764 966 1806 1007 δι
1820 966 2056 1016 Muribus,
2084 979 2245 1008 necnon
2262 965 2371 1007 omni
2389 966 2450 1007 sa-

1403 1038 1474 1068 cra
1505 1022 1759 1080 supellefflle
1786 1025 1838 1067 ad
1851 1023 1966 1066 illam
1985 1024 2036 1067 iic
2051 1022 2285 1067 aedificatam
2302 1024 2451 1066 Eccle-

1403 1082 1495 1127 fiam
1512 1082 1741 1135 transferri,
1754 1082 1963 1126 licentiam
1978 1111 1993 1134 ,
2021 1085 2063 1125 δι
2087 1082 2326 1126 facultatem
2350 1095 2452 1125 con-

1403 1141 1525 1186 cedas
1543 1170 1557 1195 ,
1587 1142 1749 1199 aliaque
1769 1145 1934 1191 omnia,
1965 1144 2006 1185 δι
2028 1141 2181 1198 singula
2212 1142 2261 1184 in·
2275 1139 2452 1197 praemis-

1402 1202 1451 1245 fis
1472 1199 1714 1253 necessaria,
1752 1201 1822 1245 seu
1848 1200 2162 1258 quomodolibet
2187 1210 2419 1257 opportuna
2435 1226 2451 1251 ,

1405 1260 1648 1306 austeritate
1671 1260 1855 1317 praedic'ta
1883 1259 2036 1313 facias,
2065 1260 2297 1311 decernas,
2328 1273 2448 1301 exer·

1404 1334 1497 1365 ceas
1513 1348 1527 1372 ,
1556 1321 1598 1362 δι
1621 1321 1860 1377 exequaris.
1893 1323 1988 1365 Non
2013 1318 2452 1374 obstantibusAposto·

1407 1379 1528 1430 licis,
1555 1392 1718 1422 necnon
1743 1380 1785 1422 in
1816 1379 2110 1422 universalibus
2130 1406 2144 1428 a
2179 1376 2453 1423 Provinciali-

1406 1438 1479 1481 bus
1495 1466 1509 1490 ,
1533 1438 1572 1479 8(
1590 1438 1862 1493 synodalibus
1879 1437 2081 1481 Conciliis
2109 1437 2235 1480 editis
2260 1436 2451 1492 speciali-

1404 1498 1492 1549 bus,
1509 1497 1550 1538 ὅτ.
1565 1497 1823 1551 generalibus
1844 1496 2214 1540 Constitutionibus
2227 1526 2243 1547 ‚
2269 1499 2309 1539 &
2322 1495 2452 1538 Ordi-

1405 1555 1653 1606 nationibus,
1667 1555 1860 1613 dic‘iaeque
1877 1559 2030 1599 Domus
2047 1556 2266 1611 Regularis
2281 1584 2297 1608 ,
2319 1556 2358 1596 &
2372 1557 2453 1597 Or·

1413 1615 1517 1659 dinis
1533 1614 1789 1672 hujusmodi,
1806 1615 1933 1658 ctiam
1948 1615 2181 1670 juramento
2194 1645 2208 1665 ,
2228 1612 2454 1658 Confirma-

1414 1675 1526 1718 tione
1543 1674 1777 1732 Apostolica
1793 1701 1807 1725 ,
1838 1685 1909 1717 aut
1925 1674 2063 1730 quavis
2077 1673 2155 1716 alia
2170 1672 2366 1717 firmitate
2383 1686 2457 1715 ro-

1412 1734 1566 1776 boratis
1583 1735 1764 1783 statutis,
1795 1733 2206 1777 &consuetudinibus
2223 1762 2235 1774 .
2265 1730 2455 1777 Caeteris-

1411 1806 1492 1849 que
1520 1792 1735 1835 contrariis
1756 1791 2061 1850 quibuscunque
2085 1821 2097 1832 .
2132 1793 2284 1835 Datum
2311 1793 2455 1834 Romae

1407 1849 1513 1908 apud
1545 1855 1588 1895 S.
1609 1851 1784 1895 Mariam
1811 1851 2014 1910 Major-em
2042 1851 2112 1893 sub
2125 1850 2295 1894 Annulo
2321 1851 2456 1893 Pisca-

1410 1910 1508 1954 toris
1522 1939 1538 1961 ,
1571 1911 1652 1954 Die
1667 1924 1763 1952 xxx.
1778 1913 2032 1968 Septembris
2046 1924 2225 1955 mncxxv
2233 1924 2268 1954 1·
2284 1906 2450 1955 Pontifi-

1409 1977 1525 2012 catus
1543 1968 1680 2013 Nostri
1709 1971 1830 2015 Anno
1853 1979 2028 2028 quarto.

1827 2089 1875 2131 Ε.
1894 2088 2098 2133 Rentius-

2043 2206 2102 2248 N.
2118 2203 2301 2248 Vannius
2318 2234 2331 2248 .

1461 2321 1638 2378 Exempl.
1668 2323 1714 2364 iu
1729 2319 1904 2365 Archivo
1923 2322 2105 2379 generali
2119 2320 2283 2365 Ordinis
2296 2326 2450 2367 Arusa-

1426 2381 1434 2388 '
1516 2382 1580 2424 rio
1605 2381 1824 2426 Provincia
1850 2378 2190 2426 Mediolanenfis.

1405 2616 1809 2671 condonationem
1832 2619 1943 2684 petii
1968 2634 2098 2666 rerrae
2118 2651 2134 2674 ,
2166 2613 2452 2666 Monasterio

1476 2687 1671 2738 Ordinis
1708 2690 1757 2735 S.
1787 2686 2023 2736 Benedisti
2052 2685 2244 2735 Abbaeia
2274 2703 2455 2735 nuncu·

1474 2770 1584 2825 pato
1599 2790 1616 2813 ,
1633 2757 1887 2825 contiguae,
1902 2774 1987 2825 pro
2003 2756 2302 2825 ampliatione
2325 2758 2452 2806 Con-

1474 2823 1641 2877 venti‘is
1670 2828 1830 2878 Terrae
1857 2829 2093 2898 Vigucrioe
2127 2823 2294 2876 faffiiam
2320 2854 2337 2881 ‚
2373 2841 2449 2894 ap·

1477 2896 1644 2967 probat
1661 2932 1675 2946 .

1408 3027 1911 3082 URBANUS
1982 3029 2195 3078 PAPA
2249 3026 2446 3075 VIII.

1414 3151 1651 3197 Venerabilis
1672 3154 1822 3198 Frater
1833 3181 1849 3205 ,
1861 3155 1951 3213 sive
1969 3155 2123 3199 Duce&
2148 3152 2232 3198 Fili
2239 3152 2447 3211 salutent,

1582 3212 1633 3260 θ’
1651 3211 1911 3270 apostolicam
1932 3212 2239 3259 Benediffimen
2252 3239 2265 3253 .

1515 3331 1653 3385 Xponi
1681 3342 1812 3387 nuper
1838 3329 2023 3375 fecerunt
2040 3330 2188 3375 Dileffi
2207 3327 2297 3372 Filii
2313 3330 2448 3371 Guar-

1531 3388 1691 3440 dianus,
1704 3391 1744 3432 &
1759 3391 1921 3432 Fratres
1939 3394 2094 3434 Domus
2110 3386 2330 3446 Regularis
2345 3389 2446 3430 San·

1404 3449 1455 3487 eti
1469 3449 1810 3491 FrancisciTerrae
1821 3445 2314 3505 Vigueriae,'1'erdonensis
2332 3447 2449 3489 Dio:-

1407 3505 1710 3556 cesis,0rdinis
1737 3508 1922 3550 Fratrum
1949 3509 2154 3551 Minorum
2185 3510 2229 3551 S.
2250 3502 2449 3549 Francisci

1408 3564 1715 3619 Capucinorum
1728 3576 2072 3623 nuncupatorum,
2103 3565 2213 3623 quod
2233 3578 2365 3621 nuper
2383 3561 2446 3604 di-

1408 3621 1532 3664 tectus
1550 3622 1676 3667 Filius
1688 3626 1951 3680 Honuphrius
1969 3626 2210 3685 Campireus
2223 3624 2417 3668 Clericus
2430 3648 2445 3671 ‚

1405 3682 1474 3736 qui
1491 3683 1797 3734 Monasterium,
1813 3682 1986 3727 Abbati·
1998 3695 2274 3742 nuncupatum
2290 3712 2304 3735 ,
2317 3685 2355 3726 S.
2372 3683 2446 3722 Bu·

1409 3740 1527 3782 bonis
1540 3739 1724 3795 ejusdem
1748 3743 1856 3794 loci,
1872 3747 1911 3786 S.
1928 3744 2134 3789 Benediffl
2153 3773 2167 3796 ,
2197 3745 2260 3786 seu
2281 3739 2445 3784 alterius

1409 3800 1574 3844 Ordinis
1591 3830 1606 3852 ,
1623 3801 1662 3844 in
1676 3803 1958 3847 commendam
1977 3804 2027 3847 ad
2053 3805 2108 3848 sui
2127 3805 2249 3846 vitam
2273 3814 2323 3842 ea
2350 3810 2447 3895 ‘fm-

2321 3870 2366 3898 ce
2387 3878 2404 3887 ·
