<?xml version="1.0" encoding="UTF-8"?>
<!DOCTYPE html PUBLIC "-//W3C//DTD XHTML 1.0 Transitional//EN"
    "http://www.w3.org/TR/xhtml1/DTD/xhtml1-transitional.dtd">
<html xmlns="http://www.w3.org/1999/xhtml" xml:lang="en" lang="en">
 <head>
  <title>
</title>
<meta http-equiv="Content-Type" content="text/html;charset=utf-8" />
  <meta name='ocr-system' content='tesseract 3.04.00' />
  <meta name='ocr-capabilities' content='ocr_page ocr_carea ocr_par ocr_line ocrx_word'/>
</head>
<body>
  <div class='ocr_page' id='page_1' title='image "./bullariumordinis02cath_0256.png"; bbox 0 0 2774 4068; ppageno 0'>
   <div class='ocr_carea' id='block_1_1' title="bbox 421 206 588 291">
    <p class='ocr_par' dir='ltr' id='par_1_1' title="bbox 421 206 588 291">
     <span class='ocr_line' id='line_1_1' title="bbox 421 206 588 291; baseline -0.018 0"><span class='ocrx_word' id='word_1_1' title='bbox 421 206 588 291; x_wconf 88' lang='lat'>186</span> 
     </span>
    </p>
   </div>
   <div class='ocr_carea' id='block_1_2' title="bbox 1149 201 1677 291">
    <p class='ocr_par' dir='ltr' id='par_1_2' title="bbox 1149 201 1677 291">
     <span class='ocr_line' id='line_1_2' title="bbox 1149 201 1677 291; baseline -0.004 -1"><span class='ocrx_word' id='word_1_2' title='bbox 1149 201 1677 291; x_wconf 80' lang='lat' dir='ltr'><em>Provincia</em></span> 
     </span>
    </p>
   </div>
   <div class='ocr_carea' id='block_1_3' title="bbox 346 311 2478 434">
    <p class='ocr_par' dir='ltr' id='par_1_3' title="bbox 346 311 2478 434">
     <span class='ocr_line' id='line_1_3' title="bbox 347 311 2478 375; baseline -0.002 -12"><span class='ocrx_word' id='word_1_3' title='bbox 347 329 480 363; x_wconf 78' lang='lat' dir='ltr'>tui-an.</span> <span class='ocrx_word' id='word_1_4' title='bbox 497 317 781 371; x_wconf 66' lang='lat' dir='ltr'>,deessentiam</span> <span class='ocrx_word' id='word_1_5' title='bbox 802 317 988 363; x_wconf 70' lang='lat' dir='ltr'>Ecclesiae</span> <span class='ocrx_word' id='word_1_6' title='bbox 1003 317 1206 362; x_wconf 86' lang='lat' dir='ltr'>collativae</span> <span class='ocrx_word' id='word_1_7' title='bbox 1223 347 1238 370; x_wconf 88' lang='lat'>,</span> <span class='ocrx_word' id='word_1_8' title='bbox 1255 324 1392 363; x_wconf 70' lang='lat' dir='ltr'>aueto-</span> <span class='ocrx_word' id='word_1_9' title='bbox 1451 319 1653 371; x_wconf 87' lang='lat' dir='ltr'>induliis,</span> <span class='ocrx_word' id='word_1_10' title='bbox 1684 318 1722 360; x_wconf 75' lang='grc' dir='ltr'>δι</span> <span class='ocrx_word' id='word_1_11' title='bbox 1746 315 1833 361; x_wconf 86' lang='lat' dir='ltr'>aliis</span> <span class='ocrx_word' id='word_1_12' title='bbox 1858 315 1999 375; x_wconf 84' lang='lat' dir='ltr'>gratiis</span> <span class='ocrx_word' id='word_1_13' title='bbox 2029 315 2248 368; x_wconf 80' lang='lat' dir='ltr'>universis,</span> <span class='ocrx_word' id='word_1_14' title='bbox 2278 325 2361 373; x_wconf 81' lang='lat' dir='ltr'>tam</span> <span class='ocrx_word' id='word_1_15' title='bbox 2388 311 2478 373; x_wconf 85' lang='lat' dir='ltr'>spe-</span> 
     </span>
     <span class='ocr_line' id='line_1_4' title="bbox 346 376 2472 434; baseline -0.002 -11"><span class='ocrx_word' id='word_1_16' title='bbox 346 383 476 423; x_wconf 83' lang='lat' dir='ltr'><strong>ritate</strong></span> <span class='ocrx_word' id='word_1_17' title='bbox 505 379 635 420; x_wconf 89' lang='lat' dir='ltr'>nostra</span> <span class='ocrx_word' id='word_1_18' title='bbox 666 390 869 434; x_wconf 87' lang='lat' dir='ltr'>perpetuo</span> <span class='ocrx_word' id='word_1_19' title='bbox 894 379 1112 433; x_wconf 87' lang='lat' dir='ltr'>supprimas</span> <span class='ocrx_word' id='word_1_20' title='bbox 1139 405 1155 429; x_wconf 87' lang='lat'>,</span> <span class='ocrx_word' id='word_1_21' title='bbox 1184 381 1225 420; x_wconf 88' lang='lat'>&amp;</span> <span class='ocrx_word' id='word_1_22' title='bbox 1258 379 1392 421; x_wconf 86' lang='lat' dir='ltr'>extin-</span> <span class='ocrx_word' id='word_1_23' title='bbox 1451 380 1648 430; x_wconf 80' lang='lat' dir='ltr'>cialibus,</span> <span class='ocrx_word' id='word_1_24' title='bbox 1676 379 1795 434; x_wconf 63' lang='lat' dir='ltr'>quam</span> <span class='ocrx_word' id='word_1_25' title='bbox 1824 376 2083 432; x_wconf 83' lang='lat' dir='ltr'>generalibus</span> <span class='ocrx_word' id='word_1_26' title='bbox 2103 404 2119 426; x_wconf 93' lang='lat'>‚</span> <span class='ocrx_word' id='word_1_27' title='bbox 2150 377 2295 431; x_wconf 81' lang='lat' dir='ltr'>quibus</span> <span class='ocrx_word' id='word_1_28' title='bbox 2321 378 2472 419; x_wconf 59' lang='lat' dir='ltr'>Recto»-</span> 
     </span>
    </p>
   </div>
   <div class='ocr_carea' id='block_1_4' title="bbox 329 436 1383 3839">
    <p class='ocr_par' dir='ltr' id='par_1_4' title="bbox 329 436 1383 3839">
     <span class='ocr_line' id='line_1_5' title="bbox 345 436 1383 494; baseline 0.002 -16"><span class='ocrx_word' id='word_1_29' title='bbox 345 451 443 493; x_wconf 84' lang='lat' dir='ltr'>guas</span> <span class='ocrx_word' id='word_1_30' title='bbox 459 464 473 488; x_wconf 92' lang='lat'>,</span> <span class='ocrx_word' id='word_1_31' title='bbox 503 436 661 493; x_wconf 77' lang='lat' dir='ltr'>illisque</span> <span class='ocrx_word' id='word_1_32' title='bbox 691 436 741 479; x_wconf 88' lang='lat' dir='ltr'>sic</span> <span class='ocrx_word' id='word_1_33' title='bbox 756 436 959 494; x_wconf 71' lang='lat' dir='ltr'>suppressis</span> <span class='ocrx_word' id='word_1_34' title='bbox 976 465 988 487; x_wconf 91' lang='lat'>‚</span> <span class='ocrx_word' id='word_1_35' title='bbox 1026 440 1064 480; x_wconf 72' lang='grc' dir='ltr'>ὅτ.</span> <span class='ocrx_word' id='word_1_36' title='bbox 1082 438 1267 480; x_wconf 69' lang='lat' dir='ltr'>extinctis</span> <span class='ocrx_word' id='word_1_37' title='bbox 1285 452 1383 493; x_wconf 79' lang='lat' dir='ltr'>prae-</span> 
     </span>
     <span class='ocr_line' id='line_1_6' title="bbox 345 495 1380 550; baseline 0 -11"><span class='ocrx_word' id='word_1_38' title='bbox 345 499 491 539; x_wconf 75' lang='lat' dir='ltr'>dietam</span> <span class='ocrx_word' id='word_1_39' title='bbox 523 495 772 548; x_wconf 63' lang='lat' dir='ltr'>Ecclesiam,</span> <span class='ocrx_word' id='word_1_40' title='bbox 799 512 888 540; x_wconf 90' lang='lat' dir='ltr'>cum</span> <span class='ocrx_word' id='word_1_41' title='bbox 917 501 1050 538; x_wconf 85' lang='lat' dir='ltr'>Domo</span> <span class='ocrx_word' id='word_1_42' title='bbox 1068 525 1082 550; x_wconf 90' lang='lat'>,</span> <span class='ocrx_word' id='word_1_43' title='bbox 1107 499 1148 538; x_wconf 89' lang='lat'>&amp;</span> <span class='ocrx_word' id='word_1_44' title='bbox 1173 498 1294 539; x_wconf 83' lang='lat' dir='ltr'>terris</span> <span class='ocrx_word' id='word_1_45' title='bbox 1320 498 1380 540; x_wconf 91' lang='lat' dir='ltr'>illi</span> 
     </span>
     <span class='ocr_line' id='line_1_7' title="bbox 346 553 1378 614; baseline 0.002 -18"><span class='ocrx_word' id='word_1_46' title='bbox 346 553 568 609; x_wconf 78' lang='lat' dir='ltr'>contiguis,</span> <span class='ocrx_word' id='word_1_47' title='bbox 585 568 804 611; x_wconf 84' lang='lat' dir='ltr'>earumque</span> <span class='ocrx_word' id='word_1_48' title='bbox 817 554 1023 607; x_wconf 87' lang='lat' dir='ltr'>membris,</span> <span class='ocrx_word' id='word_1_49' title='bbox 1035 555 1211 614; x_wconf 78' lang='lat' dir='ltr'>juribuS,</span> <span class='ocrx_word' id='word_1_50' title='bbox 1225 555 1378 611; x_wconf 88' lang='lat' dir='ltr'>depen-</span> 
     </span>
     <span class='ocr_line' id='line_1_8' title="bbox 344 612 1373 668; baseline 0.003 -13"><span class='ocrx_word' id='word_1_51' title='bbox 344 612 525 663; x_wconf 70' lang='lat' dir='ltr'>dennis,</span> <span class='ocrx_word' id='word_1_52' title='bbox 556 615 595 655; x_wconf 88' lang='lat'>&amp;</span> <span class='ocrx_word' id='word_1_53' title='bbox 616 615 874 668; x_wconf 85' lang='lat' dir='ltr'>pertinentiis</span> <span class='ocrx_word' id='word_1_54' title='bbox 902 615 1119 668; x_wconf 83' lang='lat' dir='ltr'>universis,</span> <span class='ocrx_word' id='word_1_55' title='bbox 1152 628 1227 656; x_wconf 89' lang='lat' dir='ltr'>nec</span> <span class='ocrx_word' id='word_1_56' title='bbox 1261 630 1373 658; x_wconf 70' lang='lat' dir='ltr'>non-.-</span> 
     </span>
     <span class='ocr_line' id='line_1_9' title="bbox 345 671 1375 730; baseline 0.001 -15"><span class='ocrx_word' id='word_1_57' title='bbox 345 671 531 715; x_wconf 74' lang='lat' dir='ltr'>omnibus</span> <span class='ocrx_word' id='word_1_58' title='bbox 545 701 561 723; x_wconf 89' lang='lat'>,</span> <span class='ocrx_word' id='word_1_59' title='bbox 582 674 622 713; x_wconf 89' lang='lat'>&amp;</span> <span class='ocrx_word' id='word_1_60' title='bbox 649 672 806 726; x_wconf 81' lang='lat' dir='ltr'>singulis</span> <span class='ocrx_word' id='word_1_61' title='bbox 822 687 1063 730; x_wconf 87' lang='lat' dir='ltr'>quocunque</span> <span class='ocrx_word' id='word_1_62' title='bbox 1088 675 1254 717; x_wconf 91' lang='lat' dir='ltr'>nomine</span> <span class='ocrx_word' id='word_1_63' title='bbox 1271 688 1375 716; x_wconf 91' lang='lat' dir='ltr'>nun-</span> 
     </span>
     <span class='ocr_line' id='line_1_10' title="bbox 343 731 1371 789; baseline 0.001 -16"><span class='ocrx_word' id='word_1_64' title='bbox 343 731 499 786; x_wconf 82' lang='lat' dir='ltr'>cupatis</span> <span class='ocrx_word' id='word_1_65' title='bbox 525 760 539 782; x_wconf 97' lang='lat'>,</span> <span class='ocrx_word' id='word_1_66' title='bbox 583 732 619 772; x_wconf 90' lang='lat'>&amp;</span> <span class='ocrx_word' id='word_1_67' title='bbox 651 733 957 786; x_wconf 81' lang='lat' dir='ltr'>quomodolibet</span> <span class='ocrx_word' id='word_1_68' title='bbox 989 733 1227 789; x_wconf 87' lang='lat' dir='ltr'>qualificatis</span> <span class='ocrx_word' id='word_1_69' title='bbox 1254 744 1371 774; x_wconf 86' lang='lat' dir='ltr'>orna·</span> 
     </span>
     <span class='ocr_line' id='line_1_11' title="bbox 344 790 1380 847; baseline 0.001 -16"><span class='ocrx_word' id='word_1_70' title='bbox 344 791 493 831; x_wconf 87' lang='lat' dir='ltr'>meniis</span> <span class='ocrx_word' id='word_1_71' title='bbox 511 817 523 840; x_wconf 89' lang='lat'>,</span> <span class='ocrx_word' id='word_1_72' title='bbox 540 791 792 832; x_wconf 75' lang='lat' dir='ltr'>Par-amentis</span> <span class='ocrx_word' id='word_1_73' title='bbox 806 821 822 843; x_wconf 90' lang='lat'>,</span> <span class='ocrx_word' id='word_1_74' title='bbox 850 790 945 833; x_wconf 85' lang='lat' dir='ltr'>vafis</span> <span class='ocrx_word' id='word_1_75' title='bbox 960 818 975 841; x_wconf 86' lang='lat'>,</span> <span class='ocrx_word' id='word_1_76' title='bbox 1006 790 1349 847; x_wconf 68' lang='lat' dir='ltr'>suppelleetilibus</span> <span class='ocrx_word' id='word_1_77' title='bbox 1364 817 1380 840; x_wconf 92' lang='lat'>,</span> 
     </span>
     <span class='ocr_line' id='line_1_12' title="bbox 343 845 1379 905; baseline -0.002 -13"><span class='ocrx_word' id='word_1_78' title='bbox 343 849 477 892; x_wconf 83' lang='lat' dir='ltr'>Sacris</span> <span class='ocrx_word' id='word_1_79' title='bbox 493 874 507 895; x_wconf 93' lang='lat'>,</span> <span class='ocrx_word' id='word_1_80' title='bbox 522 849 560 890; x_wconf 88' lang='lat'>&amp;</span> <span class='ocrx_word' id='word_1_81' title='bbox 574 845 750 904; x_wconf 84' lang='lat' dir='ltr'>profanis</span> <span class='ocrx_word' id='word_1_82' title='bbox 766 878 779 901; x_wconf 94' lang='lat'>,</span> <span class='ocrx_word' id='word_1_83' title='bbox 802 851 1001 905; x_wconf 86' lang='lat' dir='ltr'>campanis</span> <span class='ocrx_word' id='word_1_84' title='bbox 1014 879 1027 901; x_wconf 89' lang='lat'>,</span> <span class='ocrx_word' id='word_1_85' title='bbox 1042 865 1086 893; x_wconf 90' lang='lat' dir='ltr'>ac</span> <span class='ocrx_word' id='word_1_86' title='bbox 1104 851 1225 893; x_wconf 89' lang='lat' dir='ltr'>rebus</span> <span class='ocrx_word' id='word_1_87' title='bbox 1241 879 1255 901; x_wconf 94' lang='lat'>,</span> <span class='ocrx_word' id='word_1_88' title='bbox 1273 850 1379 891; x_wconf 83' lang='lat' dir='ltr'>aliis-</span> 
     </span>
     <span class='ocr_line' id='line_1_13' title="bbox 343 904 1379 961; baseline 0.001 -13"><span class='ocrx_word' id='word_1_89' title='bbox 343 921 426 961; x_wconf 87' lang='lat' dir='ltr'>que</span> <span class='ocrx_word' id='word_1_90' title='bbox 451 906 673 957; x_wconf 77' lang='lat' dir='ltr'>univer-fis,</span> <span class='ocrx_word' id='word_1_91' title='bbox 699 908 748 949; x_wconf 86' lang='lat' dir='ltr'>ad</span> <span class='ocrx_word' id='word_1_92' title='bbox 774 907 882 951; x_wconf 82' lang='lat' dir='ltr'>usum</span> <span class='ocrx_word' id='word_1_93' title='bbox 899 909 1126 952; x_wconf 88' lang='lat' dir='ltr'>divinorum</span> <span class='ocrx_word' id='word_1_94' title='bbox 1153 904 1379 951; x_wconf 77' lang='lat' dir='ltr'>officiorum</span> 
     </span>
     <span class='ocr_line' id='line_1_14' title="bbox 344 965 1380 1021; baseline 0 -14"><span class='ocrx_word' id='word_1_95' title='bbox 344 965 383 1007; x_wconf 91' lang='lat' dir='ltr'>in</span> <span class='ocrx_word' id='word_1_96' title='bbox 416 965 484 1008; x_wconf 89' lang='lat' dir='ltr'>illa</span> <span class='ocrx_word' id='word_1_97' title='bbox 513 966 566 1008; x_wconf 89' lang='lat' dir='ltr'>de</span> <span class='ocrx_word' id='word_1_98' title='bbox 595 965 775 1021; x_wconf 71' lang='lat' dir='ltr'>praesenti</span> <span class='ocrx_word' id='word_1_99' title='bbox 801 968 1057 1010; x_wconf 84' lang='lat' dir='ltr'>existentibus</span> <span class='ocrx_word' id='word_1_100' title='bbox 1081 997 1097 1019; x_wconf 90' lang='lat'>,</span> <span class='ocrx_word' id='word_1_101' title='bbox 1133 969 1170 1008; x_wconf 78' lang='grc' dir='ltr'>δι</span> <span class='ocrx_word' id='word_1_102' title='bbox 1207 967 1256 1009; x_wconf 91' lang='lat' dir='ltr'>ad</span> <span class='ocrx_word' id='word_1_103' title='bbox 1287 980 1380 1007; x_wconf 88' lang='lat' dir='ltr'>eam</span> 
     </span>
     <span class='ocr_line' id='line_1_15' title="bbox 343 1021 1376 1079; baseline 0 -13"><span class='ocrx_word' id='word_1_104' title='bbox 343 1021 613 1078; x_wconf 67' lang='lat' dir='ltr'>spectantibus</span> <span class='ocrx_word' id='word_1_105' title='bbox 648 1051 662 1075; x_wconf 91' lang='lat'>,</span> <span class='ocrx_word' id='word_1_106' title='bbox 706 1026 989 1079; x_wconf 86' lang='lat' dir='ltr'>Superioribus</span> <span class='ocrx_word' id='word_1_107' title='bbox 1026 1054 1040 1077; x_wconf 89' lang='lat'>,</span> <span class='ocrx_word' id='word_1_108' title='bbox 1085 1028 1126 1067; x_wconf 90' lang='lat'>&amp;</span> <span class='ocrx_word' id='word_1_109' title='bbox 1161 1024 1376 1079; x_wconf 84' lang='lat' dir='ltr'>Religiosis</span> 
     </span>
     <span class='ocr_line' id='line_1_16' title="bbox 343 1081 1376 1140; baseline 0.003 -18"><span class='ocrx_word' id='word_1_110' title='bbox 343 1083 539 1137; x_wconf 68' lang='lat' dir='ltr'>praedictis</span> <span class='ocrx_word' id='word_1_111' title='bbox 565 1111 579 1134; x_wconf 94' lang='lat'>,</span> <span class='ocrx_word' id='word_1_112' title='bbox 605 1083 654 1124; x_wconf 94' lang='lat' dir='ltr'>ad</span> <span class='ocrx_word' id='word_1_113' title='bbox 680 1081 864 1126; x_wconf 69' lang='lat' dir='ltr'>effeetum</span> <span class='ocrx_word' id='word_1_114' title='bbox 891 1086 996 1140; x_wconf 36' lang='lat' dir='ltr'>‚inibi</span> <span class='ocrx_word' id='word_1_115' title='bbox 1023 1099 1139 1126; x_wconf 88' lang='lat' dir='ltr'>unam</span> <span class='ocrx_word' id='word_1_116' title='bbox 1160 1086 1376 1125; x_wconf 66' lang='lat' dir='ltr'>Domum-a</span> 
     </span>
     <span class='ocr_line' id='line_1_17' title="bbox 341 1141 1374 1197; baseline 0 -15"><span class='ocrx_word' id='word_1_117' title='bbox 341 1141 595 1197; x_wconf 85' lang='lat' dir='ltr'>Regulatem</span> <span class='ocrx_word' id='word_1_118' title='bbox 639 1143 880 1184; x_wconf 85' lang='lat' dir='ltr'>eorumdem</span> <span class='ocrx_word' id='word_1_119' title='bbox 909 1147 1098 1186; x_wconf 84' lang='lat' dir='ltr'>Fratrum</span> <span class='ocrx_word' id='word_1_120' title='bbox 1139 1142 1374 1195; x_wconf 83' lang='lat' dir='ltr'>Capucino-</span> 
     </span>
     <span class='ocr_line' id='line_1_18' title="bbox 341 1198 1371 1256; baseline -0.001 -13"><span class='ocrx_word' id='word_1_121' title='bbox 341 1213 432 1243; x_wconf 82' lang='lat' dir='ltr'>rum</span> <span class='ocrx_word' id='word_1_122' title='bbox 472 1213 547 1256; x_wconf 89' lang='lat' dir='ltr'>pro</span> <span class='ocrx_word' id='word_1_123' title='bbox 585 1198 651 1240; x_wconf 90' lang='lat' dir='ltr'>usu</span> <span class='ocrx_word' id='word_1_124' title='bbox 681 1229 694 1251; x_wconf 90' lang='lat'>,</span> <span class='ocrx_word' id='word_1_125' title='bbox 740 1203 779 1242; x_wconf 88' lang='lat'>&amp;</span> <span class='ocrx_word' id='word_1_126' title='bbox 815 1201 1066 1244; x_wconf 78' lang='lat' dir='ltr'>habitatione</span> <span class='ocrx_word' id='word_1_127' title='bbox 1096 1200 1371 1256; x_wconf 84' lang='lat' dir='ltr'>competentis</span> 
     </span>
     <span class='ocr_line' id='line_1_19' title="bbox 342 1257 1372 1316; baseline 0.003 -16"><span class='ocrx_word' id='word_1_128' title='bbox 342 1259 503 1300; x_wconf 88' lang='lat' dir='ltr'>numeri</span> <span class='ocrx_word' id='word_1_129' title='bbox 533 1257 639 1299; x_wconf 88' lang='lat' dir='ltr'>illius</span> <span class='ocrx_word' id='word_1_130' title='bbox 656 1258 988 1314; x_wconf 85' lang='lat' dir='ltr'>Religiosorum,</span> <span class='ocrx_word' id='word_1_131' title='bbox 1020 1260 1202 1316; x_wconf 86' lang='lat' dir='ltr'>quiinibi</span> <span class='ocrx_word' id='word_1_132' title='bbox 1228 1257 1372 1315; x_wconf 76' lang='lat' dir='ltr'>juxta..-</span> 
     </span>
     <span class='ocr_line' id='line_1_20' title="bbox 341 1316 1371 1372; baseline 0.003 -15"><span class='ocrx_word' id='word_1_133' title='bbox 341 1317 535 1372; x_wconf 69' lang='lat' dir='ltr'>praedietae</span> <span class='ocrx_word' id='word_1_134' title='bbox 566 1316 792 1370; x_wconf 85' lang='lat' dir='ltr'>Religionis</span> <span class='ocrx_word' id='word_1_135' title='bbox 823 1320 940 1360; x_wconf 87' lang='lat' dir='ltr'>Ritus</span> <span class='ocrx_word' id='word_1_136' title='bbox 965 1348 979 1370; x_wconf 89' lang='lat'>,</span> <span class='ocrx_word' id='word_1_137' title='bbox 1017 1332 1180 1370; x_wconf 81' lang='lat' dir='ltr'>mores,</span> <span class='ocrx_word' id='word_1_138' title='bbox 1203 1316 1371 1360; x_wconf 88' lang='lat' dir='ltr'>consue·</span> 
     </span>
     <span class='ocr_line' id='line_1_21' title="bbox 341 1375 1368 1430; baseline 0.003 -14"><span class='ocrx_word' id='word_1_139' title='bbox 341 1375 504 1416; x_wconf 87' lang='lat' dir='ltr'>tudines</span> <span class='ocrx_word' id='word_1_140' title='bbox 519 1402 534 1425; x_wconf 95' lang='lat'>,</span> <span class='ocrx_word' id='word_1_141' title='bbox 564 1375 604 1414; x_wconf 77' lang='grc' dir='ltr'>δι</span> <span class='ocrx_word' id='word_1_142' title='bbox 621 1375 842 1430; x_wconf 85' lang='lat' dir='ltr'>Regularia</span> <span class='ocrx_word' id='word_1_143' title='bbox 874 1376 1049 1421; x_wconf 81' lang='lat' dir='ltr'>instituta</span> <span class='ocrx_word' id='word_1_144' title='bbox 1067 1377 1231 1428; x_wconf 85' lang='lat' dir='ltr'>vivere,</span> <span class='ocrx_word' id='word_1_145' title='bbox 1261 1390 1308 1418; x_wconf 90' lang='lat' dir='ltr'>ac</span> <span class='ocrx_word' id='word_1_146' title='bbox 1329 1378 1368 1419; x_wconf 89' lang='lat' dir='ltr'>in</span> 
     </span>
     <span class='ocr_line' id='line_1_22' title="bbox 338 1432 1367 1488; baseline 0.006 -16"><span class='ocrx_word' id='word_1_147' title='bbox 338 1434 524 1488; x_wconf 61' lang='lat' dir='ltr'>praediAEta</span> <span class='ocrx_word' id='word_1_148' title='bbox 554 1432 733 1475; x_wconf 77' lang='lat' dir='ltr'>Ecclesia</span> <span class='ocrx_word' id='word_1_149' title='bbox 766 1435 883 1476; x_wconf 87' lang='lat' dir='ltr'>horas</span> <span class='ocrx_word' id='word_1_150' title='bbox 910 1438 1107 1486; x_wconf 83' lang='lat' dir='ltr'>diurnas,</span> <span class='ocrx_word' id='word_1_151' title='bbox 1142 1437 1180 1478; x_wconf 88' lang='lat'>&amp;</span> <span class='ocrx_word' id='word_1_152' title='bbox 1206 1438 1367 1478; x_wconf 68' lang='lat' dir='ltr'>nostur-</span> 
     </span>
     <span class='ocr_line' id='line_1_23' title="bbox 339 1488 1372 1548; baseline 0.004 -14"><span class='ocrx_word' id='word_1_153' title='bbox 339 1505 408 1534; x_wconf 86' lang='lat' dir='ltr'>nas</span> <span class='ocrx_word' id='word_1_154' title='bbox 422 1517 437 1539; x_wconf 90' lang='lat'>,</span> <span class='ocrx_word' id='word_1_155' title='bbox 471 1488 599 1533; x_wconf 79' lang='lat' dir='ltr'>Missas</span> <span class='ocrx_word' id='word_1_156' title='bbox 613 1517 627 1538; x_wconf 86' lang='lat'>,</span> <span class='ocrx_word' id='word_1_157' title='bbox 639 1490 798 1548; x_wconf 86' lang='lat' dir='ltr'>aliaque</span> <span class='ocrx_word' id='word_1_158' title='bbox 814 1494 961 1537; x_wconf 90' lang='lat' dir='ltr'>Divina</span> <span class='ocrx_word' id='word_1_159' title='bbox 975 1493 1116 1538; x_wconf 88' lang='lat' dir='ltr'>Officia</span> <span class='ocrx_word' id='word_1_160' title='bbox 1130 1493 1343 1540; x_wconf 86' lang='lat' dir='ltr'>celebrare</span> <span class='ocrx_word' id='word_1_161' title='bbox 1358 1522 1372 1545; x_wconf 89' lang='lat'>,</span> 
     </span>
     <span class='ocr_line' id='line_1_24' title="bbox 338 1548 1371 1604; baseline 0.004 -14"><span class='ocrx_word' id='word_1_162' title='bbox 338 1551 451 1592; x_wconf 90' lang='lat' dir='ltr'>&amp;illi</span> <span class='ocrx_word' id='word_1_163' title='bbox 467 1548 726 1592; x_wconf 84' lang='lat' dir='ltr'>laudabiliter</span> <span class='ocrx_word' id='word_1_164' title='bbox 740 1551 778 1592; x_wconf 89' lang='lat' dir='ltr'>in</span> <span class='ocrx_word' id='word_1_165' title='bbox 794 1551 941 1595; x_wconf 89' lang='lat' dir='ltr'>divinis</span> <span class='ocrx_word' id='word_1_166' title='bbox 957 1551 1166 1597; x_wconf 85' lang='lat' dir='ltr'>deservire</span> <span class='ocrx_word' id='word_1_167' title='bbox 1176 1554 1371 1604; x_wconf 87' lang='lat' dir='ltr'>debeant,</span> 
     </span>
     <span class='ocr_line' id='line_1_25' title="bbox 338 1609 1372 1667; baseline 0.003 -16"><span class='ocrx_word' id='word_1_168' title='bbox 338 1609 637 1658; x_wconf 84' lang='lat' dir='ltr'>&amp;teneantur,</span> <span class='ocrx_word' id='word_1_169' title='bbox 665 1609 840 1652; x_wconf 87' lang='lat' dir='ltr'>construi</span> <span class='ocrx_word' id='word_1_170' title='bbox 868 1610 1075 1664; x_wconf 86' lang='lat' dir='ltr'>faciendi,</span> <span class='ocrx_word' id='word_1_171' title='bbox 1103 1612 1159 1654; x_wconf 87' lang='lat' dir='ltr'>ita</span> <span class='ocrx_word' id='word_1_172' title='bbox 1191 1611 1298 1667; x_wconf 89' lang='lat' dir='ltr'>quod</span> <span class='ocrx_word' id='word_1_173' title='bbox 1325 1612 1372 1654; x_wconf 87' lang='lat' dir='ltr'>li-</span> 
     </span>
     <span class='ocr_line' id='line_1_26' title="bbox 339 1666 1371 1725; baseline 0.002 -16"><span class='ocrx_word' id='word_1_174' title='bbox 339 1677 433 1710; x_wconf 90' lang='lat' dir='ltr'>ceat</span> <span class='ocrx_word' id='word_1_175' title='bbox 452 1666 795 1720; x_wconf 85' lang='lat' dir='ltr'>Superioi·ibus,&amp;</span> <span class='ocrx_word' id='word_1_176' title='bbox 810 1670 1021 1725; x_wconf 84' lang='lat' dir='ltr'>Religiosis</span> <span class='ocrx_word' id='word_1_177' title='bbox 1045 1670 1239 1725; x_wconf 57' lang='lat' dir='ltr'>praedietis</span> <span class='ocrx_word' id='word_1_178' title='bbox 1252 1684 1371 1720; x_wconf 87' lang='lat' dir='ltr'>nunc,</span> 
     </span>
     <span class='ocr_line' id='line_1_27' title="bbox 337 1726 1371 1784; baseline 0.005 -17"><span class='ocrx_word' id='word_1_179' title='bbox 337 1728 379 1767; x_wconf 73' lang='grc' dir='ltr'>ἃ.</span> <span class='ocrx_word' id='word_1_180' title='bbox 399 1739 471 1781; x_wconf 90' lang='lat' dir='ltr'>pro</span> <span class='ocrx_word' id='word_1_181' title='bbox 486 1735 675 1779; x_wconf 87' lang='lat' dir='ltr'>tempore</span> <span class='ocrx_word' id='word_1_182' title='bbox 693 1726 958 1772; x_wconf 85' lang='lat' dir='ltr'>existentibus</span> <span class='ocrx_word' id='word_1_183' title='bbox 973 1729 1228 1784; x_wconf 82' lang='lat' dir='ltr'>corporalem</span> <span class='ocrx_word' id='word_1_184' title='bbox 1243 1757 1258 1780; x_wconf 87' lang='lat'>,</span> <span class='ocrx_word' id='word_1_185' title='bbox 1284 1743 1371 1771; x_wconf 86' lang='lat' dir='ltr'>rea·-</span> 
     </span>
     <span class='ocr_line' id='line_1_28' title="bbox 337 1784 1361 1841; baseline 0.002 -14"><span class='ocrx_word' id='word_1_186' title='bbox 337 1784 422 1827; x_wconf 84' lang='lat' dir='ltr'>lem</span> <span class='ocrx_word' id='word_1_187' title='bbox 448 1811 462 1834; x_wconf 92' lang='lat'>,</span> <span class='ocrx_word' id='word_1_188' title='bbox 502 1784 539 1825; x_wconf 88' lang='lat'>&amp;</span> <span class='ocrx_word' id='word_1_189' title='bbox 572 1785 764 1827; x_wconf 70' lang='lat' dir='ltr'>actualem</span> <span class='ocrx_word' id='word_1_190' title='bbox 800 1786 1042 1841; x_wconf 60' lang='lat' dir='ltr'>primodisstae</span> <span class='ocrx_word' id='word_1_191' title='bbox 1070 1787 1284 1837; x_wconf 83' lang='lat' dir='ltr'>Ecclesiae,</span> <span class='ocrx_word' id='word_1_192' title='bbox 1316 1802 1361 1829; x_wconf 92' lang='lat' dir='ltr'>ac</span> 
     </span>
     <span class='ocr_line' id='line_1_29' title="bbox 338 1840 1368 1901; baseline 0.008 -22"><span class='ocrx_word' id='word_1_193' title='bbox 338 1840 524 1892; x_wconf 72' lang='lat' dir='ltr'>Dnmfis,</span> <span class='ocrx_word' id='word_1_194' title='bbox 555 1844 591 1882; x_wconf 89' lang='lat'>&amp;</span> <span class='ocrx_word' id='word_1_195' title='bbox 619 1853 849 1895; x_wconf 83' lang='lat' dir='ltr'>terrarum,</span> <span class='ocrx_word' id='word_1_196' title='bbox 879 1845 1133 1901; x_wconf 87' lang='lat' dir='ltr'>aliorumque</span> <span class='ocrx_word' id='word_1_197' title='bbox 1164 1845 1368 1901; x_wconf 65' lang='lat' dir='ltr'>praedisto-</span> 
     </span>
     <span class='ocr_line' id='line_1_30' title="bbox 336 1899 1368 1957; baseline 0.003 -16"><span class='ocrx_word' id='word_1_198' title='bbox 336 1915 427 1945; x_wconf 80' lang='lat' dir='ltr'>rum</span> <span class='ocrx_word' id='word_1_199' title='bbox 453 1899 722 1955; x_wconf 76' lang='lat' dir='ltr'>pofleffionem</span> <span class='ocrx_word' id='word_1_200' title='bbox 741 1902 895 1957; x_wconf 80' lang='lat' dir='ltr'>perse,</span> <span class='ocrx_word' id='word_1_201' title='bbox 927 1904 992 1946; x_wconf 88' lang='lat' dir='ltr'>vel</span> <span class='ocrx_word' id='word_1_202' title='bbox 1020 1905 1170 1952; x_wconf 88' lang='lat' dir='ltr'>alium,</span> <span class='ocrx_word' id='word_1_203' title='bbox 1187 1903 1252 1946; x_wconf 85' lang='lat' dir='ltr'>seu</span> <span class='ocrx_word' id='word_1_204' title='bbox 1269 1904 1368 1946; x_wconf 85' lang='lat' dir='ltr'>alios</span> 
     </span>
     <span class='ocr_line' id='line_1_31' title="bbox 336 1958 1369 2018; baseline 0.001 -16"><span class='ocrx_word' id='word_1_205' title='bbox 336 1973 480 2003; x_wconf 84' lang='lat' dir='ltr'>eorum</span> <span class='ocrx_word' id='word_1_206' title='bbox 495 1986 508 2009; x_wconf 86' lang='lat'>,</span> <span class='ocrx_word' id='word_1_207' title='bbox 540 1973 585 2000; x_wconf 86' lang='lat' dir='ltr'>ac</span> <span class='ocrx_word' id='word_1_208' title='bbox 614 1958 726 2003; x_wconf 66' lang='lat' dir='ltr'>dina</span> <span class='ocrx_word' id='word_1_209' title='bbox 747 1961 970 2018; x_wconf 86' lang='lat' dir='ltr'>Religionis</span> <span class='ocrx_word' id='word_1_210' title='bbox 986 1964 1179 2014; x_wconf 88' lang='lat' dir='ltr'>nomine,</span> <span class='ocrx_word' id='word_1_211' title='bbox 1205 1961 1369 2018; x_wconf 64' lang='lat' dir='ltr'>propria</span> 
     </span>
     <span class='ocr_line' id='line_1_32' title="bbox 336 2018 1371 2076; baseline 0.005 -18"><span class='ocrx_word' id='word_1_212' title='bbox 336 2019 577 2061; x_wconf 68' lang='lat' dir='ltr'>aurftor&#39;tate</span> <span class='ocrx_word' id='word_1_213' title='bbox 596 2018 1078 2075; x_wconf 74' lang='lat' dir='ltr'>libere,apprehendere,</span> <span class='ocrx_word' id='word_1_214' title='bbox 1094 2023 1134 2063; x_wconf 75' lang='grc' dir='ltr'>δι</span> <span class='ocrx_word' id='word_1_215' title='bbox 1148 2023 1371 2076; x_wconf 86' lang='lat' dir='ltr'>apprehen-</span> 
     </span>
     <span class='ocr_line' id='line_1_33' title="bbox 339 2077 1364 2136; baseline 0.003 -17"><span class='ocrx_word' id='word_1_216' title='bbox 339 2077 418 2119; x_wconf 87' lang='lat' dir='ltr'>sam</span> <span class='ocrx_word' id='word_1_217' title='bbox 445 2077 649 2130; x_wconf 50' lang='lat' dir='ltr'>perpatuo</span> <span class='ocrx_word' id='word_1_218' title='bbox 677 2078 884 2130; x_wconf 71' lang='lat' dir='ltr'>retinete,</span> <span class='ocrx_word' id='word_1_219' title='bbox 915 2093 1073 2122; x_wconf 88' lang='lat' dir='ltr'>necnon</span> <span class='ocrx_word' id='word_1_220' title='bbox 1097 2080 1364 2136; x_wconf 57' lang='lat' dir='ltr'>praediRant)</span> 
     </span>
     <span class='ocr_line' id='line_1_34' title="bbox 338 2133 1368 2195; baseline 0.004 -19"><span class='ocrx_word' id='word_1_221' title='bbox 338 2133 589 2185; x_wconf 78' lang='lat' dir='ltr'>Eccl-fiam,</span> <span class='ocrx_word' id='word_1_222' title='bbox 616 2149 661 2176; x_wconf 84' lang='lat' dir='ltr'>ac</span> <span class='ocrx_word' id='word_1_223' title='bbox 688 2137 891 2188; x_wconf 88' lang='lat' dir='ltr'>Domum,</span> <span class='ocrx_word' id='word_1_224' title='bbox 918 2138 958 2178; x_wconf 87' lang='lat'>&amp;</span> <span class='ocrx_word' id='word_1_225' title='bbox 982 2148 1111 2181; x_wconf 87' lang='lat' dir='ltr'>terras</span> <span class='ocrx_word' id='word_1_226' title='bbox 1145 2137 1368 2195; x_wconf 85' lang='lat' dir='ltr'>hujusmodi</span> 
     </span>
     <span class='ocr_line' id='line_1_35' title="bbox 337 2191 1368 2252; baseline 0.005 -17"><span class='ocrx_word' id='word_1_227' title='bbox 337 2193 375 2235; x_wconf 88' lang='lat' dir='ltr'>in</span> <span class='ocrx_word' id='word_1_228' title='bbox 406 2191 573 2233; x_wconf 75' lang='lat' dir='ltr'>sormam</span> <span class='ocrx_word' id='word_1_229' title='bbox 595 2194 653 2235; x_wconf 83' lang='lat' dir='ltr'>eis</span> <span class='ocrx_word' id='word_1_230' title='bbox 671 2193 901 2238; x_wconf 88' lang='lat' dir='ltr'>benevisam</span> <span class='ocrx_word' id='word_1_231' title='bbox 927 2196 1038 2239; x_wconf 87' lang='lat' dir='ltr'>intus</span> <span class='ocrx_word' id='word_1_232' title='bbox 1055 2226 1067 2249; x_wconf 89' lang='lat'>,</span> <span class='ocrx_word' id='word_1_233' title='bbox 1099 2199 1140 2239; x_wconf 77' lang='grc' dir='ltr'>δι</span> <span class='ocrx_word' id='word_1_234' title='bbox 1165 2209 1280 2240; x_wconf 87' lang='lat' dir='ltr'>extra</span> <span class='ocrx_word' id='word_1_235' title='bbox 1295 2211 1368 2252; x_wconf 86' lang='lat' dir='ltr'>pro</span> 
     </span>
     <span class='ocr_line' id='line_1_36' title="bbox 336 2251 1368 2311; baseline 0.005 -18"><span class='ocrx_word' id='word_1_236' title='bbox 336 2253 473 2293; x_wconf 80' lang='lat' dir='ltr'>Domo</span> <span class='ocrx_word' id='word_1_237' title='bbox 512 2251 708 2306; x_wconf 81' lang='lat' dir='ltr'>Regulari</span> <span class='ocrx_word' id='word_1_238' title='bbox 743 2252 854 2295; x_wconf 71' lang='lat' dir='ltr'>dista:</span> <span class='ocrx_word' id='word_1_239' title='bbox 883 2254 1111 2311; x_wconf 87' lang='lat' dir='ltr'>Religionis</span> <span class='ocrx_word' id='word_1_240' title='bbox 1139 2256 1368 2308; x_wconf 82' lang='lat' dir='ltr'>reducere,</span> 
     </span>
     <span class='ocr_line' id='line_1_37' title="bbox 336 2310 1365 2368; baseline 0.009 -20"><span class='ocrx_word' id='word_1_241' title='bbox 336 2310 551 2353; x_wconf 70' lang='lat' dir='ltr'>Doeeesani</span> <span class='ocrx_word' id='word_1_242' title='bbox 580 2310 659 2351; x_wconf 89' lang='lat' dir='ltr'>loci</span> <span class='ocrx_word' id='word_1_243' title='bbox 676 2337 691 2359; x_wconf 96' lang='lat'>,</span> <span class='ocrx_word' id='word_1_244' title='bbox 726 2312 789 2355; x_wconf 87' lang='lat' dir='ltr'>vel</span> <span class='ocrx_word' id='word_1_245' title='bbox 812 2311 983 2368; x_wconf 87' lang='lat' dir='ltr'>cujusvis</span> <span class='ocrx_word' id='word_1_246' title='bbox 1009 2314 1179 2358; x_wconf 84' lang='lat' dir='ltr'>alterius</span> <span class='ocrx_word' id='word_1_247' title='bbox 1201 2316 1365 2358; x_wconf 89' lang='lat' dir='ltr'>licentia</span> 
     </span>
     <span class='ocr_line' id='line_1_38' title="bbox 336 2366 1366 2425; baseline 0.013 -18"><span class='ocrx_word' id='word_1_248' title='bbox 336 2366 512 2422; x_wconf 76' lang='lat' dir='ltr'>desuper</span> <span class='ocrx_word' id='word_1_249' title='bbox 536 2367 921 2425; x_wconf 73' lang='lat' dir='ltr'>mininierequisita,</span> <span class='ocrx_word' id='word_1_250' title='bbox 950 2372 1366 2419; x_wconf 56' lang='lat' dir='ltr'>dietaauctoritate.)</span> 
     </span>
     <span class='ocr_line' id='line_1_39' title="bbox 337 2424 1363 2487; baseline 0.007 -20"><span class='ocrx_word' id='word_1_251' title='bbox 337 2425 464 2468; x_wconf 78' lang='lat' dir='ltr'>nostra</span> <span class='ocrx_word' id='word_1_252' title='bbox 478 2453 491 2475; x_wconf 86' lang='lat'>,</span> <span class='ocrx_word' id='word_1_253' title='bbox 507 2427 547 2469; x_wconf 85' lang='lat'>&amp;</span> <span class='ocrx_word' id='word_1_254' title='bbox 562 2430 762 2482; x_wconf 80' lang='lat' dir='ltr'>perpetuo</span> <span class='ocrx_word' id='word_1_255' title='bbox 778 2429 1001 2482; x_wconf 85' lang='lat' dir='ltr'>concedas,</span> <span class='ocrx_word' id='word_1_256' title='bbox 1017 2433 1057 2472; x_wconf 92' lang='lat'>&amp;</span> <span class='ocrx_word' id='word_1_257' title='bbox 1071 2424 1252 2487; x_wconf 79' lang='lat' dir='ltr'>assigne53</span> <span class='ocrx_word' id='word_1_258' title='bbox 1268 2446 1363 2474; x_wconf 91' lang='lat' dir='ltr'>nec-</span> 
     </span>
     <span class='ocr_line' id='line_1_40' title="bbox 337 2486 1367 2539; baseline 0.006 -13"><span class='ocrx_word' id='word_1_259' title='bbox 337 2497 446 2534; x_wconf 90' lang='lat' dir='ltr'>non,</span> <span class='ocrx_word' id='word_1_260' title='bbox 473 2494 670 2538; x_wconf 83' lang='lat' dir='ltr'>quatenus</span> <span class='ocrx_word' id='word_1_261' title='bbox 704 2499 803 2539; x_wconf 89' lang='lat' dir='ltr'>opus</span> <span class='ocrx_word' id='word_1_262' title='bbox 832 2486 902 2535; x_wconf 83' lang='lat' dir='ltr'>sit,</span> <span class='ocrx_word' id='word_1_263' title='bbox 934 2487 1078 2531; x_wconf 68' lang='lat' dir='ltr'>dietam</span> <span class='ocrx_word' id='word_1_264' title='bbox 1107 2490 1367 2533; x_wconf 74' lang='lat' dir='ltr'>Ecclesiam..-</span> 
     </span>
     <span class='ocr_line' id='line_1_41' title="bbox 338 2541 1367 2608; baseline 0.007 -24"><span class='ocrx_word' id='word_1_265' title='bbox 338 2544 373 2608; x_wconf 71' lang='grc' dir='ltr'>ξ.</span> <span class='ocrx_word' id='word_1_266' title='bbox 398 2541 542 2593; x_wconf 83' lang='lat' dir='ltr'>Blasii,</span> <span class='ocrx_word' id='word_1_267' title='bbox 573 2557 618 2584; x_wconf 90' lang='lat' dir='ltr'>ac</span> <span class='ocrx_word' id='word_1_268' title='bbox 639 2554 832 2598; x_wconf 79' lang='lat' dir='ltr'>praeterea</span> <span class='ocrx_word' id='word_1_269' title='bbox 849 2546 1024 2589; x_wconf 87' lang='lat' dir='ltr'>Domum</span> <span class='ocrx_word' id='word_1_270' title='bbox 1042 2577 1056 2598; x_wconf 95' lang='lat'>,</span> <span class='ocrx_word' id='word_1_271' title='bbox 1078 2549 1119 2590; x_wconf 74' lang='grc' dir='ltr'>δι</span> <span class='ocrx_word' id='word_1_272' title='bbox 1144 2559 1271 2591; x_wconf 87' lang='lat' dir='ltr'>terras</span> <span class='ocrx_word' id='word_1_273' title='bbox 1295 2551 1367 2591; x_wconf 88' lang='lat' dir='ltr'>hu-</span> 
     </span>
     <span class='ocr_line' id='line_1_42' title="bbox 339 2600 1365 2658; baseline 0.01 -19"><span class='ocrx_word' id='word_1_274' title='bbox 339 2600 508 2654; x_wconf 77' lang='lat' dir='ltr'>,uimodi</span> <span class='ocrx_word' id='word_1_275' title='bbox 523 2628 537 2653; x_wconf 85' lang='lat'>,</span> <span class='ocrx_word' id='word_1_276' title='bbox 560 2602 692 2644; x_wconf 87' lang='lat' dir='ltr'>omnia</span> <span class='ocrx_word' id='word_1_277' title='bbox 710 2630 723 2652; x_wconf 89' lang='lat'>,</span> <span class='ocrx_word' id='word_1_278' title='bbox 737 2602 936 2657; x_wconf 75' lang='lat' dir='ltr'>&amp;lingula</span> <span class='ocrx_word' id='word_1_279' title='bbox 954 2606 1197 2658; x_wconf 62' lang='lat' dir='ltr'>priniodidtae</span> <span class='ocrx_word' id='word_1_280' title='bbox 1214 2607 1365 2650; x_wconf 86' lang='lat' dir='ltr'>Eccle-</span> 
     </span>
     <span class='ocr_line' id='line_1_43' title="bbox 335 2658 1368 2718; baseline 0.008 -17"><span class='ocrx_word' id='word_1_281' title='bbox 335 2658 423 2709; x_wconf 81' lang='lat' dir='ltr'>fiae,</span> <span class='ocrx_word' id='word_1_282' title='bbox 453 2661 723 2713; x_wconf 81' lang='lat' dir='ltr'>proprietates</span> <span class='ocrx_word' id='word_1_283' title='bbox 747 2689 759 2710; x_wconf 91' lang='lat'>,</span> <span class='ocrx_word' id='word_1_284' title='bbox 797 2675 890 2709; x_wconf 89' lang='lat' dir='ltr'>res,</span> <span class='ocrx_word' id='word_1_285' title='bbox 921 2663 1105 2715; x_wconf 83' lang='lat' dir='ltr'>&amp;bona,</span> <span class='ocrx_word' id='word_1_286' title='bbox 1135 2680 1180 2708; x_wconf 86' lang='lat' dir='ltr'>ac</span> <span class='ocrx_word' id='word_1_287' title='bbox 1200 2675 1330 2708; x_wconf 85' lang='lat' dir='ltr'>terras</span> <span class='ocrx_word' id='word_1_288' title='bbox 1352 2694 1368 2718; x_wconf 92' lang='lat'>,</span> 
     </span>
     <span class='ocr_line' id='line_1_44' title="bbox 335 2714 1364 2780; baseline 0.006 -20"><span class='ocrx_word' id='word_1_289' title='bbox 335 2731 497 2762; x_wconf 82' lang='lat' dir='ltr'>necnon</span> <span class='ocrx_word' id='word_1_290' title='bbox 528 2714 702 2769; x_wconf 66' lang='lat' dir='ltr'>fruetus,</span> <span class='ocrx_word' id='word_1_291' title='bbox 730 2719 946 2772; x_wconf 85' lang='lat' dir='ltr'>redditus,</span> <span class='ocrx_word' id='word_1_292' title='bbox 974 2734 1222 2776; x_wconf 87' lang='lat' dir='ltr'>proventus,</span> <span class='ocrx_word' id='word_1_293' title='bbox 1249 2724 1364 2780; x_wconf 85' lang='lat' dir='ltr'>jura,</span> 
     </span>
     <span class='ocr_line' id='line_1_45' title="bbox 336 2775 1367 2836; baseline 0.008 -18"><span class='ocrx_word' id='word_1_294' title='bbox 336 2775 605 2818; x_wconf 84' lang='lat' dir='ltr'>obventiones</span> <span class='ocrx_word' id='word_1_295' title='bbox 621 2806 632 2828; x_wconf 87' lang='lat'>‚</span> <span class='ocrx_word' id='word_1_296' title='bbox 653 2779 694 2820; x_wconf 89' lang='lat'>&amp;</span> <span class='ocrx_word' id='word_1_297' title='bbox 706 2779 983 2822; x_wconf 88' lang='lat' dir='ltr'>emolumenta</span> <span class='ocrx_word' id='word_1_298' title='bbox 999 2808 1014 2832; x_wconf 96' lang='lat'>,</span> <span class='ocrx_word' id='word_1_299' title='bbox 1035 2781 1070 2823; x_wconf 85' lang='lat' dir='ltr'>in</span> <span class='ocrx_word' id='word_1_300' title='bbox 1084 2781 1285 2836; x_wconf 86' lang='lat' dir='ltr'>quibusvis</span> <span class='ocrx_word' id='word_1_301' title='bbox 1301 2797 1367 2826; x_wconf 89' lang='lat' dir='ltr'>re-</span> 
     </span>
     <span class='ocr_line' id='line_1_46' title="bbox 338 2835 1366 2897; baseline 0.009 -22"><span class='ocrx_word' id='word_1_302' title='bbox 338 2836 409 2879; x_wconf 85' lang='lat' dir='ltr'>bus</span> <span class='ocrx_word' id='word_1_303' title='bbox 435 2835 713 2889; x_wconf 80' lang='lat' dir='ltr'>consistentia,</span> <span class='ocrx_word' id='word_1_304' title='bbox 743 2838 784 2879; x_wconf 75' lang='grc' dir='ltr'>δι</span> <span class='ocrx_word' id='word_1_305' title='bbox 815 2837 1086 2894; x_wconf 90' lang='lat' dir='ltr'>undecunque</span> <span class='ocrx_word' id='word_1_306' title='bbox 1119 2842 1366 2897; x_wconf 87' lang='lat' dir='ltr'>provenien-</span> 
     </span>
     <span class='ocr_line' id='line_1_47' title="bbox 335 2893 1366 2959; baseline 0.006 -23"><span class='ocrx_word' id='word_1_307' title='bbox 335 2893 392 2937; x_wconf 89' lang='lat' dir='ltr'>tia</span> <span class='ocrx_word' id='word_1_308' title='bbox 430 2894 452 2935; x_wconf 73' lang='grc' dir='ltr'>ὲ</span> <span class='ocrx_word' id='word_1_309' title='bbox 480 2895 677 2959; x_wconf 32' lang='lat' dir='ltr'>‘praedicta</span> <span class='ocrx_word' id='word_1_310' title='bbox 722 2895 905 2939; x_wconf 74' lang='lat' dir='ltr'>Ecclesia</span> <span class='ocrx_word' id='word_1_311' title='bbox 944 2899 1125 2943; x_wconf 83' lang='lat' dir='ltr'>fimiliter</span> <span class='ocrx_word' id='word_1_312' title='bbox 1164 2901 1366 2955; x_wconf 78' lang='lat' dir='ltr'>perpetuo</span> 
     </span>
     <span class='ocr_line' id='line_1_48' title="bbox 336 2951 1366 3013; baseline 0.008 -19"><span class='ocrx_word' id='word_1_313' title='bbox 336 2953 577 2995; x_wconf 67' lang='lat' dir='ltr'>auetoritate</span> <span class='ocrx_word' id='word_1_314' title='bbox 595 2951 723 2996; x_wconf 66' lang='lat' dir='ltr'>nostra</span> <span class='ocrx_word' id='word_1_315' title='bbox 739 2954 919 3008; x_wconf 64' lang='lat' dir='ltr'>predicta</span> <span class='ocrx_word' id='word_1_316' title='bbox 935 2957 1170 3013; x_wconf 84' lang='lat' dir='ltr'>separes,&amp;</span> <span class='ocrx_word' id='word_1_317' title='bbox 1184 2958 1366 3002; x_wconf 80' lang='lat' dir='ltr'>dismem—</span> 
     </span>
     <span class='ocr_line' id='line_1_49' title="bbox 333 3011 1367 3062; baseline 0.012 -13"><span class='ocrx_word' id='word_1_318' title='bbox 333 3011 426 3056; x_wconf 82' lang='lat' dir='ltr'>bres</span> <span class='ocrx_word' id='word_1_319' title='bbox 443 3037 457 3059; x_wconf 91' lang='lat'>,</span> <span class='ocrx_word' id='word_1_320' title='bbox 487 3023 647 3054; x_wconf 82' lang='lat' dir='ltr'>necnon</span> <span class='ocrx_word' id='word_1_321' title='bbox 690 3013 865 3056; x_wconf 88' lang='lat' dir='ltr'>eandem</span> <span class='ocrx_word' id='word_1_322' title='bbox 883 3015 1103 3061; x_wconf 74' lang='lat' dir='ltr'>Ecclesiam</span> <span class='ocrx_word' id='word_1_323' title='bbox 1133 3021 1172 3060; x_wconf 84' lang='lat' dir='ltr'>S.</span> <span class='ocrx_word' id='word_1_324' title='bbox 1190 3017 1304 3062; x_wconf 78' lang='lat' dir='ltr'>Blasii</span> <span class='ocrx_word' id='word_1_325' title='bbox 1329 3018 1367 3061; x_wconf 90' lang='lat' dir='ltr'>in</span> 
     </span>
     <span class='ocr_line' id='line_1_50' title="bbox 333 3069 1368 3132; baseline 0.007 -22"><span class='ocrx_word' id='word_1_326' title='bbox 333 3069 502 3112; x_wconf 84' lang='lat' dir='ltr'>titulum</span> <span class='ocrx_word' id='word_1_327' title='bbox 520 3097 533 3119; x_wconf 95' lang='lat'>,</span> <span class='ocrx_word' id='word_1_328' title='bbox 569 3070 648 3112; x_wconf 81' lang='lat' dir='ltr'>sine</span> <span class='ocrx_word' id='word_1_329' title='bbox 663 3085 757 3114; x_wconf 88' lang='lat' dir='ltr'>cura</span> <span class='ocrx_word' id='word_1_330' title='bbox 778 3073 990 3126; x_wconf 80' lang='lat' dir='ltr'>Ecclefiae,</span> <span class='ocrx_word' id='word_1_331' title='bbox 1009 3075 1073 3117; x_wconf 91' lang='lat' dir='ltr'>seu</span> <span class='ocrx_word' id='word_1_332' title='bbox 1091 3075 1272 3132; x_wconf 84' lang='lat' dir='ltr'>Capellae</span> <span class='ocrx_word' id='word_1_333' title='bbox 1285 3076 1368 3119; x_wconf 87' lang='lat' dir='ltr'>col.</span> 
     </span>
     <span class='ocr_line' id='line_1_51' title="bbox 330 3127 1367 3193; baseline 0.01 -25"><span class='ocrx_word' id='word_1_334' title='bbox 330 3127 479 3193; x_wconf 68' lang='lat' dir='ltr'>lativr,</span> <span class='ocrx_word' id='word_1_335' title='bbox 500 3128 670 3171; x_wconf 89' lang='lat' dir='ltr'>Abbatia</span> <span class='ocrx_word' id='word_1_336' title='bbox 685 3132 979 3186; x_wconf 77' lang='lat' dir='ltr'>nuncupandae,</span> <span class='ocrx_word' id='word_1_337' title='bbox 994 3129 1059 3176; x_wconf 77' lang='lat' dir='ltr'>sub</span> <span class='ocrx_word' id='word_1_338' title='bbox 1074 3135 1367 3180; x_wconf 66' lang='lat' dir='ltr'>invocatione„-</span> 
     </span>
     <span class='ocr_line' id='line_1_52' title="bbox 330 3187 1365 3243; baseline 0.011 -17"><span class='ocrx_word' id='word_1_339' title='bbox 330 3187 513 3240; x_wconf 72' lang='lat' dir='ltr'>ejusdem</span> <span class='ocrx_word' id='word_1_340' title='bbox 546 3188 584 3228; x_wconf 88' lang='lat' dir='ltr'>S.</span> <span class='ocrx_word' id='word_1_341' title='bbox 599 3187 710 3230; x_wconf 88' lang='lat' dir='ltr'>Blasii</span> <span class='ocrx_word' id='word_1_342' title='bbox 737 3203 810 3243; x_wconf 90' lang='lat' dir='ltr'>pro</span> <span class='ocrx_word' id='word_1_343' title='bbox 835 3204 914 3233; x_wconf 90' lang='lat' dir='ltr'>uno</span> <span class='ocrx_word' id='word_1_344' title='bbox 938 3192 1134 3243; x_wconf 85' lang='lat' dir='ltr'>Clerico,</span> <span class='ocrx_word' id='word_1_345' title='bbox 1160 3192 1227 3237; x_wconf 87' lang='lat' dir='ltr'>seu</span> <span class='ocrx_word' id='word_1_346' title='bbox 1252 3195 1365 3238; x_wconf 61' lang='lat' dir='ltr'>Pres«</span> 
     </span>
     <span class='ocr_line' id='line_1_53' title="bbox 329 3245 1363 3305; baseline 0.007 -17"><span class='ocrx_word' id='word_1_347' title='bbox 329 3245 452 3303; x_wconf 82' lang='lat' dir='ltr'>byter</span> <span class='ocrx_word' id='word_1_348' title='bbox 472 3261 481 3283; x_wconf 91' lang='lat'><strong>›</strong></span> <span class='ocrx_word' id='word_1_349' title='bbox 504 3246 689 3290; x_wconf 79' lang='lat' dir='ltr'>Saeculari</span> <span class='ocrx_word' id='word_1_350' title='bbox 705 3274 718 3298; x_wconf 92' lang='lat'>,</span> <span class='ocrx_word' id='word_1_351' title='bbox 735 3246 873 3290; x_wconf 82' lang='lat' dir='ltr'>futuro</span> <span class='ocrx_word' id='word_1_352' title='bbox 889 3249 972 3305; x_wconf 87' lang='lat' dir='ltr'>ejus</span> <span class='ocrx_word' id='word_1_353' title='bbox 994 3254 1198 3304; x_wconf 69' lang='lat' dir='ltr'>Restore,</span> <span class='ocrx_word' id='word_1_354' title='bbox 1224 3254 1363 3295; x_wconf 82' lang='lat' dir='ltr'>Abba-</span> 
     </span>
     <span class='ocr_line' id='line_1_54' title="bbox 332 3303 1362 3361; baseline 0.009 -16"><span class='ocrx_word' id='word_1_355' title='bbox 332 3314 375 3345; x_wconf 86' lang='lat' dir='ltr'>te</span> <span class='ocrx_word' id='word_1_356' title='bbox 393 3303 682 3359; x_wconf 74' lang='lat' dir='ltr'>nuncupando,</span> <span class='ocrx_word' id='word_1_357' title='bbox 697 3305 766 3361; x_wconf 90' lang='lat' dir='ltr'>qui</span> <span class='ocrx_word' id='word_1_358' title='bbox 786 3306 941 3360; x_wconf 78' lang='lat' dir='ltr'>Missas,</span> <span class='ocrx_word' id='word_1_359' title='bbox 972 3312 1011 3352; x_wconf 89' lang='lat'>&amp;</span> <span class='ocrx_word' id='word_1_360' title='bbox 1034 3312 1110 3355; x_wconf 80' lang='lat' dir='ltr'>alia</span> <span class='ocrx_word' id='word_1_361' title='bbox 1127 3311 1271 3354; x_wconf 90' lang='lat' dir='ltr'>Divina</span> <span class='ocrx_word' id='word_1_362' title='bbox 1286 3310 1362 3354; x_wconf 85' lang='lat' dir='ltr'>Of-</span> 
     </span>
     <span class='ocr_line' id='line_1_55' title="bbox 333 3359 1362 3423; baseline 0.011 -20"><span class='ocrx_word' id='word_1_363' title='bbox 333 3359 422 3403; x_wconf 84' lang='lat' dir='ltr'>ficia</span> <span class='ocrx_word' id='word_1_364' title='bbox 438 3388 451 3409; x_wconf 89' lang='lat'>,</span> <span class='ocrx_word' id='word_1_365' title='bbox 483 3377 526 3407; x_wconf 85' lang='lat' dir='ltr'>ac</span> <span class='ocrx_word' id='word_1_366' title='bbox 544 3364 676 3407; x_wconf 88' lang='lat' dir='ltr'>omnia</span> <span class='ocrx_word' id='word_1_367' title='bbox 694 3393 706 3412; x_wconf 83' lang='lat'>‚</span> <span class='ocrx_word' id='word_1_368' title='bbox 723 3365 763 3407; x_wconf 86' lang='lat'>&amp;</span> <span class='ocrx_word' id='word_1_369' title='bbox 777 3379 1023 3423; x_wconf 66' lang='lat' dir='ltr'>quecunque</span> <span class='ocrx_word' id='word_1_370' title='bbox 1037 3384 1162 3412; x_wconf 87' lang='lat' dir='ltr'>onera</span> <span class='ocrx_word' id='word_1_371' title='bbox 1178 3400 1192 3421; x_wconf 86' lang='lat'>,</span> <span class='ocrx_word' id='word_1_372' title='bbox 1211 3370 1261 3412; x_wconf 87' lang='lat' dir='ltr'>ad</span> <span class='ocrx_word' id='word_1_373' title='bbox 1279 3386 1362 3420; x_wconf 84' lang='lat' dir='ltr'>quae</span> 
     </span>
     <span class='ocr_line' id='line_1_56' title="bbox 334 3420 1362 3485; baseline 0.012 -25"><span class='ocrx_word' id='word_1_374' title='bbox 334 3420 486 3465; x_wconf 67' lang='lat' dir='ltr'>Rector</span> <span class='ocrx_word' id='word_1_375' title='bbox 514 3423 759 3475; x_wconf 65' lang='lat' dir='ltr'>primodietae</span> <span class='ocrx_word' id='word_1_376' title='bbox 787 3425 976 3468; x_wconf 79' lang='lat' dir='ltr'>Ecclesiae</span> <span class='ocrx_word' id='word_1_377' title='bbox 1013 3439 1108 3470; x_wconf 86' lang='lat' dir='ltr'>ante</span> <span class='ocrx_word' id='word_1_378' title='bbox 1135 3429 1242 3472; x_wconf 88' lang='lat' dir='ltr'>illius</span> <span class='ocrx_word' id='word_1_379' title='bbox 1274 3429 1362 3485; x_wconf 85' lang='lat' dir='ltr'>sup-</span> 
     </span>
     <span class='ocr_line' id='line_1_57' title="bbox 334 3478 1363 3539; baseline 0.012 -20"><span class='ocrx_word' id='word_1_380' title='bbox 334 3478 571 3532; x_wconf 75' lang='lat' dir='ltr'>pressionem</span> <span class='ocrx_word' id='word_1_381' title='bbox 605 3481 830 3538; x_wconf 77' lang='lat' dir='ltr'>hujusmodi</span> <span class='ocrx_word' id='word_1_382' title='bbox 861 3486 1169 3539; x_wconf 86' lang='lat' dir='ltr'>quomodolibet</span> <span class='ocrx_word' id='word_1_383' title='bbox 1196 3490 1363 3531; x_wconf 89' lang='lat' dir='ltr'>teneba-</span> 
     </span>
     <span class='ocr_line' id='line_1_58' title="bbox 338 3538 1364 3600; baseline 0.015 -25"><span class='ocrx_word' id='word_1_384' title='bbox 338 3544 405 3600; x_wconf 72' lang='lat' dir='ltr'>tur</span> <span class='ocrx_word' id='word_1_385' title='bbox 421 3565 434 3584; x_wconf 91' lang='lat'>,</span> <span class='ocrx_word' id='word_1_386' title='bbox 467 3538 502 3579; x_wconf 83' lang='lat'>&amp;</span> <span class='ocrx_word' id='word_1_387' title='bbox 519 3539 721 3595; x_wconf 88' lang='lat' dir='ltr'>obligatus</span> <span class='ocrx_word' id='word_1_388' title='bbox 733 3543 956 3595; x_wconf 73' lang='lat' dir='ltr'>existebat,</span> <span class='ocrx_word' id='word_1_389' title='bbox 980 3545 1221 3593; x_wconf 84' lang='lat' dir='ltr'>celebrare,</span> <span class='ocrx_word' id='word_1_390' title='bbox 1245 3547 1364 3590; x_wconf 85' lang='lat' dir='ltr'>&amp;ad-</span> 
     </span>
     <span class='ocr_line' id='line_1_59' title="bbox 337 3593 1362 3659; baseline 0.012 -23"><span class='ocrx_word' id='word_1_391' title='bbox 337 3593 512 3657; x_wconf 80' lang='lat' dir='ltr'>implere</span> <span class='ocrx_word' id='word_1_392' title='bbox 530 3626 544 3646; x_wconf 87' lang='lat'>,</span> <span class='ocrx_word' id='word_1_393' title='bbox 576 3597 642 3641; x_wconf 88' lang='lat' dir='ltr'>seu</span> <span class='ocrx_word' id='word_1_394' title='bbox 656 3600 851 3644; x_wconf 87' lang='lat' dir='ltr'>celebrari</span> <span class='ocrx_word' id='word_1_395' title='bbox 868 3629 882 3652; x_wconf 90' lang='lat'>,</span> <span class='ocrx_word' id='word_1_396' title='bbox 913 3603 1179 3659; x_wconf 80' lang='lat' dir='ltr'>&amp;adimpleri</span> <span class='ocrx_word' id='word_1_397' title='bbox 1198 3604 1331 3648; x_wconf 78' lang='lat' dir='ltr'>facere</span> <span class='ocrx_word' id='word_1_398' title='bbox 1350 3634 1362 3657; x_wconf 89' lang='lat'>,</span> 
     </span>
     <span class='ocr_line' id='line_1_60' title="bbox 338 3651 1361 3718; baseline 0.014 -26"><span class='ocrx_word' id='word_1_399' title='bbox 338 3651 655 3718; x_wconf 52' lang='lat' dir='ltr'>omnibusque&amp;</span> <span class='ocrx_word' id='word_1_400' title='bbox 670 3658 823 3715; x_wconf 84' lang='lat' dir='ltr'>singulis</span> <span class='ocrx_word' id='word_1_401' title='bbox 839 3660 1361 3718; x_wconf 54' lang='lat' dir='ltr'>privilegiisfflacultatibus,</span> 
     </span>
     <span class='ocr_line' id='line_1_61' title="bbox 336 3709 1362 3778; baseline 0.011 -24"><span class='ocrx_word' id='word_1_402' title='bbox 336 3709 591 3778; x_wconf 53' lang='lat' dir='ltr'>libertassbu}</span> <span class='ocrx_word' id='word_1_403' title='bbox 604 3741 618 3761; x_wconf 69' lang='lat'>2</span> <span class='ocrx_word' id='word_1_404' title='bbox 643 3718 961 3764; x_wconf 83' lang='lat' dir='ltr'>immunitatibus</span> <span class='ocrx_word' id='word_1_405' title='bbox 973 3751 990 3775; x_wconf 86' lang='lat'>,</span> <span class='ocrx_word' id='word_1_406' title='bbox 1007 3722 1333 3776; x_wconf 84' lang='lat' dir='ltr'>exemptionibus</span> <span class='ocrx_word' id='word_1_407' title='bbox 1347 3753 1362 3776; x_wconf 89' lang='lat'>,</span> 
     </span>
     <span class='ocr_line' id='line_1_62' title="bbox 334 3777 1362 3839; baseline 0.014 -29"><span class='ocrx_word' id='word_1_408' title='bbox 334 3781 609 3828; x_wconf 84' lang='lat' dir='ltr'>praerogativis</span> <span class='ocrx_word' id='word_1_409' title='bbox 636 3801 650 3826; x_wconf 87' lang='lat'>‚</span> <span class='ocrx_word' id='word_1_410' title='bbox 680 3777 936 3839; x_wconf 73' lang='lat' dir='ltr'>pertinentiis</span> <span class='ocrx_word' id='word_1_411' title='bbox 962 3811 978 3836; x_wconf 89' lang='lat'>,</span> <span class='ocrx_word' id='word_1_412' title='bbox 1014 3781 1362 3832; x_wconf 87' lang='lat' dir='ltr'>autelationibus,</span> 
     </span>
    </p>
   </div>
   <div class='ocr_carea' id='block_1_5' title="bbox 1421 436 2475 3880">
    <p class='ocr_par' dir='ltr' id='par_1_5' title="bbox 1421 436 2475 3880">
     <span class='ocr_line' id='line_1_63' title="bbox 1445 436 2472 494; baseline -0.002 -15"><span class='ocrx_word' id='word_1_413' title='bbox 1445 437 1690 494; x_wconf 78' lang='lat' dir='ltr'>primodie&#39;tae</span> <span class='ocrx_word' id='word_1_414' title='bbox 1708 436 1930 487; x_wconf 77' lang='lat' dir='ltr'>Ecciefiae,</span> <span class='ocrx_word' id='word_1_415' title='bbox 1962 450 2036 492; x_wconf 88' lang='lat' dir='ltr'>pro</span> <span class='ocrx_word' id='word_1_416' title='bbox 2062 446 2247 489; x_wconf 86' lang='lat' dir='ltr'>ternpore</span> <span class='ocrx_word' id='word_1_417' title='bbox 2273 436 2472 484; x_wconf 83' lang='lat' dir='ltr'>existens,</span> 
     </span>
     <span class='ocr_line' id='line_1_64' title="bbox 1442 492 2475 551; baseline -0.004 -12"><span class='ocrx_word' id='word_1_418' title='bbox 1442 506 1538 540; x_wconf 85' lang='lat' dir='ltr'>ante</span> <span class='ocrx_word' id='word_1_419' title='bbox 1564 496 1672 538; x_wconf 91' lang='lat' dir='ltr'>illius</span> <span class='ocrx_word' id='word_1_420' title='bbox 1699 493 2012 551; x_wconf 72' lang='lat' dir='ltr'>suppressionem</span> <span class='ocrx_word' id='word_1_421' title='bbox 2037 492 2258 551; x_wconf 87' lang='lat' dir='ltr'>hujusmodi</span> <span class='ocrx_word' id='word_1_422' title='bbox 2303 507 2475 550; x_wconf 85' lang='lat' dir='ltr'>quomo-</span> 
     </span>
     <span class='ocr_line' id='line_1_65' title="bbox 1436 553 2465 609; baseline -0.004 -11"><span class='ocrx_word' id='word_1_423' title='bbox 1436 557 1594 598; x_wconf 89' lang='lat' dir='ltr'>dolibet</span> <span class='ocrx_word' id='word_1_424' title='bbox 1622 553 1862 607; x_wconf 86' lang='lat' dir='ltr'>fruebatur,</span> <span class='ocrx_word' id='word_1_425' title='bbox 1894 555 2085 597; x_wconf 87' lang='lat' dir='ltr'>utebatur</span> <span class='ocrx_word' id='word_1_426' title='bbox 2104 581 2118 604; x_wconf 93' lang='lat'>,</span> <span class='ocrx_word' id='word_1_427' title='bbox 2149 553 2189 593; x_wconf 75' lang='grc' dir='ltr'>δι</span> <span class='ocrx_word' id='word_1_428' title='bbox 2221 553 2425 609; x_wconf 89' lang='lat' dir='ltr'>gaudebat</span> <span class='ocrx_word' id='word_1_429' title='bbox 2446 580 2465 605; x_wconf 87' lang='lat'>,</span> 
     </span>
     <span class='ocr_line' id='line_1_66' title="bbox 1435 610 2471 669; baseline -0.004 -12"><span class='ocrx_word' id='word_1_430' title='bbox 1435 629 1480 657; x_wconf 89' lang='lat' dir='ltr'>ac</span> <span class='ocrx_word' id='word_1_431' title='bbox 1495 612 1600 665; x_wconf 88' lang='lat' dir='ltr'>frui,</span> <span class='ocrx_word' id='word_1_432' title='bbox 1622 615 1659 655; x_wconf 75' lang='grc' dir='ltr'>δι</span> <span class='ocrx_word' id='word_1_433' title='bbox 1675 613 1856 669; x_wconf 82' lang='lat' dir='ltr'>gaudere</span> <span class='ocrx_word' id='word_1_434' title='bbox 1872 621 2037 668; x_wconf 88' lang='lat' dir='ltr'>poterat</span> <span class='ocrx_word' id='word_1_435' title='bbox 2051 638 2065 662; x_wconf 93' lang='lat'>,</span> <span class='ocrx_word' id='word_1_436' title='bbox 2079 610 2261 655; x_wconf 83' lang='lat' dir='ltr'>firniliter</span> <span class='ocrx_word' id='word_1_437' title='bbox 2280 640 2295 662; x_wconf 89' lang='lat'>,</span> <span class='ocrx_word' id='word_1_438' title='bbox 2329 610 2471 654; x_wconf 85' lang='lat' dir='ltr'>&amp;abs-</span> 
     </span>
     <span class='ocr_line' id='line_1_67' title="bbox 1434 668 2469 728; baseline -0.006 -12"><span class='ocrx_word' id='word_1_439' title='bbox 1434 676 1516 728; x_wconf 85' lang='lat' dir='ltr'>que</span> <span class='ocrx_word' id='word_1_440' title='bbox 1546 673 1628 715; x_wconf 85' lang='lat' dir='ltr'>ulla</span> <span class='ocrx_word' id='word_1_441' title='bbox 1663 670 1824 728; x_wconf 85' lang='lat' dir='ltr'>prorsus</span> <span class='ocrx_word' id='word_1_442' title='bbox 1860 668 2120 722; x_wconf 86' lang='lat' dir='ltr'>differentia,</span> <span class='ocrx_word' id='word_1_443' title='bbox 2152 672 2192 714; x_wconf 91' lang='lat' dir='ltr'>in</span> <span class='ocrx_word' id='word_1_444' title='bbox 2234 671 2424 719; x_wconf 86' lang='lat' dir='ltr'>omnibus</span> <span class='ocrx_word' id='word_1_445' title='bbox 2453 697 2469 722; x_wconf 93' lang='lat'>,</span> 
     </span>
     <span class='ocr_line' id='line_1_68' title="bbox 1432 726 2468 786; baseline -0.004 -12"><span class='ocrx_word' id='word_1_446' title='bbox 1432 734 1472 774; x_wconf 77' lang='grc' dir='ltr'>δι</span> <span class='ocrx_word' id='word_1_447' title='bbox 1498 746 1570 786; x_wconf 88' lang='lat' dir='ltr'>per</span> <span class='ocrx_word' id='word_1_448' title='bbox 1602 731 1761 781; x_wconf 89' lang='lat' dir='ltr'>omnia,</span> <span class='ocrx_word' id='word_1_449' title='bbox 1792 731 1882 779; x_wconf 90' lang='lat' dir='ltr'>uti,</span> <span class='ocrx_word' id='word_1_450' title='bbox 1908 726 2014 778; x_wconf 88' lang='lat' dir='ltr'>frui,</span> <span class='ocrx_word' id='word_1_451' title='bbox 2039 730 2188 783; x_wconf 81' lang='lat' dir='ltr'>potii-i,</span> <span class='ocrx_word' id='word_1_452' title='bbox 2218 730 2256 772; x_wconf 77' lang='lat' dir='ltr'>Sc</span> <span class='ocrx_word' id='word_1_453' title='bbox 2282 730 2468 784; x_wconf 84' lang='lat' dir='ltr'>gaudere</span> 
     </span>
     <span class='ocr_line' id='line_1_69' title="bbox 1440 784 2468 844; baseline -0.003 -11"><span class='ocrx_word' id='word_1_454' title='bbox 1440 790 1599 840; x_wconf 79' lang='lat' dir='ltr'>libere,</span> <span class='ocrx_word' id='word_1_455' title='bbox 1625 791 1665 831; x_wconf 74' lang='grc' dir='ltr'>δι</span> <span class='ocrx_word' id='word_1_456' title='bbox 1689 788 1800 831; x_wconf 78' lang='lat' dir='ltr'>licite</span> <span class='ocrx_word' id='word_1_457' title='bbox 1835 784 1981 844; x_wconf 81' lang='lat' dir='ltr'>possit,</span> <span class='ocrx_word' id='word_1_458' title='bbox 2013 785 2178 840; x_wconf 87' lang='lat' dir='ltr'>valeat,</span> <span class='ocrx_word' id='word_1_459' title='bbox 2205 788 2389 839; x_wconf 87' lang='lat' dir='ltr'>debeat,</span> <span class='ocrx_word' id='word_1_460' title='bbox 2419 801 2468 830; x_wconf 91' lang='lat' dir='ltr'>ac</span> 
     </span>
     <span class='ocr_line' id='line_1_70' title="bbox 1440 843 2471 899; baseline -0.002 -7"><span class='ocrx_word' id='word_1_461' title='bbox 1440 850 1563 892; x_wconf 87' lang='lat' dir='ltr'>etiam</span> <span class='ocrx_word' id='word_1_462' title='bbox 1597 858 1785 890; x_wconf 87' lang='lat' dir='ltr'>teneatur</span> <span class='ocrx_word' id='word_1_463' title='bbox 1811 875 1825 899; x_wconf 92' lang='lat'>,</span> <span class='ocrx_word' id='word_1_464' title='bbox 1852 843 1995 888; x_wconf 84' lang='lat' dir='ltr'>eadem</span> <span class='ocrx_word' id='word_1_465' title='bbox 2029 847 2271 889; x_wconf 69' lang='lat' dir='ltr'>auetoritate</span> <span class='ocrx_word' id='word_1_466' title='bbox 2302 846 2471 890; x_wconf 74' lang='lat' dir='ltr'>nostra..-</span> 
     </span>
     <span class='ocr_line' id='line_1_71' title="bbox 1441 904 2468 963; baseline -0.001 -15"><span class='ocrx_word' id='word_1_467' title='bbox 1441 908 1592 963; x_wconf 88' lang='lat' dir='ltr'>pariter</span> <span class='ocrx_word' id='word_1_468' title='bbox 1608 907 1808 963; x_wconf 79' lang='lat' dir='ltr'>perpetuo</span> <span class='ocrx_word' id='word_1_469' title='bbox 1822 934 1836 955; x_wconf 88' lang='lat'>,</span> <span class='ocrx_word' id='word_1_470' title='bbox 1869 906 1948 946; x_wconf 89' lang='lat' dir='ltr'>sine</span> <span class='ocrx_word' id='word_1_471' title='bbox 1965 913 2100 946; x_wconf 87' lang='lat' dir='ltr'>tamen</span> <span class='ocrx_word' id='word_1_472' title='bbox 2127 904 2294 947; x_wconf 85' lang='lat' dir='ltr'>alterius</span> <span class='ocrx_word' id='word_1_473' title='bbox 2322 904 2468 961; x_wconf 85' lang='lat' dir='ltr'>praeju-</span> 
     </span>
     <span class='ocr_line' id='line_1_72' title="bbox 1440 962 2472 1021; baseline -0.001 -14"><span class='ocrx_word' id='word_1_474' title='bbox 1440 966 1572 1015; x_wconf 85' lang='lat' dir='ltr'>dicio,</span> <span class='ocrx_word' id='word_1_475' title='bbox 1597 966 1730 1021; x_wconf 86' lang='lat' dir='ltr'>erigas</span> <span class='ocrx_word' id='word_1_476' title='bbox 1745 992 1759 1016; x_wconf 91' lang='lat'>,</span> <span class='ocrx_word' id='word_1_477' title='bbox 1773 963 2005 1006; x_wconf 78' lang='lat' dir='ltr'>&amp;instituas</span> <span class='ocrx_word' id='word_1_478' title='bbox 2019 988 2034 1009; x_wconf 91' lang='lat'>,</span> <span class='ocrx_word' id='word_1_479' title='bbox 2063 962 2208 1018; x_wconf 91' lang='lat' dir='ltr'>illique</span> <span class='ocrx_word' id='word_1_480' title='bbox 2233 965 2283 1005; x_wconf 90' lang='lat' dir='ltr'>sic</span> <span class='ocrx_word' id='word_1_481' title='bbox 2299 967 2440 1006; x_wconf 64' lang='lat' dir='ltr'>erestae</span> <span class='ocrx_word' id='word_1_482' title='bbox 2457 991 2472 1015; x_wconf 87' lang='lat'>‚</span> 
     </span>
     <span class='ocr_line' id='line_1_73' title="bbox 1436 1019 2470 1079; baseline -0.001 -14"><span class='ocrx_word' id='word_1_483' title='bbox 1436 1026 1477 1065; x_wconf 90' lang='lat'>&amp;</span> <span class='ocrx_word' id='word_1_484' title='bbox 1502 1023 1686 1071; x_wconf 77' lang='lat' dir='ltr'>instituta:</span> <span class='ocrx_word' id='word_1_485' title='bbox 1713 1036 1788 1078; x_wconf 86' lang='lat' dir='ltr'>pro</span> <span class='ocrx_word' id='word_1_486' title='bbox 1815 1035 1995 1076; x_wconf 88' lang='lat' dir='ltr'>congrua</span> <span class='ocrx_word' id='word_1_487' title='bbox 2023 1019 2110 1077; x_wconf 75' lang='lat' dir='ltr'>ejus</span> <span class='ocrx_word' id='word_1_488' title='bbox 2136 1022 2266 1079; x_wconf 76' lang='lat' dir='ltr'>dote,</span> <span class='ocrx_word' id='word_1_489' title='bbox 2288 1035 2333 1063; x_wconf 89' lang='lat' dir='ltr'>ac</span> <span class='ocrx_word' id='word_1_490' title='bbox 2360 1019 2470 1064; x_wconf 86' lang='lat' dir='ltr'>futu—</span> 
     </span>
     <span class='ocr_line' id='line_1_74' title="bbox 1435 1079 2467 1136; baseline 0 -12"><span class='ocrx_word' id='word_1_491' title='bbox 1435 1084 1488 1124; x_wconf 89' lang='lat' dir='ltr'>ris</span> <span class='ocrx_word' id='word_1_492' title='bbox 1514 1083 1623 1124; x_wconf 91' lang='lat' dir='ltr'>illius</span> <span class='ocrx_word' id='word_1_493' title='bbox 1643 1082 1823 1125; x_wconf 67' lang='lat' dir='ltr'>nestoris</span> <span class='ocrx_word' id='word_1_494' title='bbox 1839 1079 2127 1124; x_wconf 81' lang='lat' dir='ltr'>sustentatione</span> <span class='ocrx_word' id='word_1_495' title='bbox 2142 1110 2158 1131; x_wconf 89' lang='lat'>,</span> <span class='ocrx_word' id='word_1_496' title='bbox 2180 1092 2467 1136; x_wconf 63' lang='lat' dir='ltr'>onerumque)</span> 
     </span>
     <span class='ocr_line' id='line_1_75' title="bbox 1432 1139 2470 1196; baseline -0.002 -14"><span class='ocrx_word' id='word_1_497' title='bbox 1432 1141 1492 1182; x_wconf 92' lang='lat' dir='ltr'>illi</span> <span class='ocrx_word' id='word_1_498' title='bbox 1524 1140 1842 1184; x_wconf 88' lang='lat' dir='ltr'>incumbentium</span> <span class='ocrx_word' id='word_1_499' title='bbox 1874 1139 2207 1196; x_wconf 85' lang='lat' dir='ltr'>supportatione,</span> <span class='ocrx_word' id='word_1_500' title='bbox 2233 1140 2366 1181; x_wconf 88' lang='lat' dir='ltr'>omnia</span> <span class='ocrx_word' id='word_1_501' title='bbox 2387 1166 2402 1189; x_wconf 88' lang='lat'>,</span> <span class='ocrx_word' id='word_1_502' title='bbox 2431 1141 2470 1180; x_wconf 85' lang='lat'>&amp;</span> 
     </span>
     <span class='ocr_line' id='line_1_76' title="bbox 1430 1195 2469 1256; baseline -0.002 -14"><span class='ocrx_word' id='word_1_503' title='bbox 1430 1200 1606 1255; x_wconf 89' lang='lat' dir='ltr'>singula,</span> <span class='ocrx_word' id='word_1_504' title='bbox 1623 1199 1894 1256; x_wconf 88' lang='lat' dir='ltr'>proprietates</span> <span class='ocrx_word' id='word_1_505' title='bbox 1912 1227 1925 1250; x_wconf 91' lang='lat'>,</span> <span class='ocrx_word' id='word_1_506' title='bbox 1943 1211 2006 1239; x_wconf 90' lang='lat' dir='ltr'>res</span> <span class='ocrx_word' id='word_1_507' title='bbox 2021 1225 2035 1248; x_wconf 89' lang='lat'>,</span> <span class='ocrx_word' id='word_1_508' title='bbox 2056 1199 2159 1240; x_wconf 89' lang='lat' dir='ltr'>bona</span> <span class='ocrx_word' id='word_1_509' title='bbox 2173 1223 2188 1244; x_wconf 86' lang='lat'>,</span> <span class='ocrx_word' id='word_1_510' title='bbox 2208 1207 2339 1241; x_wconf 88' lang='lat' dir='ltr'>terras</span> <span class='ocrx_word' id='word_1_511' title='bbox 2356 1225 2368 1248; x_wconf 85' lang='lat'>,</span> <span class='ocrx_word' id='word_1_512' title='bbox 2382 1195 2469 1240; x_wconf 88' lang='lat' dir='ltr'>sru-</span> 
     </span>
     <span class='ocr_line' id='line_1_77' title="bbox 1432 1256 2470 1313; baseline -0.002 -12"><span class='ocrx_word' id='word_1_513' title='bbox 1432 1261 1547 1309; x_wconf 65' lang='lat' dir='ltr'>stus,</span> <span class='ocrx_word' id='word_1_514' title='bbox 1574 1257 1755 1302; x_wconf 88' lang='lat' dir='ltr'>redditus</span> <span class='ocrx_word' id='word_1_515' title='bbox 1772 1285 1787 1309; x_wconf 90' lang='lat'>,</span> <span class='ocrx_word' id='word_1_516' title='bbox 1813 1267 2068 1313; x_wconf 78' lang='lat' dir='ltr'>proventuS,</span> <span class='ocrx_word' id='word_1_517' title='bbox 2098 1256 2218 1312; x_wconf 89' lang='lat' dir='ltr'>jura,</span> <span class='ocrx_word' id='word_1_518' title='bbox 2245 1256 2470 1299; x_wconf 82' lang='lat' dir='ltr'>obventio-</span> 
     </span>
     <span class='ocr_line' id='line_1_78' title="bbox 1431 1314 2472 1371; baseline -0.005 -11"><span class='ocrx_word' id='word_1_519' title='bbox 1431 1332 1529 1368; x_wconf 75' lang='lat' dir='ltr'>neS,</span> <span class='ocrx_word' id='word_1_520' title='bbox 1559 1318 1599 1359; x_wconf 77' lang='grc' dir='ltr'>δι</span> <span class='ocrx_word' id='word_1_521' title='bbox 1628 1317 1903 1360; x_wconf 89' lang='lat' dir='ltr'>emolumenta</span> <span class='ocrx_word' id='word_1_522' title='bbox 1931 1315 1980 1358; x_wconf 88' lang='lat' dir='ltr'>fic</span> <span class='ocrx_word' id='word_1_523' title='bbox 2004 1317 2027 1359; x_wconf 73' lang='grc' dir='ltr'>ὲ</span> <span class='ocrx_word' id='word_1_524' title='bbox 2053 1315 2291 1371; x_wconf 65' lang='grc' dir='ltr'>ρῐίωοάἰὲὶε</span> <span class='ocrx_word' id='word_1_525' title='bbox 2324 1314 2472 1356; x_wconf 86' lang='lat' dir='ltr'>Eccle-</span> 
     </span>
     <span class='ocr_line' id='line_1_79' title="bbox 1429 1373 2468 1432; baseline -0.005 -13"><span class='ocrx_word' id='word_1_526' title='bbox 1429 1376 1479 1421; x_wconf 88' lang='lat' dir='ltr'>sia</span> <span class='ocrx_word' id='word_1_527' title='bbox 1495 1378 1673 1432; x_wconf 83' lang='lat' dir='ltr'>separata</span> <span class='ocrx_word' id='word_1_528' title='bbox 1687 1402 1701 1423; x_wconf 82' lang='lat'>,</span> <span class='ocrx_word' id='word_1_529' title='bbox 1714 1378 1754 1418; x_wconf 75' lang='grc' dir='ltr'>δι</span> <span class='ocrx_word' id='word_1_530' title='bbox 1767 1373 2054 1417; x_wconf 88' lang='lat' dir='ltr'>dismembrata</span> <span class='ocrx_word' id='word_1_531' title='bbox 2069 1402 2083 1425; x_wconf 91' lang='lat'>,</span> <span class='ocrx_word' id='word_1_532' title='bbox 2100 1375 2154 1416; x_wconf 88' lang='lat' dir='ltr'>ita</span> <span class='ocrx_word' id='word_1_533' title='bbox 2171 1402 2185 1425; x_wconf 88' lang='lat'>,</span> <span class='ocrx_word' id='word_1_534' title='bbox 2212 1373 2320 1430; x_wconf 90' lang='lat' dir='ltr'>quod</span> <span class='ocrx_word' id='word_1_535' title='bbox 2342 1373 2468 1414; x_wconf 91' lang='lat' dir='ltr'>liceat</span> 
     </span>
     <span class='ocr_line' id='line_1_80' title="bbox 1431 1432 2466 1491; baseline -0.009 -13"><span class='ocrx_word' id='word_1_536' title='bbox 1431 1435 1539 1478; x_wconf 89' lang='lat' dir='ltr'>illius</span> <span class='ocrx_word' id='word_1_537' title='bbox 1563 1436 1726 1478; x_wconf 69' lang='lat' dir='ltr'>Red&#39;tori</span> <span class='ocrx_word' id='word_1_538' title='bbox 1758 1449 1832 1491; x_wconf 91' lang='lat' dir='ltr'>pro</span> <span class='ocrx_word' id='word_1_539' title='bbox 1856 1445 2040 1489; x_wconf 87' lang='lat' dir='ltr'>tempore</span> <span class='ocrx_word' id='word_1_540' title='bbox 2062 1432 2245 1476; x_wconf 88' lang='lat' dir='ltr'>existenti</span> <span class='ocrx_word' id='word_1_541' title='bbox 2267 1461 2280 1483; x_wconf 85' lang='lat'>,</span> <span class='ocrx_word' id='word_1_542' title='bbox 2317 1446 2466 1486; x_wconf 88' lang='lat' dir='ltr'>corpo..</span> 
     </span>
     <span class='ocr_line' id='line_1_81' title="bbox 1433 1489 2468 1546; baseline -0.003 -10"><span class='ocrx_word' id='word_1_543' title='bbox 1433 1494 1589 1545; x_wconf 87' lang='lat' dir='ltr'>talem,</span> <span class='ocrx_word' id='word_1_544' title='bbox 1621 1494 1803 1546; x_wconf 89' lang='lat' dir='ltr'>realem,</span> <span class='ocrx_word' id='word_1_545' title='bbox 1828 1491 2083 1535; x_wconf 65' lang='lat' dir='ltr'>&amp;actualem</span> <span class='ocrx_word' id='word_1_546' title='bbox 2100 1489 2371 1534; x_wconf 74' lang='lat' dir='ltr'>pussessionem</span> <span class='ocrx_word' id='word_1_547' title='bbox 2396 1504 2468 1544; x_wconf 87' lang='lat' dir='ltr'>per</span> 
     </span>
     <span class='ocr_line' id='line_1_82' title="bbox 1434 1549 2463 1605; baseline -0.005 -9"><span class='ocrx_word' id='word_1_548' title='bbox 1434 1554 1474 1596; x_wconf 90' lang='lat' dir='ltr'>fe</span> <span class='ocrx_word' id='word_1_549' title='bbox 1491 1581 1505 1604; x_wconf 89' lang='lat'>,</span> <span class='ocrx_word' id='word_1_550' title='bbox 1530 1553 1593 1596; x_wconf 91' lang='lat' dir='ltr'>vel</span> <span class='ocrx_word' id='word_1_551' title='bbox 1624 1553 1779 1604; x_wconf 88' lang='lat' dir='ltr'>alium,</span> <span class='ocrx_word' id='word_1_552' title='bbox 1807 1550 1876 1595; x_wconf 89' lang='lat' dir='ltr'>seu</span> <span class='ocrx_word' id='word_1_553' title='bbox 1902 1550 2007 1593; x_wconf 85' lang='lat' dir='ltr'>alios</span> <span class='ocrx_word' id='word_1_554' title='bbox 2033 1549 2146 1605; x_wconf 82' lang='lat' dir='ltr'>ejus,</span> <span class='ocrx_word' id='word_1_555' title='bbox 2176 1564 2222 1591; x_wconf 89' lang='lat' dir='ltr'>ac</span> <span class='ocrx_word' id='word_1_556' title='bbox 2252 1549 2363 1590; x_wconf 69' lang='lat' dir='ltr'>dieue</span> <span class='ocrx_word' id='word_1_557' title='bbox 2382 1551 2463 1591; x_wconf 87' lang='lat' dir='ltr'>Ec·-</span> 
     </span>
     <span class='ocr_line' id='line_1_83' title="bbox 1431 1607 2463 1667; baseline -0.003 -14"><span class='ocrx_word' id='word_1_558' title='bbox 1431 1610 1584 1663; x_wconf 87' lang='lat' dir='ltr'>clefiae‚</span> <span class='ocrx_word' id='word_1_559' title='bbox 1615 1612 1680 1652; x_wconf 86' lang='lat' dir='ltr'>seu</span> <span class='ocrx_word' id='word_1_560' title='bbox 1709 1610 1915 1667; x_wconf 70' lang='lat' dir='ltr'>Cappellae</span> <span class='ocrx_word' id='word_1_561' title='bbox 1947 1607 2117 1653; x_wconf 81' lang='lat' dir='ltr'>S-Blafii</span> <span class='ocrx_word' id='word_1_562' title='bbox 2145 1609 2310 1651; x_wconf 87' lang='lat' dir='ltr'>nomine</span> <span class='ocrx_word' id='word_1_563' title='bbox 2330 1633 2343 1657; x_wconf 91' lang='lat'>,</span> <span class='ocrx_word' id='word_1_564' title='bbox 2368 1622 2463 1661; x_wconf 85' lang='lat' dir='ltr'>pro·-</span> 
     </span>
     <span class='ocr_line' id='line_1_84' title="bbox 1431 1666 2463 1726; baseline -0.003 -15"><span class='ocrx_word' id='word_1_565' title='bbox 1431 1671 1517 1726; x_wconf 88' lang='lat' dir='ltr'>pria</span> <span class='ocrx_word' id='word_1_566' title='bbox 1546 1671 1794 1713; x_wconf 61' lang='lat' dir='ltr'>auctoritate</span> <span class='ocrx_word' id='word_1_567' title='bbox 1809 1666 2150 1725; x_wconf 83' lang='lat' dir='ltr'>apprehendere,</span> <span class='ocrx_word' id='word_1_568' title='bbox 2180 1666 2463 1721; x_wconf 87' lang='lat' dir='ltr'>&amp;apprehen-</span> 
     </span>
     <span class='ocr_line' id='line_1_85' title="bbox 1430 1723 2466 1784; baseline -0.004 -13"><span class='ocrx_word' id='word_1_569' title='bbox 1430 1729 1507 1772; x_wconf 82' lang='lat' dir='ltr'>sam</span> <span class='ocrx_word' id='word_1_570' title='bbox 1535 1729 1736 1784; x_wconf 75' lang='lat' dir='ltr'>perpetuo</span> <span class='ocrx_word' id='word_1_571' title='bbox 1763 1739 1979 1778; x_wconf 89' lang='lat' dir='ltr'>retinere,</span> <span class='ocrx_word' id='word_1_572' title='bbox 2010 1725 2160 1768; x_wconf 68' lang='lat' dir='ltr'>fruetus</span> <span class='ocrx_word' id='word_1_573' title='bbox 2186 1738 2346 1782; x_wconf 89' lang='lat' dir='ltr'>quoque</span> <span class='ocrx_word' id='word_1_574' title='bbox 2369 1723 2466 1767; x_wconf 84' lang='lat' dir='ltr'>ted-</span> 
     </span>
     <span class='ocr_line' id='line_1_86' title="bbox 1428 1783 2467 1843; baseline -0.003 -13"><span class='ocrx_word' id='word_1_575' title='bbox 1428 1787 1538 1830; x_wconf 91' lang='lat' dir='ltr'>ditus</span> <span class='ocrx_word' id='word_1_576' title='bbox 1554 1816 1568 1839; x_wconf 90' lang='lat'>,</span> <span class='ocrx_word' id='word_1_577' title='bbox 1586 1797 1814 1843; x_wconf 83' lang='lat' dir='ltr'>proventus</span> <span class='ocrx_word' id='word_1_578' title='bbox 1828 1815 1841 1838; x_wconf 86' lang='lat'>,</span> <span class='ocrx_word' id='word_1_579' title='bbox 1856 1786 1944 1842; x_wconf 88' lang='lat' dir='ltr'>jura</span> <span class='ocrx_word' id='word_1_580' title='bbox 1956 1815 1973 1837; x_wconf 91' lang='lat'>,</span> <span class='ocrx_word' id='word_1_581' title='bbox 1991 1783 2286 1833; x_wconf 84' lang='lat' dir='ltr'>obventiones,</span> <span class='ocrx_word' id='word_1_582' title='bbox 2302 1785 2342 1825; x_wconf 88' lang='lat'>&amp;</span> <span class='ocrx_word' id='word_1_583' title='bbox 2355 1797 2467 1827; x_wconf 87' lang='lat' dir='ltr'>emo·</span> 
     </span>
     <span class='ocr_line' id='line_1_87' title="bbox 1429 1843 2460 1899; baseline -0.003 -11"><span class='ocrx_word' id='word_1_584' title='bbox 1429 1846 1613 1888; x_wconf 91' lang='lat' dir='ltr'>lumenta</span> <span class='ocrx_word' id='word_1_585' title='bbox 1637 1874 1649 1897; x_wconf 91' lang='lat'>,</span> <span class='ocrx_word' id='word_1_586' title='bbox 1690 1859 1740 1887; x_wconf 85' lang='lat' dir='ltr'>ex</span> <span class='ocrx_word' id='word_1_587' title='bbox 1765 1846 1824 1887; x_wconf 91' lang='lat' dir='ltr'>eis</span> <span class='ocrx_word' id='word_1_588' title='bbox 1853 1843 2134 1899; x_wconf 86' lang='lat' dir='ltr'>provenientia</span> <span class='ocrx_word' id='word_1_589' title='bbox 2155 1855 2460 1899; x_wconf 51' lang='lat' dir='ltr'>quaecunquo</span> 
     </span>
     <span class='ocr_line' id='line_1_88' title="bbox 1429 1901 2460 1959; baseline -0.003 -13"><span class='ocrx_word' id='word_1_590' title='bbox 1429 1904 1676 1959; x_wconf 80' lang='lat' dir='ltr'>percipere,</span> <span class='ocrx_word' id='word_1_591' title='bbox 1705 1904 1872 1959; x_wconf 86' lang='lat' dir='ltr'>exigere</span> <span class='ocrx_word' id='word_1_592' title='bbox 1898 1933 1913 1954; x_wconf 91' lang='lat'>,</span> <span class='ocrx_word' id='word_1_593' title='bbox 1953 1901 2142 1954; x_wconf 88' lang='lat' dir='ltr'>servare,</span> <span class='ocrx_word' id='word_1_594' title='bbox 2177 1914 2423 1957; x_wconf 86' lang='lat' dir='ltr'>recuperare</span> <span class='ocrx_word' id='word_1_595' title='bbox 2442 1926 2460 1948; x_wconf 81' lang='lat'>,</span> 
     </span>
     <span class='ocr_line' id='line_1_89' title="bbox 1428 1959 2462 2014; baseline -0.005 -9"><span class='ocrx_word' id='word_1_596' title='bbox 1428 1963 1565 2005; x_wconf 80' lang='lat' dir='ltr'>locare</span> <span class='ocrx_word' id='word_1_597' title='bbox 1589 1993 1605 2014; x_wconf 96' lang='lat'>,</span> <span class='ocrx_word' id='word_1_598' title='bbox 1646 1963 1686 2004; x_wconf 76' lang='grc' dir='ltr'>δι</span> <span class='ocrx_word' id='word_1_599' title='bbox 1709 1962 1932 2005; x_wconf 86' lang='lat' dir='ltr'>arrendare</span> <span class='ocrx_word' id='word_1_600' title='bbox 1952 1991 1968 2013; x_wconf 93' lang='lat'>,</span> <span class='ocrx_word' id='word_1_601' title='bbox 1999 1975 2046 2004; x_wconf 89' lang='lat' dir='ltr'>ac</span> <span class='ocrx_word' id='word_1_602' title='bbox 2073 1961 2116 2002; x_wconf 86' lang='lat' dir='ltr'>in</span> <span class='ocrx_word' id='word_1_603' title='bbox 2131 1959 2216 2003; x_wconf 91' lang='lat' dir='ltr'>suos</span> <span class='ocrx_word' id='word_1_604' title='bbox 2235 1989 2252 2010; x_wconf 91' lang='lat'>,</span> <span class='ocrx_word' id='word_1_605' title='bbox 2271 1973 2317 2001; x_wconf 89' lang='lat' dir='ltr'>ac</span> <span class='ocrx_word' id='word_1_606' title='bbox 2347 1959 2462 2001; x_wconf 70' lang='lat' dir='ltr'>dieta</span> 
     </span>
     <span class='ocr_line' id='line_1_90' title="bbox 1430 2017 2464 2076; baseline -0.005 -12"><span class='ocrx_word' id='word_1_607' title='bbox 1430 2021 1616 2064; x_wconf 85' lang='lat' dir='ltr'>Ecclesiae</span> <span class='ocrx_word' id='word_1_608' title='bbox 1631 2050 1646 2073; x_wconf 90' lang='lat'>,</span> <span class='ocrx_word' id='word_1_609' title='bbox 1674 2020 1738 2065; x_wconf 89' lang='lat' dir='ltr'>seu</span> <span class='ocrx_word' id='word_1_610' title='bbox 1754 2022 1963 2076; x_wconf 84' lang='lat' dir='ltr'>Cappellae</span> <span class='ocrx_word' id='word_1_611' title='bbox 1994 2023 2035 2063; x_wconf 89' lang='lat' dir='ltr'>S.</span> <span class='ocrx_word' id='word_1_612' title='bbox 2051 2018 2165 2062; x_wconf 84' lang='lat' dir='ltr'>Blasii</span> <span class='ocrx_word' id='word_1_613' title='bbox 2186 2017 2274 2060; x_wconf 90' lang='lat' dir='ltr'>usus</span> <span class='ocrx_word' id='word_1_614' title='bbox 2290 2046 2305 2068; x_wconf 89' lang='lat'>,</span> <span class='ocrx_word' id='word_1_615' title='bbox 2322 2019 2363 2058; x_wconf 89' lang='lat'>&amp;</span> <span class='ocrx_word' id='word_1_616' title='bbox 2380 2018 2464 2060; x_wconf 89' lang='lat' dir='ltr'>uti-</span> 
     </span>
     <span class='ocr_line' id='line_1_91' title="bbox 1428 2074 2462 2135; baseline -0.005 -12"><span class='ocrx_word' id='word_1_617' title='bbox 1428 2081 1588 2123; x_wconf 85' lang='lat' dir='ltr'>litatem</span> <span class='ocrx_word' id='word_1_618' title='bbox 1623 2091 1902 2130; x_wconf 89' lang='lat' dir='ltr'>coiivertere,</span> <span class='ocrx_word' id='word_1_619' title='bbox 1931 2077 2109 2135; x_wconf 87' lang='lat' dir='ltr'>ejusdem</span> <span class='ocrx_word' id='word_1_620' title='bbox 2139 2074 2367 2120; x_wconf 85' lang='lat' dir='ltr'>Dioecesani</span> <span class='ocrx_word' id='word_1_621' title='bbox 2397 2076 2462 2118; x_wconf 85' lang='lat' dir='ltr'>lo-</span> 
     </span>
     <span class='ocr_line' id='line_1_92' title="bbox 1426 2134 2462 2195; baseline -0.006 -13"><span class='ocrx_word' id='word_1_622' title='bbox 1426 2140 1493 2191; x_wconf 92' lang='lat' dir='ltr'>ci,</span> <span class='ocrx_word' id='word_1_623' title='bbox 1519 2139 1585 2182; x_wconf 88' lang='lat' dir='ltr'>vel</span> <span class='ocrx_word' id='word_1_624' title='bbox 1610 2137 1781 2195; x_wconf 85' lang='lat' dir='ltr'>cujusvis</span> <span class='ocrx_word' id='word_1_625' title='bbox 1808 2138 1975 2180; x_wconf 86' lang='lat' dir='ltr'>alterius</span> <span class='ocrx_word' id='word_1_626' title='bbox 2001 2135 2168 2179; x_wconf 58' lang='lat' dir='ltr'>licentia</span> <span class='ocrx_word' id='word_1_627' title='bbox 2194 2134 2370 2188; x_wconf 89' lang='lat' dir='ltr'>desuper</span> <span class='ocrx_word' id='word_1_628' title='bbox 2386 2135 2462 2176; x_wconf 86' lang='lat' dir='ltr'>mi·</span> 
     </span>
     <span class='ocr_line' id='line_1_93' title="bbox 1427 2193 2464 2253; baseline -0.003 -13"><span class='ocrx_word' id='word_1_629' title='bbox 1427 2198 1531 2240; x_wconf 75' lang='lat' dir='ltr'>nime</span> <span class='ocrx_word' id='word_1_630' title='bbox 1566 2196 1788 2253; x_wconf 75' lang='lat' dir='ltr'>requisita,</span> <span class='ocrx_word' id='word_1_631' title='bbox 1818 2197 1962 2238; x_wconf 88' lang='lat' dir='ltr'>itidem</span> <span class='ocrx_word' id='word_1_632' title='bbox 1998 2196 2199 2251; x_wconf 78' lang='lat' dir='ltr'>perpetuo</span> <span class='ocrx_word' id='word_1_633' title='bbox 2221 2193 2464 2237; x_wconf 68' lang='lat' dir='ltr'>auetoritate</span> 
     </span>
     <span class='ocr_line' id='line_1_94' title="bbox 1427 2254 2466 2313; baseline -0.004 -15"><span class='ocrx_word' id='word_1_634' title='bbox 1427 2256 1559 2298; x_wconf 83' lang='lat' dir='ltr'>nostra</span> <span class='ocrx_word' id='word_1_635' title='bbox 1574 2254 1799 2313; x_wconf 88' lang='lat' dir='ltr'>hujusmodi</span> <span class='ocrx_word' id='word_1_636' title='bbox 1817 2255 2012 2311; x_wconf 82' lang='lat' dir='ltr'>applices,</span> <span class='ocrx_word' id='word_1_637' title='bbox 2024 2255 2065 2294; x_wconf 88' lang='lat'>&amp;</span> <span class='ocrx_word' id='word_1_638' title='bbox 2079 2254 2318 2309; x_wconf 78' lang='lat' dir='ltr'>appropries</span> <span class='ocrx_word' id='word_1_639' title='bbox 2335 2266 2348 2296; x_wconf 77' lang='lat' dir='ltr'><strong><em>z</em></strong></span> <span class='ocrx_word' id='word_1_640' title='bbox 2364 2266 2466 2308; x_wconf 56' lang='lat' dir='ltr'>praee·</span> 
     </span>
     <span class='ocr_line' id='line_1_95' title="bbox 1424 2308 2462 2371; baseline -0.005 -15"><span class='ocrx_word' id='word_1_641' title='bbox 1424 2313 1559 2357; x_wconf 76' lang='lat' dir='ltr'>sentes</span> <span class='ocrx_word' id='word_1_642' title='bbox 1603 2328 1766 2371; x_wconf 88' lang='lat' dir='ltr'>quoque</span> <span class='ocrx_word' id='word_1_643' title='bbox 1806 2314 1966 2355; x_wconf 87' lang='lat' dir='ltr'>litteras</span> <span class='ocrx_word' id='word_1_644' title='bbox 2005 2311 2154 2355; x_wconf 86' lang='lat' dir='ltr'>nostras</span> <span class='ocrx_word' id='word_1_645' title='bbox 2194 2313 2262 2354; x_wconf 88' lang='lat' dir='ltr'>sub</span> <span class='ocrx_word' id='word_1_646' title='bbox 2297 2308 2462 2367; x_wconf 86' lang='lat' dir='ltr'>quibus-</span> 
     </span>
     <span class='ocr_line' id='line_1_96' title="bbox 1427 2371 2463 2427; baseline -0.007 -12"><span class='ocrx_word' id='word_1_647' title='bbox 1427 2376 1484 2415; x_wconf 91' lang='lat' dir='ltr'>vis</span> <span class='ocrx_word' id='word_1_648' title='bbox 1512 2374 1727 2421; x_wconf 63' lang='lat' dir='ltr'>similium,</span> <span class='ocrx_word' id='word_1_649' title='bbox 1759 2372 1824 2414; x_wconf 93' lang='lat' dir='ltr'>vel</span> <span class='ocrx_word' id='word_1_650' title='bbox 1853 2371 2100 2413; x_wconf 78' lang='lat' dir='ltr'>dissimilium</span> <span class='ocrx_word' id='word_1_651' title='bbox 2138 2372 2363 2427; x_wconf 83' lang='lat' dir='ltr'>gratiarum</span> <span class='ocrx_word' id='word_1_652' title='bbox 2395 2383 2463 2411; x_wconf 86' lang='lat' dir='ltr'>re-</span> 
     </span>
     <span class='ocr_line' id='line_1_97' title="bbox 1427 2429 2460 2487; baseline -0.005 -13"><span class='ocrx_word' id='word_1_653' title='bbox 1427 2433 1705 2474; x_wconf 85' lang='lat' dir='ltr'>vocationibus</span> <span class='ocrx_word' id='word_1_654' title='bbox 1718 2461 1734 2482; x_wconf 93' lang='lat'>,</span> <span class='ocrx_word' id='word_1_655' title='bbox 1750 2430 2063 2487; x_wconf 89' lang='lat' dir='ltr'>suspensionibus</span> <span class='ocrx_word' id='word_1_656' title='bbox 2081 2460 2096 2481; x_wconf 90' lang='lat'>,</span> <span class='ocrx_word' id='word_1_657' title='bbox 2123 2429 2431 2472; x_wconf 80' lang='lat' dir='ltr'>limitationibus</span> <span class='ocrx_word' id='word_1_658' title='bbox 2445 2455 2460 2479; x_wconf 88' lang='lat'>,</span> 
     </span>
     <span class='ocr_line' id='line_1_98' title="bbox 1426 2488 2459 2545; baseline -0.004 -13"><span class='ocrx_word' id='word_1_659' title='bbox 1426 2490 1746 2533; x_wconf 71' lang='lat' dir='ltr'>restrifflonibus</span> <span class='ocrx_word' id='word_1_660' title='bbox 1763 2489 2122 2545; x_wconf 75' lang='lat' dir='ltr'>,derogationibus</span> <span class='ocrx_word' id='word_1_661' title='bbox 2135 2515 2150 2536; x_wconf 95' lang='lat'>,</span> <span class='ocrx_word' id='word_1_662' title='bbox 2168 2499 2235 2530; x_wconf 88' lang='lat' dir='ltr'>aut</span> <span class='ocrx_word' id='word_1_663' title='bbox 2253 2488 2342 2530; x_wconf 88' lang='lat' dir='ltr'>aliis</span> <span class='ocrx_word' id='word_1_664' title='bbox 2359 2501 2459 2528; x_wconf 90' lang='lat' dir='ltr'>con-</span> 
     </span>
     <span class='ocr_line' id='line_1_99' title="bbox 1426 2544 2459 2603; baseline -0.005 -12"><span class='ocrx_word' id='word_1_665' title='bbox 1426 2549 1560 2592; x_wconf 85' lang='lat' dir='ltr'>trariis</span> <span class='ocrx_word' id='word_1_666' title='bbox 1575 2545 1893 2603; x_wconf 81' lang='lat' dir='ltr'>dispositionibus</span> <span class='ocrx_word' id='word_1_667' title='bbox 1918 2562 1990 2598; x_wconf 89' lang='lat' dir='ltr'>per</span> <span class='ocrx_word' id='word_1_668' title='bbox 2008 2551 2092 2590; x_wconf 85' lang='lat' dir='ltr'>Nos</span> <span class='ocrx_word' id='word_1_669' title='bbox 2108 2577 2122 2598; x_wconf 89' lang='lat'>,</span> <span class='ocrx_word' id='word_1_670' title='bbox 2149 2549 2187 2588; x_wconf 90' lang='lat'>&amp;</span> <span class='ocrx_word' id='word_1_671' title='bbox 2205 2544 2459 2590; x_wconf 77' lang='lat' dir='ltr'>successores</span> 
     </span>
     <span class='ocr_line' id='line_1_100' title="bbox 1426 2603 2458 2661; baseline -0.006 -10"><span class='ocrx_word' id='word_1_672' title='bbox 1426 2608 1595 2651; x_wconf 82' lang='lat' dir='ltr'>Nostros</span> <span class='ocrx_word' id='word_1_673' title='bbox 1609 2609 1817 2649; x_wconf 85' lang='lat' dir='ltr'>Romanos</span> <span class='ocrx_word' id='word_1_674' title='bbox 1832 2603 2151 2661; x_wconf 86' lang='lat' dir='ltr'>Pontifices,pro</span> <span class='ocrx_word' id='word_1_675' title='bbox 2167 2617 2353 2660; x_wconf 79' lang='lat' dir='ltr'>tempore</span> <span class='ocrx_word' id='word_1_676' title='bbox 2370 2604 2458 2645; x_wconf 83' lang='lat' dir='ltr'>exi-</span> 
     </span>
     <span class='ocr_line' id='line_1_101' title="bbox 1425 2661 2458 2720; baseline -0.005 -11"><span class='ocrx_word' id='word_1_677' title='bbox 1425 2667 1571 2709; x_wconf 90' lang='lat' dir='ltr'>stentes</span> <span class='ocrx_word' id='word_1_678' title='bbox 1584 2694 1599 2716; x_wconf 88' lang='lat'>,</span> <span class='ocrx_word' id='word_1_679' title='bbox 1625 2680 1668 2708; x_wconf 92' lang='lat' dir='ltr'>ac</span> <span class='ocrx_word' id='word_1_680' title='bbox 1684 2665 1829 2709; x_wconf 77' lang='lat' dir='ltr'>Sedent</span> <span class='ocrx_word' id='word_1_681' title='bbox 1848 2664 2072 2720; x_wconf 63' lang='lat' dir='ltr'>praediflam</span> <span class='ocrx_word' id='word_1_682' title='bbox 2087 2692 2100 2714; x_wconf 89' lang='lat'>,</span> <span class='ocrx_word' id='word_1_683' title='bbox 2125 2662 2192 2705; x_wconf 84' lang='lat' dir='ltr'>suh</span> <span class='ocrx_word' id='word_1_684' title='bbox 2210 2661 2458 2719; x_wconf 84' lang='lat' dir='ltr'>quibuscun-</span> 
     </span>
     <span class='ocr_line' id='line_1_102' title="bbox 1425 2722 2458 2783; baseline -0.006 -15"><span class='ocrx_word' id='word_1_685' title='bbox 1425 2729 1506 2783; x_wconf 82' lang='lat' dir='ltr'>que</span> <span class='ocrx_word' id='word_1_686' title='bbox 1535 2725 1754 2768; x_wconf 84' lang='lat' dir='ltr'>verborum</span> <span class='ocrx_word' id='word_1_687' title='bbox 1782 2722 2124 2778; x_wconf 80' lang='lat' dir='ltr'>expressionibus,</span> <span class='ocrx_word' id='word_1_688' title='bbox 2153 2725 2192 2764; x_wconf 85' lang='lat'>&amp;</span> <span class='ocrx_word' id='word_1_689' title='bbox 2217 2722 2356 2765; x_wconf 86' lang='lat' dir='ltr'>formis</span> <span class='ocrx_word' id='word_1_690' title='bbox 2374 2748 2389 2771; x_wconf 90' lang='lat'>,</span> <span class='ocrx_word' id='word_1_691' title='bbox 2417 2722 2458 2763; x_wconf 75' lang='grc' dir='ltr'>δι’.</span> 
     </span>
     <span class='ocr_line' id='line_1_103' title="bbox 1426 2782 2458 2837; baseline -0.005 -11"><span class='ocrx_word' id='word_1_692' title='bbox 1426 2798 1517 2826; x_wconf 89' lang='lat' dir='ltr'>cum</span> <span class='ocrx_word' id='word_1_693' title='bbox 1541 2783 1738 2837; x_wconf 88' lang='lat' dir='ltr'>quibusvis</span> <span class='ocrx_word' id='word_1_694' title='bbox 1764 2782 1940 2834; x_wconf 89' lang='lat' dir='ltr'>litteris,</span> <span class='ocrx_word' id='word_1_695' title='bbox 1969 2783 2008 2824; x_wconf 89' lang='lat'>&amp;</span> <span class='ocrx_word' id='word_1_696' title='bbox 2032 2783 2221 2824; x_wconf 89' lang='lat' dir='ltr'>Decretis</span> <span class='ocrx_word' id='word_1_697' title='bbox 2248 2795 2322 2837; x_wconf 90' lang='lat' dir='ltr'>pro</span> <span class='ocrx_word' id='word_1_698' title='bbox 2348 2791 2458 2822; x_wconf 84' lang='lat' dir='ltr'>tem-</span> 
     </span>
     <span class='ocr_line' id='line_1_104' title="bbox 1426 2839 2456 2899; baseline -0.003 -14"><span class='ocrx_word' id='word_1_699' title='bbox 1426 2857 1528 2899; x_wconf 87' lang='lat' dir='ltr'>pore</span> <span class='ocrx_word' id='word_1_700' title='bbox 1542 2840 1922 2892; x_wconf 74' lang='lat' dir='ltr'>faciendis,mininie</span> <span class='ocrx_word' id='word_1_701' title='bbox 1935 2841 2225 2896; x_wconf 88' lang='lat' dir='ltr'>comprehendi</span> <span class='ocrx_word' id='word_1_702' title='bbox 2240 2869 2254 2892; x_wconf 89' lang='lat'>,</span> <span class='ocrx_word' id='word_1_703' title='bbox 2273 2839 2339 2880; x_wconf 90' lang='lat' dir='ltr'>vel</span> <span class='ocrx_word' id='word_1_704' title='bbox 2357 2852 2456 2882; x_wconf 88' lang='lat' dir='ltr'>con-</span> 
     </span>
     <span class='ocr_line' id='line_1_105' title="bbox 1424 2899 2458 2955; baseline -0.006 -10"><span class='ocrx_word' id='word_1_705' title='bbox 1424 2901 1538 2945; x_wconf 87' lang='lat' dir='ltr'>fundi</span> <span class='ocrx_word' id='word_1_706' title='bbox 1562 2928 1577 2950; x_wconf 87' lang='lat'>,</span> <span class='ocrx_word' id='word_1_707' title='bbox 1617 2900 1685 2943; x_wconf 85' lang='lat' dir='ltr'>sed</span> <span class='ocrx_word' id='word_1_708' title='bbox 1719 2899 1877 2955; x_wconf 88' lang='lat' dir='ltr'>semper</span> <span class='ocrx_word' id='word_1_709' title='bbox 1905 2899 1955 2942; x_wconf 87' lang='lat' dir='ltr'>ab</span> <span class='ocrx_word' id='word_1_710' title='bbox 1985 2899 2063 2941; x_wconf 90' lang='lat' dir='ltr'>illis</span> <span class='ocrx_word' id='word_1_711' title='bbox 2094 2899 2259 2955; x_wconf 87' lang='lat' dir='ltr'>excipi,</span> <span class='ocrx_word' id='word_1_712' title='bbox 2287 2899 2328 2939; x_wconf 76' lang='grc' dir='ltr'>δι</span> <span class='ocrx_word' id='word_1_713' title='bbox 2357 2912 2458 2953; x_wconf 91' lang='lat' dir='ltr'>quo-</span> 
     </span>
     <span class='ocr_line' id='line_1_106' title="bbox 1429 2958 2457 3015; baseline -0.004 -13"><span class='ocrx_word' id='word_1_714' title='bbox 1429 2961 1506 3003; x_wconf 91' lang='lat' dir='ltr'>ties</span> <span class='ocrx_word' id='word_1_715' title='bbox 1530 2960 1606 3002; x_wconf 84' lang='lat' dir='ltr'>illae</span> <span class='ocrx_word' id='word_1_716' title='bbox 1633 2959 1878 3002; x_wconf 88' lang='lat' dir='ltr'>emanabunt</span> <span class='ocrx_word' id='word_1_717' title='bbox 1896 2987 1911 3009; x_wconf 92' lang='lat'>,</span> <span class='ocrx_word' id='word_1_718' title='bbox 1939 2958 2060 3000; x_wconf 87' lang='lat' dir='ltr'>toties</span> <span class='ocrx_word' id='word_1_719' title='bbox 2086 2958 2127 3000; x_wconf 93' lang='lat' dir='ltr'>in</span> <span class='ocrx_word' id='word_1_720' title='bbox 2155 2958 2391 3015; x_wconf 88' lang='lat' dir='ltr'>pristinum,</span> <span class='ocrx_word' id='word_1_721' title='bbox 2417 2958 2457 2998; x_wconf 88' lang='lat'>&amp;</span> 
     </span>
     <span class='ocr_line' id='line_1_107' title="bbox 1429 3016 2456 3074; baseline -0.007 -12"><span class='ocrx_word' id='word_1_722' title='bbox 1429 3019 1706 3062; x_wconf 74' lang='lat' dir='ltr'>validissimum</span> <span class='ocrx_word' id='word_1_723' title='bbox 1724 3019 1864 3060; x_wconf 82' lang='lat' dir='ltr'>statum</span> <span class='ocrx_word' id='word_1_724' title='bbox 1889 3016 2119 3068; x_wconf 87' lang='lat' dir='ltr'>restitutas,</span> <span class='ocrx_word' id='word_1_725' title='bbox 2160 3016 2383 3074; x_wconf 88' lang='lat' dir='ltr'>repositas,</span> <span class='ocrx_word' id='word_1_726' title='bbox 2414 3016 2456 3055; x_wconf 77' lang='grc' dir='ltr'>δι</span> 
     </span>
     <span class='ocr_line' id='line_1_108' title="bbox 1429 3070 2455 3135; baseline -0.008 -14"><span class='ocrx_word' id='word_1_727' title='bbox 1429 3078 1608 3135; x_wconf 78' lang='lat' dir='ltr'>plenarie</span> <span class='ocrx_word' id='word_1_728' title='bbox 1623 3077 1892 3132; x_wconf 87' lang='lat' dir='ltr'>reintegratas</span> <span class='ocrx_word' id='word_1_729' title='bbox 1907 3106 1922 3129; x_wconf 88' lang='lat'>,</span> <span class='ocrx_word' id='word_1_730' title='bbox 1947 3090 1994 3118; x_wconf 89' lang='lat' dir='ltr'>ac</span> <span class='ocrx_word' id='word_1_731' title='bbox 2020 3076 2147 3119; x_wconf 88' lang='lat' dir='ltr'>etiam</span> <span class='ocrx_word' id='word_1_732' title='bbox 2166 3075 2217 3118; x_wconf 90' lang='lat' dir='ltr'>de</span> <span class='ocrx_word' id='word_1_733' title='bbox 2232 3087 2336 3117; x_wconf 87' lang='lat' dir='ltr'>novo</span> <span class='ocrx_word' id='word_1_734' title='bbox 2349 3100 2362 3124; x_wconf 85' lang='lat'>,</span> <span class='ocrx_word' id='word_1_735' title='bbox 2385 3070 2455 3115; x_wconf 90' lang='lat' dir='ltr'>sub</span> 
     </span>
     <span class='ocr_line' id='line_1_109' title="bbox 1426 3132 2454 3194; baseline -0.008 -13"><span class='ocrx_word' id='word_1_736' title='bbox 1426 3151 1664 3194; x_wconf 86' lang='lat' dir='ltr'>quacunque</span> <span class='ocrx_word' id='word_1_737' title='bbox 1691 3136 1914 3192; x_wconf 83' lang='lat' dir='ltr'>posteriore</span> <span class='ocrx_word' id='word_1_738' title='bbox 1940 3137 2044 3177; x_wconf 87' lang='lat' dir='ltr'>Data</span> <span class='ocrx_word' id='word_1_739' title='bbox 2076 3149 2148 3190; x_wconf 88' lang='lat' dir='ltr'>per</span> <span class='ocrx_word' id='word_1_740' title='bbox 2165 3132 2454 3176; x_wconf 87' lang='lat' dir='ltr'>Communita-</span> 
     </span>
     <span class='ocr_line' id='line_1_110' title="bbox 1427 3190 2455 3250; baseline -0.007 -11"><span class='ocrx_word' id='word_1_741' title='bbox 1427 3207 1511 3240; x_wconf 85' lang='lat' dir='ltr'>tem</span> <span class='ocrx_word' id='word_1_742' title='bbox 1527 3226 1542 3247; x_wconf 92' lang='lat'>,</span> <span class='ocrx_word' id='word_1_743' title='bbox 1573 3197 1614 3238; x_wconf 86' lang='lat'>&amp;</span> <span class='ocrx_word' id='word_1_744' title='bbox 1639 3195 1838 3245; x_wconf 86' lang='lat' dir='ltr'>Homines</span> <span class='ocrx_word' id='word_1_745' title='bbox 1862 3192 2095 3250; x_wconf 62' lang='lat' dir='ltr'>praedictos,</span> <span class='ocrx_word' id='word_1_746' title='bbox 2124 3206 2169 3236; x_wconf 88' lang='lat' dir='ltr'>ac</span> <span class='ocrx_word' id='word_1_747' title='bbox 2185 3190 2455 3246; x_wconf 82' lang='lat' dir='ltr'>Superiores,</span> 
     </span>
     <span class='ocr_line' id='line_1_111' title="bbox 1423 3251 2453 3310; baseline -0.007 -13"><span class='ocrx_word' id='word_1_748' title='bbox 1423 3258 1460 3297; x_wconf 91' lang='lat'>&amp;</span> <span class='ocrx_word' id='word_1_749' title='bbox 1488 3254 1715 3310; x_wconf 89' lang='lat' dir='ltr'>Religiosos</span> <span class='ocrx_word' id='word_1_750' title='bbox 1744 3268 1818 3309; x_wconf 88' lang='lat' dir='ltr'>pro</span> <span class='ocrx_word' id='word_1_751' title='bbox 1851 3265 2040 3307; x_wconf 88' lang='lat' dir='ltr'>tempore</span> <span class='ocrx_word' id='word_1_752' title='bbox 2074 3251 2290 3294; x_wconf 84' lang='lat' dir='ltr'>existentes</span> <span class='ocrx_word' id='word_1_753' title='bbox 2324 3263 2453 3302; x_wconf 89' lang='lat' dir='ltr'>quan-</span> 
     </span>
     <span class='ocr_line' id='line_1_112' title="bbox 1421 3309 2452 3370; baseline -0.005 -15"><span class='ocrx_word' id='word_1_754' title='bbox 1421 3314 1635 3370; x_wconf 89' lang='lat' dir='ltr'>docunque</span> <span class='ocrx_word' id='word_1_755' title='bbox 1657 3311 1846 3367; x_wconf 86' lang='lat' dir='ltr'>eligenda</span> <span class='ocrx_word' id='word_1_756' title='bbox 1872 3309 2096 3361; x_wconf 57' lang='lat' dir='ltr'>concessa,</span> <span class='ocrx_word' id='word_1_757' title='bbox 2116 3311 2352 3362; x_wconf 86' lang='lat' dir='ltr'>semperque</span> <span class='ocrx_word' id='word_1_758' title='bbox 2381 3322 2452 3350; x_wconf 88' lang='lat' dir='ltr'>va-</span> 
     </span>
     <span class='ocr_line' id='line_1_113' title="bbox 1421 3364 2452 3423; baseline -0.008 -8"><span class='ocrx_word' id='word_1_759' title='bbox 1421 3372 1523 3416; x_wconf 87' lang='lat' dir='ltr'>lidas</span> <span class='ocrx_word' id='word_1_760' title='bbox 1538 3402 1553 3423; x_wconf 90' lang='lat'>‚</span> <span class='ocrx_word' id='word_1_761' title='bbox 1576 3386 1619 3414; x_wconf 87' lang='lat' dir='ltr'>ac</span> <span class='ocrx_word' id='word_1_762' title='bbox 1637 3370 1823 3413; x_wconf 83' lang='lat' dir='ltr'>efficaces</span> <span class='ocrx_word' id='word_1_763' title='bbox 1841 3368 1919 3414; x_wconf 85' lang='lat' dir='ltr'>effe</span> <span class='ocrx_word' id='word_1_764' title='bbox 1937 3398 1950 3417; x_wconf 87' lang='grc'>..</span> <span class='ocrx_word' id='word_1_765' title='bbox 1980 3371 2020 3410; x_wconf 90' lang='lat'>&amp;</span> <span class='ocrx_word' id='word_1_766' title='bbox 2034 3365 2123 3411; x_wconf 86' lang='lat' dir='ltr'>fore</span> <span class='ocrx_word' id='word_1_767' title='bbox 2139 3396 2153 3418; x_wconf 93' lang='lat'>,</span> <span class='ocrx_word' id='word_1_768' title='bbox 2184 3364 2348 3421; x_wconf 71' lang='lat' dir='ltr'>suosque</span> <span class='ocrx_word' id='word_1_769' title='bbox 2362 3367 2452 3422; x_wconf 85' lang='lat' dir='ltr'>ple-</span> 
     </span>
     <span class='ocr_line' id='line_1_114' title="bbox 1424 3424 2451 3485; baseline -0.007 -12"><span class='ocrx_word' id='word_1_770' title='bbox 1424 3431 1586 3481; x_wconf 86' lang='lat' dir='ltr'>narios,</span> <span class='ocrx_word' id='word_1_771' title='bbox 1613 3431 1650 3471; x_wconf 92' lang='lat'>&amp;</span> <span class='ocrx_word' id='word_1_772' title='bbox 1678 3430 1858 3485; x_wconf 85' lang='lat' dir='ltr'>integros</span> <span class='ocrx_word' id='word_1_773' title='bbox 1884 3426 2043 3470; x_wconf 65' lang='lat' dir='ltr'>effeetus</span> <span class='ocrx_word' id='word_1_774' title='bbox 2073 3424 2203 3467; x_wconf 78' lang='lat' dir='ltr'>sortiri</span> <span class='ocrx_word' id='word_1_775' title='bbox 2225 3450 2239 3472; x_wconf 87' lang='lat'>,</span> <span class='ocrx_word' id='word_1_776' title='bbox 2271 3426 2311 3466; x_wconf 91' lang='lat'>&amp;</span> <span class='ocrx_word' id='word_1_777' title='bbox 2339 3425 2451 3467; x_wconf 85' lang='lat' dir='ltr'>obti-</span> 
     </span>
     <span class='ocr_line' id='line_1_115' title="bbox 1424 3483 2451 3543; baseline -0.008 -9"><span class='ocrx_word' id='word_1_778' title='bbox 1424 3503 1552 3542; x_wconf 80' lang='lat' dir='ltr'>nere3</span> <span class='ocrx_word' id='word_1_779' title='bbox 1583 3491 1622 3531; x_wconf 88' lang='lat'>&amp;</span> <span class='ocrx_word' id='word_1_780' title='bbox 1645 3491 1694 3530; x_wconf 71' lang='lat' dir='ltr'>sic</span> <span class='ocrx_word' id='word_1_781' title='bbox 1726 3503 1799 3543; x_wconf 88' lang='lat' dir='ltr'>pei·</span> <span class='ocrx_word' id='word_1_782' title='bbox 1825 3483 2253 3543; x_wconf 86' lang='lat' dir='ltr'>quoscunqueJudices</span> <span class='ocrx_word' id='word_1_783' title='bbox 2272 3484 2451 3527; x_wconf 85' lang='lat' dir='ltr'>Ordina-</span> 
     </span>
     <span class='ocr_line' id='line_1_116' title="bbox 1424 3541 2451 3603; baseline -0.006 -13"><span class='ocrx_word' id='word_1_784' title='bbox 1424 3550 1531 3597; x_wconf 88' lang='lat' dir='ltr'>rios,</span> <span class='ocrx_word' id='word_1_785' title='bbox 1560 3548 1624 3590; x_wconf 84' lang='lat' dir='ltr'>vel</span> <span class='ocrx_word' id='word_1_786' title='bbox 1652 3548 1900 3603; x_wconf 85' lang='lat' dir='ltr'>Delegatos,</span> <span class='ocrx_word' id='word_1_787' title='bbox 1930 3541 2069 3597; x_wconf 69' lang='lat' dir='ltr'>quavis</span> <span class='ocrx_word' id='word_1_788' title='bbox 2093 3543 2330 3586; x_wconf 70' lang='lat' dir='ltr'>auctoritate</span> <span class='ocrx_word' id='word_1_789' title='bbox 2362 3543 2451 3585; x_wconf 88' lang='lat' dir='ltr'>sun-</span> 
     </span>
     <span class='ocr_line' id='line_1_117' title="bbox 1423 3599 2448 3662; baseline -0.006 -13"><span class='ocrx_word' id='word_1_790' title='bbox 1423 3618 1565 3662; x_wconf 90' lang='lat' dir='ltr'>gentes</span> <span class='ocrx_word' id='word_1_791' title='bbox 1587 3632 1601 3654; x_wconf 89' lang='lat'>,</span> <span class='ocrx_word' id='word_1_792' title='bbox 1645 3605 1767 3648; x_wconf 89' lang='lat' dir='ltr'>etiam</span> <span class='ocrx_word' id='word_1_793' title='bbox 1798 3600 2020 3647; x_wconf 85' lang='lat' dir='ltr'>Causarum</span> <span class='ocrx_word' id='word_1_794' title='bbox 2051 3599 2195 3643; x_wconf 80' lang='lat' dir='ltr'>Palatii</span> <span class='ocrx_word' id='word_1_795' title='bbox 2222 3600 2448 3655; x_wconf 84' lang='lat' dir='ltr'>Apostolici</span> 
     </span>
     <span class='ocr_line' id='line_1_118' title="bbox 1425 3654 2447 3717; baseline -0.006 -11"><span class='ocrx_word' id='word_1_796' title='bbox 1425 3665 1650 3708; x_wconf 80' lang='lat' dir='ltr'>Auditores</span> <span class='ocrx_word' id='word_1_797' title='bbox 1663 3690 1678 3713; x_wconf 88' lang='lat'>,</span> <span class='ocrx_word' id='word_1_798' title='bbox 1707 3678 1752 3707; x_wconf 78' lang='lat' dir='ltr'>ac</span> <span class='ocrx_word' id='word_1_799' title='bbox 1764 3654 1956 3717; x_wconf 76' lang='lat' dir='ltr'>’ejusdem</span> <span class='ocrx_word' id='word_1_800' title='bbox 1979 3663 2018 3700; x_wconf 86' lang='lat' dir='ltr'>S.</span> <span class='ocrx_word' id='word_1_801' title='bbox 2038 3662 2087 3702; x_wconf 86' lang='lat' dir='ltr'>R.</span> <span class='ocrx_word' id='word_1_802' title='bbox 2104 3662 2152 3702; x_wconf 86' lang='lat' dir='ltr'>E.</span> <span class='ocrx_word' id='word_1_803' title='bbox 2170 3661 2416 3705; x_wconf 86' lang='lat' dir='ltr'>Cardinales</span> <span class='ocrx_word' id='word_1_804' title='bbox 2431 3688 2447 3712; x_wconf 91' lang='lat'>,</span> 
     </span>
     <span class='ocr_line' id='line_1_119' title="bbox 1421 3719 2448 3776; baseline -0.005 -10"><span class='ocrx_word' id='word_1_805' title='bbox 1421 3726 1460 3765; x_wconf 87' lang='lat'>&amp;</span> <span class='ocrx_word' id='word_1_806' title='bbox 1476 3724 1527 3766; x_wconf 93' lang='lat' dir='ltr'>de</span> <span class='ocrx_word' id='word_1_807' title='bbox 1544 3723 1674 3766; x_wconf 85' lang='lat' dir='ltr'>latere</span> <span class='ocrx_word' id='word_1_808' title='bbox 1691 3726 1862 3776; x_wconf 84' lang='lat' dir='ltr'>Legatos</span> <span class='ocrx_word' id='word_1_809' title='bbox 1878 3747 1891 3768; x_wconf 85' lang='lat'>,</span> <span class='ocrx_word' id='word_1_810' title='bbox 1905 3719 1944 3759; x_wconf 74' lang='grc' dir='ltr'>δι</span> <span class='ocrx_word' id='word_1_811' title='bbox 1959 3719 2238 3774; x_wconf 83' lang='lat' dir='ltr'>Vicelegatos,</span> <span class='ocrx_word' id='word_1_812' title='bbox 2252 3719 2448 3774; x_wconf 65' lang='lat' dir='ltr'>dietaeque</span> 
     </span>
     <span class='ocr_line' id='line_1_120' title="bbox 1422 3776 2448 3837; baseline -0.006 -10"><span class='ocrx_word' id='word_1_813' title='bbox 1422 3782 1539 3827; x_wconf 87' lang='lat' dir='ltr'>Sedis</span> <span class='ocrx_word' id='word_1_814' title='bbox 1567 3782 1741 3826; x_wconf 85' lang='lat' dir='ltr'>Nuntios</span> <span class='ocrx_word' id='word_1_815' title='bbox 1763 3777 1970 3837; x_wconf 75' lang='lat' dir='ltr'>judicari,</span> <span class='ocrx_word' id='word_1_816' title='bbox 2005 3779 2043 3821; x_wconf 78' lang='grc' dir='ltr'>δι</span> <span class='ocrx_word' id='word_1_817' title='bbox 2068 3776 2230 3823; x_wconf 88' lang='lat' dir='ltr'>definiri</span> <span class='ocrx_word' id='word_1_818' title='bbox 2257 3778 2409 3821; x_wconf 83' lang='lat' dir='ltr'>debere</span> <span class='ocrx_word' id='word_1_819' title='bbox 2431 3804 2448 3828; x_wconf 86' lang='lat'>,</span> 
     </span>
     <span class='ocr_line' id='line_1_121' title="bbox 2251 3836 2394 3880; baseline -0.021 0"><span class='ocrx_word' id='word_1_820' title='bbox 2251 3836 2394 3880; x_wconf 86' lang='lat' dir='ltr'>eadem</span> 
     </span>
    </p>
   </div>
  </div>
 </body>
</html>
