2774 4068
1014 181 1091 269 S.
1139 180 1229 267 P.
1275 181 1813 302 Francisci.

2292 224 2455 308 139

360 300 594 346 concedere
609 298 888 355 dignetur-‘ac
906 294 1010 362 ritus
1021 310 1214 364 3mores,
1244 302 1397 344 &con-
1458 304 1587 346 dultis
1609 332 1625 354 ,
1673 298 1904 355 Privilegiis
1934 326 1950 351 ‚
1989 304 2253 352 facultatibus
2279 338 2295 362 ,
2342 313 2512 357 ubera-

365 361 604 407 suetudines
625 353 838 413 regulares
848 354 1029 410 praedicsti
1048 356 1217 400 Ordinis
1242 357 1314 401 sub
1332 359 1397 402 di-
1460 363 1596 409 tibus‚
1624 358 1951 417 exemptionibus
1977 388 1992 411 ,
2019 363 2340 412 immunitatibus
2363 399 2378 423 ,
2414 386 2514 426 prae-

366 426 428 464 &a
443 418 607 476 Regula
624 415 825 459 institutas
841 440 856 463 ‚
886 427 932 456 ac
947 413 1258 459 constitutiones
1273 417 1410 461 serva-

362 496 440 533 re,
466 491 544 522 nec
567 488 647 518 non
662 472 817 515 divinis
833 470 1011 524 officiis,
1039 472 1081 515 δι
1106 472 1295 517 laudibus
1319 475 1415 519 infi-

364 540 498 588 ssere,
525 535 567 576 δι
591 535 675 577 tim
702 532 820 588 ipsae,
850 533 972 588 quam
997 528 1178 588 praedicti
1205 534 1409 577 Monaste-

362 598 416 644 rii
428 593 709 653 proprietates
722 621 737 644 ,
761 604 827 634 res
843 617 858 639 ,
889 591 979 650 jura
996 619 1010 642 ,
1040 590 1221 633 aditiones
1237 620 1252 643 ‚
1282 594 1320 634 δι
1336 594 1410 636 bo-

362 669 414 702 na
426 654 563 698 omnia
575 678 591 700 a
608 662 696 695 tam
712 650 910 699 mobilia,
924 651 966 692 δι
980 649 1018 692 se
1032 650 1247 692 moventia
1259 678 1274 703 ,
1288 651 1412 708 quam

359 711 835 769 immobilia,praesentia
849 739 865 763 ,
889 707 1077 752 &futura
1098 707 1412 767 cujuscunque,

471 771 600 816 titatis
614 800 629 824 ,
643 770 882 829 qualitatis,
901 769 1063 825 generis
1077 794 1093 818 ‚
1109 768 1147 809 &
1163 765 1309 824 speciei
1324 770 1413 811 exi-

396 831 510 878 entia
545 860 560 884 ‚
602 829 676 878 sub
707 828 918 874 Ordinarii
961 827 1044 872 loci
1077 825 1375 882 superioritate
1399 855 1413 879 ,

361 891 597 938 visitatione
620 916 637 940 ,
664 892 707 933 &
731 887 988 933 correctione
1018 886 1160 930 vivere
1176 916 1192 938 ,
1218 888 1262 929 &·
1281 884 1409 942 subja·

359 966 459 998 cere
473 949 656 994 debeant
672 978 689 1002 ,
711 948 970 991 Auctoritate
982 945 1117 989 nostra
1131 974 1147 998 ‚
1160 945 1242 989 fine
1266 956 1407 989 tamen

364 1009 541 1067 alicujus
563 1007 803 1067 prejudicio
819 1005 1026 1063 perpetuo
1053 1005 1219 1068 erigas,
1244 1006 1284 1048 &
1300 1005 1408 1052 insti-

361 1082 454 1116 tuas
466 1098 482 1122 ‚
506 1084 552 1113 ac
565 1066 815 1111 Monasterio
829 1065 881 1108 lie
897 1067 1035 1108 erecto
1046 1065 1100 1115 ,δι
1119 1064 1308 1108 instituto
1335 1079 1412 1122 pro

361 1130 476 1175 illius
490 1123 705 1174 Abbati-ise
717 1154 739 1177 ,
767 1125 837 1170 seu
853 1123 1023 1171 alterius
1041 1122 1302 1179 superioriffae
1317 1150 1332 1171 2
1358 1138 1407 1169 ac

358 1187 604 1234 Monialium
629 1182 939 1241 predictarum,
965 1181 1226 1240 aliorumque
1241 1180 1407 1233 Officia-

361 1248 465 1292 lium
490 1244 813 1295 sustentatione,
843 1255 1104 1299 onerumque
1135 1243 1220 1285 illis
1245 1244 1404 1286 incum-

360 1305 547 1352 bentium
566 1302 902 1361 supportatione,
927 1311 1012 1344 tam
1030 1303 1132 1345 bona
1147 1315 1223 1359 per
1248 1302 1403 1349 dictum

360 1365 623 1412 Testatorem
650 1361 841 1418 affignata
858 1388 873 1413 ,
903 1361 945 1407 δι’,
967 1360 1172 1421 applicata
1194 1389 1209 1416 ,
1240 1363 1404 1420 quam..-

358 1424 494 1470 omnia
509 1422 589 1468 alia
606 1453 623 1474 ,
653 1422 695 1467 &
709 1433 952 1480 quacunque
966 1418 1055 1476 jura
1073 1450 1088 1474 ,
1116 1421 1281 1475 census,
1302 1420 1406 1464 red·

358 1483 471 1528 ditus
486 1512 499 1535 ‚
513 1482 878 1535 obventiones‚per
892 1479 1155 1538 quoscunque
1169 1479 1273 1524 alios
1281 1480 1408 1525 Chri-

358 1541 557 1586 flifideles
570 1542 613 1584 in
630 1539 837 1596 posterum
850 1566 866 1590 ,
891 1553 939 1581 ac
970 1540 1012 1583 in
1030 1550 1281 1597 perpetuum
1295 1567 1310 1592 ,
1336 1538 1408 1582 vel

356 1601 409 1647 ad
424 1612 604 1658 tempus,
616 1598 729 1642 simul
745 1627 760 1651 ,
781 1599 849 1642 vel
870 1598 1081 1648 successive
1096 1627 1111 1652 ,
1125 1613 1200 1655 pro
1213 1612 1410 1656 augmen-

361 1670 407 1705 to
422 1661 630 1705 bonorum
644 1657 827 1715 ejusdem
843 1657 1078 1701 Monasterii
1092 1687 1106 1710 ‚
1119 1657 1311 1715 illiusque
1325 1657 1408 1702 Ab·

357 1716 503 1765 batilsae
531 1718 600 1762 vel
628 1714 900 1775 SuperIorissar
912 1746 935 1770 s
959 1715 1219 1774 aliorumque
1239 1714 1408 1763 Officia-

354 1779 461 1824 lium
473 1806 488 1829 ‚
520 1779 562 1820 &
575 1775 819 1822 Monialium
832 1804 846 1828 ,
878 1790 927 1818 ac
942 1774 1246 1820 Conversarum
1262 1775 1408 1832 praedi-

355 1842 539 1889 aarum,
571 1835 642 1880 seu
666 1834 838 1894 alicu-jus
864 1849 1012 1880 earum.
1031 1835 1186 1879 intuitu
1204 1863 1223 1886 ι,
1251 1837 1410 1879 &con-

355 1897 655 1955 templatione‚
672 1909 746 1953 per
764 1895 869 1938 viam
896 1895 1158 1947 testamenti,
1189 1894 1409 1949 codicilli,

354 1957 590 2002 donationis
609 1956 719 1999 inter
738 1954 853 1997 vivos
868 1983 884 2008 2
910 1955 978 1998 vel
997 1952 1118 1998 causa
1133 1955 1310 2008 mortis,
1334 1953 1406 1999 seu

355 2015 533 2060 alterius
557 2013 839 2073 cujuscunque
869 2012 1175 2073 dispolitionis²
1201 2028 1248 2059 ac
1278 2014 1405 2059 etiam

353 2074 773 2130 tituloElemosynae‚
803 2072 871 2115 vel
892 2073 992 2116 alias
1007 2102 1022 2126 ‚
1050 2073 1165 2117 licite
1178 2082 1314 2117 tamen
1331 2072 1408 2116 do-

351 2144 446 2179 nata
462 2164 479 2188 ‚
510 2134 688 2190 elargita
704 2162 722 2184 ,
747 2132 891 2176 relicta
907 2162 922 2184 ,
951 2143 1122 2190 erogata
1138 2161 1152 2185 ‚
1178 2133 1220 2175 &
1243 2132 1408 2189 affigna-

350 2205 393 2238 ta
409 2222 428 2246 2
449 2209 493 2239 ac
509 2194 551 2238 in
568 2192 778 2248 post-erum
791 2190 953 2242 danda,
968 2190 1160 2235 donanda
1173 2218 1188 2241 ‚
1201 2191 1406 2247 elargien-

351 2250 408 2296 da
430 2279 446 2303 2
472 2249 777 2307 relinquenda‚
804 2248 1013 2304 eroganda
1029 2279 1045 2301 ,
1078 2251 1116 2292 δι
1145 2248 1407 2306 affignanda..

352 2324 407 2356 ex
428 2325 535 2354 nunc
554 2339 570 2362 ,
595 2318 722 2365 prout
738 2321 790 2350 ex
813 2317 910 2350 tunc
936 2334 951 2356 2
980 2309 1022 2351 δι
1045 2307 1254 2365 postquam
1279 2307 1409 2355 dona-

354 2380 429 2421 ta,
455 2369 657 2423 elargita,
682 2366 807 2416 data,
836 2375 1034 2422 erogata,
1066 2366 1206 2411 relidta
1221 2398 1237 2420 ,
1266 2369 1306 2410 &
1322 2367 1408 2410 affi-

362 2438 484 2487 gnata
499 2457 514 2480 ‚
546 2429 588 2469 &
603 2424 794 2483 acquifita
812 2423 1000 2476 fuerint,
1031 2426 1087 2468 ita
1106 2455 1122 2477 ‚
1153 2426 1265 2481 quod
1281 2425 1405 2469 liceat

355 2484 574 2532 Abbatill'ae
593 2515 607 2538 ‚
650 2484 717 2528 vel
736 2471 1326 2540 Supessioriffae,Monia-1ibus‚
1358 2499 1404 2527 ac

352 2546 552 2592 Ministris
585 2543 682 2587 dieti
713 2543 945 2587 Monasterii
982 2557 1089 2587 nunc
1117 2545 1158 2585 δε
1191 2559 1266 2601 pro
1303 2554 1408 2589 tunc

352 2604 623 2651 existentibus
639 2630 654 2652 a
686 2602 851 2648 illorum
865 2602 1043 2646 omnium
1057 2630 1072 2654 ‚
1102 2604 1143 2647 &
1158 2602 1403 2659 singulorum

352 2678 528 2716 veram,
560 2663 746 2714 realem,
775 2663 813 2704 δι
836 2661 1096 2718 corporalem
1125 2659 1402 2717 polseffionem

352 2738 430 2781 per
454 2724 494 2766 se
509 2752 529 2774 ‚
558 2721 766 2766 velalium
785 2750 798 2774 ,
821 2719 887 2765 seu
913 2720 1173 2767 aliosearum
1190 2748 1205 2771 ,
1235 2734 1281 2762 ac
1301 2720 1400 2762 dieti

354 2781 596 2826 Monasterii
625 2779 787 2824 nomine
804 2809 819 2832 ,
852 2781 1015 2837 propria
1039 2779 1285 2822 auctoritate
1301 2779 1400 2822 libe-

351 2837 1099 2953 {intsszoellffi‘gnss2⁹¹3&ss
1109 2838 1399 2954 wamiis?

513 2928 528 2950 2
883 2926 898 2948 ³
1109 2923 1123 2946 9
1388 2925 1402 2949 2

353 2959 443 3019 jura
461 2986 475 3008 ‚
494 2957 767 3000 obventiones
782 2985 796 3006 ,
811 2957 852 2997 &
866 2956 1220 3008 emolumenta,ex
1233 2957 1290 2999 eis
1305 2970 1403 3013 pro-

358 3016 570 3062 venientia
603 3027 855 3071 quaecunque
898 3014 1117 3071 percipere
1138 3044 1154 3068 ,
1194 3017 1363 3072 exigere
1385 3042 1402 3066 ‚

356 3078 504 3121 levare
521 3104 536 3128 ,
562 3084 831 3130 recuperare,
863 3073 1121 3125 arrendare,
1147 3073 1283 3119 locare
1296 3071 1404 3126 ,dis-

357 3138 527 3186 locare,
545 3147 716 3190 regere,
732 3131 1016 3175 administrare
1029 3161 1044 3185 ,
1073 3133 1114 3174 δι
1130 3132 1170 3174 in
1186 3130 1276 3175 flios
1291 3146 1404 3175 com-

356 3210 427 3239 mu
435 3209 504 3238 nes
520 3222 534 3245 ‚
564 3194 603 3235 &
615 3191 712 3235 disti
729 3189 1171 3247 Monasterii‚illiusque
1187 3190 1376 3235 Ecclelioe
1388 3220 1404 3244 ,

358 3257 398 3298 &
422 3252 644 3300 Sacristiae‚
674 3263 721 3293 ac
745 3248 1023 3294 Ministrorum
1037 3253 1128 3293 usus
1145 3278 1160 3301 ‚
1189 3252 1227 3293 δι
1244 3249 1402 3293 utilita-

356 3324 448 3357 tem
479 3321 728 3355 convertere
758 3308 922 3360 libere,
952 3310 991 3351 δι
1020 3308 1164 3359 licite,
1192 3309 1404 3352 Dioecesa-

358 3373 402 3416 ni
429 3372 539 3422 loci,
574 3369 641 3413 vel
666 3368 834 3411 alterius
857 3366 1131 3424 cujuscunque
1148 3367 1316 3412 licentia
1335 3368 1404 3412 de.

359 3433 483 3487 luper
513 3428 681 3473 minime
708 3424 931 3483 requisita,
960 3425 1107 3469 eadem
1131 3428 1404 3479 auctoritate,

358 3490 400 3533 δε
427 3490 635 3547 perpetuo
663 3485 843 3543 applices
869 3515 883 3538 ‚
914 3485 1120 3529 concedas
1146 3513 1161 3536 ‚
1190 3488 1231 3529 δι
1257 3500 1403 3543 appro-

359 3549 500 3605 pries·
530 3550 703 3603 Insuper
717 3544 851 3589 eidem
870 3544 1144 3592 Monasterio,
1175 3544 1404 3602 illiuffiuu

362 3606 612 3657 Abbatissae,
645 3607 709 3649 seu
739 3603 1011 3661 Superiorilsae
1026 3631 1040 3655 ‚
1064 3603 1342 3654 officialibus,
1362 3605 1402 3647 δε

360 3665 610 3708 Monialibus
628 3693 643 3716 ,
673 3665 890 3707 Conversis
906 3693 920 3716 ,
935 3678 980 3705 ac
997 3691 1020 3713 ‚‚
1041 3673 1084 3705 ut
1103 3658 1216 3718 supra
1231 3691 1246 3715 ‚
1261 3665 1402 3718 Depu-

359 3722 494 3766 tandis
510 3749 524 3772 ‚
554 3723 698 3767 &aliis
723 3722 902 3780 personis
927 3721 1234 3765 inservientibus
1256 3724 1401 3764 Mona·

359 3780 483 3824 sterio
497 3780 756 3837 hujusmodi,
786 3794 829 3826 ut
858 3782 1077 3835 omnibus,
1101 3782 1138 3824 δι
1162 3778 1397 3836 fingulisin.

486 3842 591 3883 Tam.
612 3841 662 3882 ΙΙ.

1471 419 1670 476 rogatiuis
1700 448 1717 471 ,
1761 417 2076 475 praeminentiis
2098 449 2114 472 ‚
2156 427 2474 474 antelationibus

1472 475 1822 529 conceffionibus,
1848 476 2101 528 honoribus,
2133 480 2337 530 favoribus
2365 517 2380 540 ‚
2422 460 2516 546 gra:

1469 539 1538 580 riis
1563 563 1579 588 ‚
1615 537 1656 577 δι
1696 535 1787 578 aliis
1822 536 2136 591 quomodolibet
2174 549 2256 582 tam
2296 547 2518 600 spirituali.

1469 596 1546 639 bus
1560 623 1578 645 ,
1608 596 1727 649 quam
1752 593 2048 650 temporalibus
2070 596 2291 641 Mulierum
2313 606 2518 648 Monasse-

1473 654 1544 697 riis
1560 680 1576 703 ‚
1595 653 1796 696 Domibus
1825 681 1841 703 ,
1866 653 1907 694 δι
1933 654 2227 698 Conventibus
2242 659 2410 703 Ordinis
2441 665 2519 705 hu-

1470 709 1674 771 jusmodi,
1689 725 1832 755 eorum
1849 710 2066 754 Abbatissis
2081 738 2097 762 ‚
2131 712 2198 755 seu
2224 717 2491 772 Superioriffis
2506 749 2521 770 ,

1462 773 1514 814 δι
1528 768 1730 812 Prioriffis
1744 798 1759 821 ‚
1776 769 2020 813 Monialibus
2034 800 2049 822 ‚
2063 771 2104 812 δι
2120 773 2320 818 Domibus
2331 804 2346 827 ,
2359 783 2397 819 δι
2409 781 2522 822 Con-

1475 828 1666 874 ventibus
1693 827 1950 886 hujusmodi,
1975 829 2228 888 illorumque
2245 835 2488 879 Monialibus
2505 866 2521 890 ,

1469 885 1750 946 Superior-illis
1765 916 1781 940 ‚
1809 888 1848 929 8:
1869 886 1958 930 aliis
1981 887 2262 939 officialibus,
2291 893 2333 935 in
2361 893 2493 950 specie
2508 926 2523 947 ,

1470 949 1538 992 vel
1561 948 1603 992 in
1617 960 1775 1003 genere
1791 974 1806 998 ‚
1819 946 1861 988 δι
1875 959 1950 1001 per
1967 948 2072 990 viam
2089 950 2280 1006 simplicis
2295 955 2525 996 communi-

1470 1008 1710 1060 cationinac
1725 1005 1823 1049 alias
1839 1006 2155 1061 quomodolibet
2174 1019 2255 1052 tam
2271 1011 2526 1065 Apostolicfi,

1469 1069 1590 1126 quAm
1615 1063 1833 1109 Ordinaria
1847 1066 2109 1110 anctoritate
2137 1068 2363 1122 conceffis,
2393 1073 2433 1112 δι
2450 1071 2526 1111 im-

1468 1128 1673 1185 posterum
1690 1123 1970 1175 concedendis
1983 1152 1999 1176 ‚
2030 1139 2078 1169 ac
2095 1126 2240 1183 quibus
2263 1127 2332 1174 illa
2349 1156 2364 1180 s
2395 1130 2434 1171 &
2447 1129 2526 1171 illae

1467 1185 1522 1230 de
1545 1185 1636 1244 jure
1655 1212 1673 1236 2
1702 1183 1801 1237 usu,
1832 1184 1876 1231 8(
1897 1185 2197 1233 consuetudine
2216 1216 2231 1239 ,
2263 1186 2489 1244 privilegio
2509 1218 2526 1239 ,

1465 1244 1627 1289 indulto
1638 1274 1655 1295 ,
1667 1244 1820 1286 statuto
1834 1272 1851 1296 ‚
1870 1254 1938 1287 aut
1954 1245 2052 1291 alias
2066 1245 2409 1303 quomodolibet,
2422 1260 2523 1304 quo-

1462 1306 1756 1360 modocunque
1785 1332 1800 1356 ‚
1831 1304 2161 1362 quandocunque
2192 1314 2365 1349 utuntur
2391 1335 2406 1360 ,
2441 1305 2526 1348 sru-

1463 1375 1613 1416 untur,
1646 1362 1887 1419 potiuntur,
1913 1363 1952 1404 &
1996 1363 2176 1417 audent,
2207 1366 2249 1408 δε
2278 1364 2377 1419 uti,
2407 1363 2523 1417 frui,

1465 1422 1621 1481 potiri,
1643 1423 1682 1464 δι
1702 1421 1883 1478 gaudere
1898 1435 1952 1479 po
1985 1433 2058 1466 unt
2083 1454 2098 1476 ,
2129 1425 2167 1466 8(
2196 1434 2394 1482 poterunt
2419 1438 2523 1480 quo-

1469 1481 1700 1526 modolibet
1714 1482 1754 1524 in
1779 1479 1964 1524 futurum
1980 1510 1998 1534 ,
2027 1481 2253 1527 dummodo
2270 1483 2341 1527 sint
2366 1484 2406 1527 in
2423 1482 2491 1525 usu
2506 1512 2522 1536 ‚

1468 1545 1509 1585 δι
1534 1555 1617 1586 non
1646 1550 1866 1591 revocata,
1899 1554 1974 1582 nec
2000 1540 2070 1583 sub
2092 1541 2229 1599 aliqua
2253 1543 2524 1586 revocatione

1470 1599 1763 1657 comprehensa
1779 1627 1794 1650 ‚
1825 1600 1866 1640 &
1892 1599 2030 1642 Sacris
2049 1602 2315 1654 (latronibus,
2346 1604 2387 1645 δι
2408 1605 2526 1645 Con-

1469 1661 1555 1709 cilii
1581 1656 1817 1704 Tridentini
1837 1659 2032 1700 Decretis
2052 1686 2074 1713 ‚⁵
2097 1658 2362 1718 institutifilue
2384 1663 2528 1716 Regu-

1469 1721 1623 1764 laribus
1640 1717 1812 1761 Ordinis
1830 1747 1844 1769 ,
1874 1716 1914 1762 ἆ,
1942 1716 2116 1776 Regulae
2146 1719 2371 1778 hujusmodi
2400 1719 2525 1763 mini·

1468 1779 1534 1824 me
1557 1777 1768 1821 contraria
1785 1805 1800 1828 ,
1826 1775 2127 1831 (munerati,
2160 1776 2268 1831 frui,
2297 1779 2453 1835 potiri,
2484 1780 2524 1819 δι

1468 1838 1652 1896 gaudere
1667 1835 1809 1894 poffint
1823 1863 1837 1886 ‚
1863 1837 1903 1878 δι
1919 1837 2086 1880 valeant
2099 1861 2113 1882 2
2144 1853 2224 1881 non
2241 1838 2367 1882 solum
2383 1838 2432 1881 ad
2453 1851 2527 1879 eo-

1469 1894 1564 1943 rum
1588 1896 1712 1940 instar
1728 1926 1745 1955 ³.
1772 1893 1843 1938 fied
1858 1896 1986 1939 etiam
2004 1895 2318 1953 pariformiter‚
2346 1899 2386 1939 δι
2409 1895 2526 1952 aeque

1466 1955 1782 2015 principaliter,
1812 1965 1940 2013 atque
1969 1954 2116 2013 absque
2143 1957 2229 2004 ulla
2256 1956 2419 2014 prorsus
2442 1954 2527 1999 dif-

1469 2015 1644 2060 ferentia
1667 2015 1708 2056 in
1740 2015 1931 2058 omnibus
1946 2045 1961 2068 ‚
1987 2017 2028 2058 &
2043 2029 2116 2071 per
2135 2017 2300 2069 omnia,
2330 2014 2522 2073 &quoad

1468 2073 1846 2129 omnia,perinde,
1874 2087 1921 2117 ac
1942 2073 1967 2115 fi
1999 2074 2069 2117 illa
2097 2074 2207 2117 dicio
2234 2090 2342 2117 novo
2373 2078 2524 2117 Mona-

1468 2134 1594 2179 sterio
1608 2162 1624 2183 ,
1651 2131 1839 2188 illiusque
1855 2131 2050 2176 Eccleliae
2064 2160 2078 2183 ‚
2109 2131 2324 2177 Abbatissae
2338 2159 2353 2180 ‚
2382 2133 2448 2174 seu
2464 2133 2524 2176 al-

1467 2194 1546 2237 teri
1561 2189 1859 2248 Superiorissae,
1886 2193 1926 2232 δι
1943 2190 2193 2235 Monialibus
2210 2221 2230 2244 2
2256 2206 2302 2235 ac
2327 2191 2412 2234 aliis
2430 2206 2521 2249 per·-

1468 2252 1572 2297 sonis
1589 2250 1786 2308 praedietis
1802 2248 2087 2308 principaliter
2100 2279 2115 2304 ‚
2137 2249 2428 2307 &specialiter
2441 2281 2456 2304 ‚
2481 2253 2521 2293 δε

1468 2308 1660 2367 expresse
1690 2307 1877 2354 conceffa
1904 2306 2096 2363 fuiffent,
2119 2311 2167 2354 in
2190 2310 2411 2359 omnibus,
2441 2325 2518 2367 per

1467 2370 1602 2414 omnia
1629 2398 1644 2422 ,
1683 2371 1725 2412 δι
1762 2367 1899 2424 quoad
1929 2370 2063 2412 omnia
2090 2399 2111 2421 ‚
2146 2371 2269 2413 etiam
2310 2372 2518 2426 perpetuo

1466 2428 1698 2481 concedas,
1724 2429 1764 2470 8:
1781 2427 2018 2482 indulgeas.
2035 2431 2124 2472 Nos
2138 2430 2248 2471 enim
2266 2443 2341 2485 pro
2356 2430 2519 2472 Monia-

1467 2491 1567 2532 lium
1593 2518 1608 2540 ,
1633 2487 1671 2546 in
1694 2487 1804 2530 dicto
1815 2486 2064 2530 Monasterio
2090 2487 2482 2531 introducendarum
2503 2517 2518 2539 ‚

1468 2563 1516 2593 ac
1558 2547 1729 2590 aliarum
1770 2544 1971 2603 spirituali
2014 2545 2295 2589 consolatione
2320 2575 2335 2597 ,
2381 2548 2422 2588 δι
2464 2548 2516 2588 ad

1467 2605 1698 2663 augendam
1741 2602 2085 2647 Christifidelium
2121 2603 2388 2647 devotionem
2417 2632 2430 2655 ,
2476 2607 2517 2646 δε

1461 2668 1687 2709 animarum
1712 2661 1832 2703 saluti
1849 2659 2156 2711 consulendum,
2171 2661 2330 2716 lingulis
2355 2663 2515 2705 Monia·

1462 2725 1566 2766 libus
1588 2722 1627 2763 in
1654 2721 1764 2761 disto
1780 2717 2028 2761 Monasterio
2054 2718 2253 2775 erigendo
2279 2748 2294 2771 ,
2326 2729 2409 2762 tam
2444 2721 2515 2763 hac

1460 2781 1590 2839 prima
1607 2778 1696 2821 vice
1713 2778 1863 2832 ‚quim
1882 2777 2092 2833 perpetuis
2116 2806 2132 2830 ‚
2173 2779 2214 2821 &
2235 2777 2379 2822 futuris
2406 2789 2514 2821 tem-

1460 2839 1629 2897 poribus
1642 2835 1710 2878 die
1727 2835 1973 2891 singularum
1988 2864 2003 2887 ,
2029 2834 2258 2893 &ipsarum
2284 2836 2481 2893 ingressus
2497 2867 2511 2890 ,

1462 2898 1531 2942 vel
1560 2895 1860 2944 stabilimenti,
1890 2896 1932 2936 δι
1955 2894 2176 2938 emissionis
2208 2895 2468 2939 Proseffionis
2494 2925 2509 2947 ,

1463 2971 1510 3000 ac
1526 2966 1610 2998 tam
1627 2953 1785 2997 illarum
1801 2951 2270 3004 Officialibus‚Ministris
2284 2984 2298 3006 ,
2328 2957 2367 2996 δι
2387 2955 2510 2997 inser-

1462 3012 1686 3063 vientibus,
1697 3011 1918 3056 Conversis
1931 3039 1947 3064 ‚
1977 3014 2015 3054 &
2029 3014 2368 3056 Procurator-ibus
2385 3041 2400 3064 ‚
2420 3013 2509 3057 Ad-

1462 3073 1618 3117 vocatis
1652 3100 1666 3123 ,
1701 3069 1913 3128 Judicibus
1939 3098 1955 3123 2
1991 3072 2029 3113 δι
2059 3069 2350 3115 Defensoribus
2377 3072 2509 3114 bono-

1462 3147 1551 3178 rum
1575 3162 1595 3185 2
1632 3132 1672 3173 δι
1690 3132 1789 3189 Jura
1815 3129 1915 3175 dieti
1941 3129 2180 3174 Monasterii
2198 3130 2506 3187 protegentibus

1463 3190 1684 3250 quibusvis,
1697 3190 1736 3233 in
1763 3201 1907 3234 eorum
1936 3189 2082 3234 mortis
2106 3190 2309 3241 articulo,
2325 3202 2506 3234 nomen.»

1460 3251 1556 3311 Jesu
1583 3249 1710 3293 corde
1731 3277 1745 3301 ,
1774 3249 1801 3289 si
1829 3261 1905 3294 ore
1932 3248 2193 3306 nequiverint
2219 3277 2236 3300 ,
2279 3248 2507 3294 invocanti-

1458 3312 1540 3355 b'us
1554 3341 1569 3362 ,
1592 3312 1631 3353 δι
1644 3307 1829 3366 quivere
1847 3308 2126 3366 poenitentes,
2155 3307 2196 3347 δι
2222 3303 2387 3350 confeffi
2403 3311 2506 3352 San-

1464 3370 1635 3413 ausim
1675 3368 1932 3414 Eucharissiae
1975 3370 2281 3410 Sacramentum
2330 3366 2506 3422 sumpse·

1463 3430 1548 3473 rint
1574 3458 1589 3482 ,
1629 3424 1795 3484 ipfisque
1821 3427 2006 3472 omnibus
2033 3452 2047 3475 ,
2086 3425 2126 3466 δι
2157 3423 2319 3481 lingulis
2354 3425 2501 3482 pra-di-

1463 3489 1565 3541 ctis,
1597 3501 1642 3530 ac
1667 3485 1868 3543 quibusvis
1909 3480 2252 3527 christifidelibus
2280 3486 2378 3528 vere
2410 3499 2500 3541 poe·

1464 3547 1687 3592 nitentibus
1704 3574 1718 3596 ‚
1749 3546 1789 3586 &
1810 3540 2008 3590 eonfeffis
2036 3571 2052 3592 ,
2082 3556 2129 3586 ac
2155 3544 2276 3586 Sacra
2298 3546 2498 3588 Commu-

1462 3606 1585 3649 nione
1613 3604 1801 3654 refectis,
1832 3604 1900 3661 qui
1916 3600 2139 3644 Ecclefiam
2160 3604 2395 3647 Monasserii
2423 3604 2497 3644 liu·

1462 3663 1633 3722 jusmodi
1666 3664 1705 3707 in
1729 3660 1948 3706 festivitate
1972 3662 2123 3703 Sanciae
2148 3661 2282 3705 Clarae
2306 3665 2331 3707 a
2354 3661 2491 3718 primis

1462 3722 1650 3777 Vesperis
1680 3723 1803 3778 usque
1831 3718 1881 3761 ad
1908 3717 2094 3763 occasum
2121 3719 2214 3763 solis
2243 3721 2325 3763 diei
2356 3718 2491 3774 hujus-

1458 3781 1568 3826 modi
1591 3780 1742 3825 devoti:
1769 3777 2019 3822 vifitaverint
2047 3806 2062 3832 ,
2091 3779 2132 3823 δι
2156 3779 2212 3822 ibi
2242 3794 2318 3836 pro
2338 3779 2490 3822 Sanfiae

1712 3839 1739 3882 S
1769 3850 1791 3881 a
2346 3839 2432 3879 Ma-
