2774 4068
343 338 568 395 pellectilia
586 337 696 381 sacra
717 347 965 393 quaecunque
979 363 992 387 ‚
1019 339 1103 377 tam
1120 337 1310 378 hactenus
1328 349 1401 390 per

348 396 612 452 quoscunque
640 395 938 440 Christifideies
964 394 1077 436 dictae
1108 395 1303 438 Ecclefiae
1323 394 1401 436 do-

347 465 441 498 nata
461 485 473 507 ,
505 456 545 498 &
572 454 760 512 assignata
779 485 792 507 ‚
820 469 940 512 quam
969 454 1230 510 imposterum
1266 452 1399 497 forsan

344 513 538 559 donanda
551 542 564 566 2
594 516 635 558 &
651 515 878 572 assignanda
893 542 906 563 2
922 514 1125 571 quibusvis
1144 515 1232 557 aliis
1249 514 1399 557 Eccle-

343 573 408 614 siis
424 600 438 624 ,
458 574 711 617 Monasteeriis
728 603 742 626 ,
763 575 1053 617 Conventibus
1066 601 1080 625 ,
1097 572 1166 617 seu
1182 573 1283 616 locis
1300 572 1400 623 Piis,

346 630 413 674 vel
438 631 620 689 personis
651 632 961 690 quibuscunque
991 633 1254 676 commodare
1281 660 1295 684 ‚
1328 640 1400 674 aut

346 689 420 733 sub
435 692 581 747 quovis
597 693 756 749 quaefito
772 693 916 736 colore
933 722 947 745 ‚
965 693 1132 749 ingenio
1146 721 1160 743 ‚
1177 701 1372 748 praetextu
1385 719 1400 742 ‚

346 748 460 793 causa
480 777 493 801 ,
526 753 683 797 ratione
697 782 712 804 ,
747 753 810 795 vel
830 751 1040 795 occafione
1061 766 1110 795 ex
1129 750 1312 794 Ecclesia
1329 780 1341 802 ‚
1359 751 1397 792 &

347 811 569 852 Conventu
597 813 827 866 praedictis,
855 811 1101 855 seuillorum
1120 810 1303 854 Sacristia
1332 823 1404 852 ex-

345 866 514 911 trahere
532 897 546 921 ‚
579 871 619 913 &
645 870 850 928 asportare
867 899 880 922 ,
911 871 977 915 seu
1001 900 1015 923 ‚
1059 881 1103 914 ut
1130 866 1397 912 commoden-

347 936 415 970 tur
433 956 449 980 ,
476 939 543 973 aut
565 932 834 976 extrahantur
848 932 913 982 ,δε
930 930 1207 987 asportentur‚
1226 928 1397 983 permit·

348 995 439 1028 tere
465 1013 480 1037 2
512 999 579 1030 aut
609 989 843 1033 consentire
872 990 1024 1033 audeat
1055 989 1200 1044 quovis
1234 986 1355 1028 modo
1382 1013 1396 1035 a

346 1043 414 1087 seu
443 1046 651 1102 praesumat
680 1078 694 1100 ,
738 1048 808 1093 sub
841 1046 1278 1093 excommunicationis
1311 1045 1400 1089 latae

346 1103 560 1148 sententiae
575 1136 587 1157 ,
620 1108 662 1149 &.
677 1112 807 1163 quoad
828 1109 1059 1164 Regulares
1077 1135 1090 1158 ,
1112 1106 1234 1148 etiarn
1262 1105 1397 1161 priva-

348 1164 471 1208 tionis
494 1166 607 1207 vocis
627 1168 763 1209 activa?
777 1197 791 1219 ,
822 1169 861 1209 ἃ.
876 1166 988 1223 paffit
1001 1181 1031 1208 ae
1046 1167 1194 1222 ροεηῐε,
1213 1179 1285 1221 per
1301 1179 1403 1207 con-

348 1222 615 1266 trasacientes
644 1225 725 1282 ipso
753 1225 858 1269 facto
880 1254 893 1276 ,
926 1226 1074 1282 absque
1110 1225 1186 1268 alia
1217 1223 1401 1267 declara-

300 1288 304 1293 '
348 1282 1401 1341 tioneincurrendis‚ApostolicaAuffloi-itate‚teno-

347 1355 395 1383 re
419 1340 672 1396 praesentium
700 1343 1014 1393 interdicimus„
1044 1347 1085 1386 &
1111 1343 1397 1402 prohibemus.

339 1401 454 1443 Non·
475 1400 719 1444 obstantibus
735 1402 1106 1447 Constitutionibus
1122 1431 1137 1458 ,
1167 1405 1207 1446 δι
1220 1401 1398 1446 Ordina-

351 1459 530 1502 tionibus
566 1461 814 1517 Apostolicis
848 1491 862 1514 ‚
906 1464 1145 1521 caeterisque
1175 1462 1392 1506 contrariis

318 1518 682 1576 quibuscunque.
716 1521 917 1571 Volumus
950 1532 1088 1565 autem
1113 1549 1126 1572 a
1157 1533 1200 1565 ut
1227 1521 1393 1577 praesen-

344 1577 399 1621 tis
430 1579 716 1632 prohibitionis
732 1581 963 1636 exemplum
982 1583 1021 1624 in
1038 1583 1163 1627 valvis
1183 1582 1296 1624 dista:
1315 1584 1391 1624 Ec-

345 1635 503 1688 clefiae,
533 1636 599 1683 scu
625 1639 734 1682 illius
752 1639 956 1692 (hermiae,
983 1651 1050 1683 aut
1075 1641 1156 1684 alio
1178 1641 1270 1683 loco
1287 1655 1385 1684 con-

349 1695 485 1752 spicuo
502 1724 515 1747 ‚
546 1698 612 1741 ubi
634 1699 683 1741 ab
710 1699 895 1743 omnibus
919 1700 1058 1752 cerni,
1086 1704 1123 1746 &
1149 1700 1228 1756 legi
1245 1700 1384 1756 poffit,

347 1754 509 1799 affixum
525 1756 670 1799 assidue
693 1769 901 1801 remaneat
917 1789 928 1801 .
964 1762 1113 1802 Datum
1130 1762 1270 1803 Romae
1286 1760 1390 1815 apud

348 1816 391 1855 S.
414 1815 583 1858 Mariam
613 1815 813 1873 Maiorem
849 1818 920 1860 sub
948 1819 1112 1861 Annulo
1141 1818 1354 1861 Piscatoris
1380 1848 1394 1869 ‚

353 1874 436 1915 Die
468 1888 490 1915 v
511 1875 668 1930 i.Junii
701 1891 926 1921 Mocxmx·
958 1877 1229 1923 pontificatus
1257 1878 1396 1923 Nostri

336 1933 470 1993 „Anno
492 1936 678 1979 octavo..-

692 2054 732 2125 J·
750 2054 794 2096 Ρ.
820 2052 1053 2100 CardInalis
1068 2055 1248 2101 Albanus
1260 2064 1278 2098 .·

348 2155 354 2161 ’
403 2168 503 2214 Aut.
520 2143 560 2210 iar
580 2168 700 2214 Arch.
718 2172 864 2213 secret.
878 2172 1134 2232 Bra-Apes).
1149 2177 1245 2233 Reg.
1262 2175 1390 2235 Metfi

459 2227 513 2277 ῤ’
534 2229 643 2273 Anni
658 2229 790 2286 praed.
810 2229 894 2293 fol.
912 2243 1011 2282 255.

343 2367 690 2384 mu--u-——ud
694 2370 1383 2392 m1—--u—-u———q

346 2462 486 2516 Idem
517 2464 638 2514 circa
666 2464 769 2517 vasa
800 2470 1035 2538 Argentea
1062 2471 1155 2523 ὅτε.
1186 2474 1212 2523 ἃ
1240 2477 1394 2526 Maria

415 2540 555 2586 Anna
588 2534 919 2605 Hispaniarum
955 2544 1134 2612 Regina
1171 2542 1269 2594 usui
1307 2550 1393 2596 Ec-

419 2603 563 2655 clefiae
598 2605 779 2656 Domfis
818 2609 1139 2666 Urbinatenfis
1181 2615 1393 2667 donata„

409 2674 623 2746 prohibet
650 2675 699 2730 ὃ(
733 2680 968 2748 praecipit.

343 2808 869 2861 CLEMENS
945 2812 1217 2867 PAPA
1294 2820 1390 2872 XI.

547 2934 614 2980 Ad
626 2930 824 2992 futuram
846 2939 910 2982 rei
932 2942 1184 2988 memoriam.

461 3053 557 3095 ΠΜ
577 3079 591 3100 ‚
617 3050 714 3096 ficut
745 3055 884 3098 dilecti
913 3057 1278 3105 FiliiGuardianus
1304 3093 1319 3117 ,
1351 3067 1390 3111 δε

479 3113 637 3154 Fratres
663 3115 901 3159 Conventus
944 3120 1111 3163 Ordinis
1143 3124 1386 3169 Minorum..

336 3171 376 3235 S·v
396 3170 597 3214 Francisci
616 3173 919 3227 Capucinorum
935 3189 1265 3236 nuncupatorum
1283 3211 1296 3234 ,
1311 3184 1389 3225 Ci-

336 3229 476 3271 vitatis
499 3229 641 3273 nostrae
662 3229 897 3289 Urbinaten,
924 3238 1055 3280 Nobis
1082 3253 1212 3295 nuper
1239 3243 1387 3297 exponi

337 3285 561 3339 fecerunt,
594 3290 830 3335 Chariffima
866 3295 905 3336 in
934 3297 1099 3340 Christo
1127 3299 1230 3343 Filia
1254 3301 1387 3344 nostra

337 3348 466 3390 Maria
494 3350 610 3392 Anna
634 3378 647 3400 ‚
665 3350 945 3408 Hispaniarum
967 3357 1123 3412 Regina
1162 3359 1386 3405 Catholica

335 3405 471 3450 Vidua
496 3435 510 3458 ‚
545 3406 731 3452 Calicem
759 3422 996 3467 argenteum
1023 3441 1036 3463 a
1069 3418 1109 3460 δε
1135 3419 1382 3474 quamdam„

339 3465 543 3516 Sphaeram
562 3495 576 3517 ,
606 3466 670 3511 seu
686 3469 957 3514 Ostensorium
974 3473 1116 3517 itidem
1131 3488 1389 3532 argenteum,

340 3535 413 3579 pro
439 3538 595 3579 expone
609 3527 689 3569 ndo
717 3527 900 3573 fidelium
929 3532 1158 3578 adorationi
1182 3537 1385 3580 83ηὲὶῖῆῖ-

339 3594 411 3626 mo
434 3585 688 3632 Eucharistiae
724 3593 990 3636 sacramento
1017 3621 1031 3646 ,
1063 3608 1142 3638 nec
1167 3609 1246 3639 non
1274 3597 1385 3642 alia..

1107 217 1372 306 Prov
1391 219 1490 304 in
1509 221 1592 303 ci
1610 230 1672 314 a

1447 343 1700 391 ,paramenta
1729 362 1742 384 2
1772 334 1811 375 δι
1839 340 2073 378 ornamenta
2096 362 2110 385 ,
2141 335 2212 378 seu
2238 333 2497 391 supelleetiiia

1463 393 1570 438 sacra
1596 393 1788 437 ad‘ufum
1818 393 2001 437 Eccletiae
2026 394 2122 435 dieti
2156 392 2397 437 Conventus
2425 396 2500 439 do-

1441 454 1619 500 ‚naverit
1645 466 1661 507 ;
1694 451 1763 510 ipfi
1798 453 1896 494 vero
1915 455 2180 509 Exponentes
2211 453 2373 498 illorum
2401 469 2500 503 con-

1461 512 1678 557 servationi
1693 539 1706 561 ‚
1738 514 1775 554 &
1798 513 2087 556 manutenfioni
2106 513 2353 571 opportune,
2370 511 2391 556 ἃ
2411 516 2499 555 No-

1461 574 1520 617 bis
1549 573 1703 615 consuli
1744 570 1969 627 plurimum
1997 571 2231 623 desiderent
2256 602 2268 614 .
2316 576 2402 615 Nos
2429 585 2501 614 eo-

1462 633 1647 676 rumdem
1666 630 1968 686 Exponentium
1996 633 2099 674 votis
2112 658 2127 680 o
2160 634 2233 675 hac
2249 633 2287 674 in
2302 646 2362 683 re,
2376 645 2503 688 quan-

1461 702 1549 735 tum
1586 705 1676 733 cum
1714 690 1892 731 Domino
1933 686 2130 744 possumus
2158 722 2173 745 ,
2219 691 2500 734 favorabiliter

1462 763 1642 795 annuere
1669 749 1855 791 volentes
1874 777 1886 799 ,
1916 749 1957 790 δε
1983 762 2126 808 eorum
2157 751 2378 808 singulares
2403 763 2504 806 per-

1461 809 1600 862 sonas,
1632 808 1654 853 ἃ
1679 806 1881 865 quibusvis
1910 811 2343 852 excommunicationis
2371 839 2384 861 ,
2420 807 2501 850 sus-

1458 868 1690 927 pensionis,
1721 868 2018 919 &inter-dieti,
2050 868 2215 925 aliisque
2248 868 2497 913 Ecclefiasti-

1459 929 1516 971 cis
1546 928 1757 972 sententiis
1785 955 1799 976 ,
1846 926 2022 979 censuris
2052 954 2067 976 a
2098 929 2138 969 &
2169 928 2297 984 poenis
2330 932 2350 971 ἐ
2379 927 2466 985 jure
2485 952 2501 975 ,

1459 987 1527 1031 vel
1553 990 1600 1031 ab
1615 988 1806 1038 homine,
1831 986 1973 1044 quavis
2002 986 2214 1029 occaslone
2241 1014 2256 1038 ‚
2287 987 2355 1029 vel
2383 984 2498 1028 causa

1460 1047 1551 1091 latis
1570 1076 1584 1099 ,
1613 1046 1638 1088 fi
1667 1046 1809 1102 quibus
1832 1045 2147 1103 quomodolibet
2186 1044 2382 1087 innodarat
2408 1045 2497 1088 exi-

1465 1107 1597 1158 stunt,
1629 1105 1677 1149 ad
1703 1105 1884 1148 effectum
1901 1103 2158 1160 praesentium
2173 1104 2386 1147 dumtaxat
2401 1117 2500 1145 con-

1463 1164 1739 1222 sequendum,
1771 1166 1914 1207 harum
1935 1162 2037 1206 serie
2061 1165 2347 1209 absolventes,
2378 1163 2502 1205 &ab-

1462 1224 1611 1269 squtas
1637 1222 1726 1267 fore
1752 1222 1968 1267 censentes
1987 1251 2001 1273 ‚
2027 1221 2384 1280 supplicationibus
2428 1234 2501 1267 ea-

1462 1299 1552 1329 rum
1579 1284 1740 1326 nomine
1758 1283 1886 1327 Nobis
1915 1281 2034 1338 super
2064 1284 2140 1326 hoc
2169 1283 2379 1324 humiliter
2404 1294 2502 1336 por-

1461 1345 1580 1387 restis
1608 1342 1820 1394 inclinati,
1853 1355 1904 1384 ne
1923 1340 1977 1385 de
1993 1353 2142 1385 caetero
2159 1341 2368 1399 quisquam
2384 1369 2397 1391 ,
2420 1339 2500 1381 five

1459 1402 1687 1455 saecularis,
1719 1401 1798 1444 five
1835 1400 2033 1456 regularis
2061 1429 2076 1452 2
2107 1403 2231 1443 etiam
2257 1402 2396 1453 quavis
2425 1412 2503 1440 au-

1456 1463 1677 1514 ctoritate,
1707 1460 1989 1517 superioritate
2009 1487 2023 1511 ,
2054 1460 2119 1503 vel
2138 1458 2285 1502 officio
2300 1459 2498 1515 fungens,

1452 1523 1667 1572 Calicem,
1697 1522 1737 1564 &
1763 1518 2041 1563 Ostensorium
2056 1532 2292 1574 argenteum
2310 1548 2324 1568 ,
2357 1532 2410 1568 ac,
2432 1530 2498 1572 pa·-

1452 1591 1639 1626 ramenta
1666 1610 1681 1631 2
1725 1581 1762 1622 &
1793 1589 2064 1630 ornamenta,
2098 1578 2164 1621 seu
2194 1575 2496 1634 supellectilia>

1446 1641 1687 1693 sacra‚dic'tae
1705 1638 1891 1683 Ecclesiae
1912 1652 1984 1695 per
1999 1636 2205 1694 praesatam
2224 1637 2394 1680 Mariam
2410 1638 2494 1678 An·-

1453 1715 1545 1746 nam
1574 1701 1806 1754 Reginam,
1838 1698 1935 1741 ficut
1975 1698 2278 1754 praemittitur.‚
2319 1695 2501 1746 donata,

1456 1758 1657 1818 quibusvis
1692 1758 1779 1801 aliis
1809 1755 2028 1809 Ecclefiis,
2062 1756 2350 1807 Monasteriis‚
2382 1757 2500 1814 Cont-

1456 1819 1646 1863 ventibus
1670 1848 1686 1869 ,
1720 1816 1785 1860 seu
1815 1816 1916 1860 locis
1943 1818 2017 1873 piis
2047 1845 2060 1868 ‚
2103 1817 2168 1860 vel
2196 1814 2375 1872 personis
2411 1813 2504 1869 qui·
2558 1846 2561 1850 .

1456 1877 1703 1933 buscumque
1717 1876 2010 1927 commodare,
2041 1886 2110 1919 aut
2140 1875 2206 1918 sub
2225 1875 2371 1933 quovis
2395 1884 2501 1930 quae-

1456 1938 1531 1983 fito
1554 1936 1724 1987 colore,
1743 1936 1907 1991 ingenio
1933 1964 1947 1987 ,
1980 1945 2182 1993 praetextu
2207 1961 2222 1983 a
2253 1934 2368 1978 causa
2393 1962 2406 1984 ,
2439 1944 2507 1974 ra·

1453 1999 1571 2043 tione
1594 2022 1610 2049 2
1655 1996 1722 2041 vel
1743 1995 1959 2038 occasione
1987 2009 2037 2037 ex
2066 1995 2246 2038 Ecclesia
2276 2024 2290 2045 ,
2322 1994 2363 2033 &
2387 1994 2503 2033 Con-

1452 2066 1577 2100 ventu
1602 2054 1828 2111 praedictis,
1861 2053 1929 2098 seu
1953 2053 2118 2098 illorum
2143 2052 2331 2097 sacristia
2358 2061 2501 2094 extra-

1450 2118 1555 2162 here
1575 2145 1590 2167 ,
1620 2117 1660 2157 &
1684 2112 1918 2171 asportare,
1951 2113 2045 2162 seu,
2074 2121 2116 2157 ut
2141 2109 2459 2155 commodentur
2481 2138 2498 2160 ,

1451 2186 1520 2219 aut
1533 2175 1826 2223 extrahantur,
1860 2173 2207 2228 &asper-rentur,
2238 2170 2495 2228 permittere,

1450 2244 1522 2278 aut
1537 2233 1770 2276 consentire
1799 2233 1949 2275 audeat
1974 2235 2120 2288 quovis
2138 2232 2287 2284 modo,
2320 2232 2384 2271 seu
2403 2241 2503 2283 prae-

1452 2296 1602 2345 fumat,
1619 2291 1687 2335 sub
1703 2291 2135 2334 excommunicationis
2163 2291 2252 2335 latae
2278 2290 2501 2336 sententia,
2557 2317 2558 2320 ,

1454 2351 1665 2409 &quoad
1690 2349 1920 2406 Regulares
1961 2351 2086 2392 etiam
2117 2350 2354 2407 privationis
2385 2347 2500 2390 vocis

1455 2413 1621 2460 affivae,
1651 2411 1692 2451 &
1708 2409 1860 2464 paffivae
1872 2411 2005 2466 poenis
2024 2438 2041 2460 a.
2055 2423 2127 2466 per
2151 2407 2496 2451 contrafacientes

1457 2471 1543 2529 ipsi)
1562 2469 1667 2511 facio
1686 2468 1840 2523 absque
1872 2471 1949 2511 alia
1973 2469 2254 2512 declaratione
2284 2469 2499 2512 incurren-

1453 2531 1545 2580 dis,
1577 2526 1811 2582 Apostolica
1839 2527 2124 2574 Aue‘toritate,
2155 2538 2300 2570 tenore
2327 2527 2498 2584 praesen-

1455 2591 1589 2639 tium,
1624 2586 1911 2629 interdicimus
1938 2615 1952 2638 ‚
1992 2588 2032 2627 &
2069 2586 2364 2642 probibemus.
2400 2588 2495 2626 Non

1451 2647 1704 2692 obstantibus
1732 2646 2084 2689 constitutionibus
2113 2675 2126 2699 ‚
2157 2647 2197 2686 &
2226 2642 2497 2702 ordinationi-

1454 2711 1526 2752 bus
1561 2703 1808 2761 Apostolicis
1836 2733 1851 2756 ‚
1893 2704 2121 2761 ceterisque
2149 2703 2366 2748 contrariis
2409 2701 2500 2758 qui-

1443 2767 1703 2820 ·buscumque
1727 2794 1738 2805 .
1775 2764 1973 2807 Volumus
2005 2775 2141 2807 autem
2167 2793 2181 2814 ‚
2216 2774 2260 2806 ut
2290 2760 2497 2815 praesentis

1453 2823 1743 2885 prohibitionis
1779 2823 2011 2880 exemplum
2038 2825 2080 2865 in
2114 2823 2244 2868 valvis
2273 2821 2388 2864 dietae
2418 2821 2496 2861 Ec-

1451 2887 1581 2929 clesiae
1599 2913 1613 2936 ,
1628 2881 1696 2926 seu
1720 2883 1825 2926 illius
1842 2883 2033 2926 Sacristiae
2048 2912 2061 2934 ,
2095 2893 2163 2926 aut
2179 2882 2260 2924 alio
2275 2881 2365 2924 loco
2381 2877 2496 2920 cons-

1452 2946 1606 3003 picum,
1639 2943 1773 2986 ubiab
1797 2943 1983 2986 omnibus
2010 2943 2153 2994 cerni,
2183 2941 2326 2997 &legi
2356 2936 2486 2996 potiit,

1453 3004 1615 3052 affixum
1631 3001 1780 3044 assidue
1796 3012 2030 3045 remaneat.
2065 3004 2215 3044 Datum
2235 3003 2371 3043 Romae
2386 2994 2491 3051 apud

1453 3065 1496 3107 S.
1530 3065 1701 3108 Petrum
1742 3060 1809 3103 sub
1841 3061 2009 3104 Annulo
2038 3061 2250 3104 piscatoris
2290 3060 2370 3100 Die
2396 3068 2493 3097 xix.

1451 3123 1551 3170 Maii
1602 3135 1829 3166 moccrrt.
1878 3119 2143 3166 Pontificatus
2192 3117 2327 3163 Nostri
2374 3117 2492 3159 Anno

1448 3194 1605 3230 tertio.

2056 3302 2102 3345 F.
2133 3292 2339 3366 Qliverius
2353 3321 2365 3336 .

1509 3417 1869 3523 Brzagformatum
1891 3421 1935 3463 in
1951 3417 2121 3463 Archivo
2138 3416 2354 3460 conventas
2377 3419 2484 3468 prae-

1594 3492 1608 3520 ι
1650 3483 1694 3522 ι’.
