2762 4030
1163 184 1621 275 Romana.

2311 227 2424 306 77

331 300 409 355 fit,
437 300 634 350 continue
650 300 766 346 affixa
783 300 996 339 remaneat
1014 324 1025 337 .
1063 297 1218 343 Datum
1234 305 1377 346 Romae
1438 303 1626 360 praedifta
1641 299 1992 360 sedeapostolica
2007 315 2149 363 petere
2164 311 2373 356 ullatenus
2391 317 2481 370 pos-

329 361 436 419 apud
464 370 505 409 S.
518 362 689 407 Mariam
717 353 923 411 Maiorem
949 353 1020 398 sub
1044 357 1212 403 Annulo
1241 362 1376 406 Pisca—

328 424 458 475 toris,
485 423 566 466 Die
586 414 775 485 rujunfi
794 428 963 458 tancti.
991 415 1263 464 Pontificatus
1280 424 1369 465 No·

325 482 393 527 ssri
409 485 532 528 Anno
556 481 732 537 septimo
751 504 766 517 .

859 596 920 638 Μ.
937 596 990 637 Α.
1008 594 1225 639 Maraldus
1240 625 1253 639 .

382 722 482 764 Aut.
518 718 563 758 in
580 714 753 759 Archino
786 716 934 757 secret.
966 719 1085 756 Brev.
1111 714 1246 774 qusl.
1275 717 1371 772 Reg.

438 774 574 834 mensis
594 804 610 829 ,
635 774 690 826 ά·
712 777 810 818 anni
830 774 963 830 praed.
978 774 1062 834 sol.
1077 776 1179 830 480.

1257 917 1373 934 —

317 1031 473 1082 Situm
499 1047 554 1079 ex
580 1031 742 1081 Horto
761 1025 948 1078 Domus
979 1026 1036 1078 de
1064 1027 1200 1085 Urbe
1218 1064 1234 1092 ,
1263 1047 1372 1081 con·

388 1103 525 1170 tiguo
558 1102 648 1150 PP.
667 1095 1033 1150 Observantium
1063 1100 1123 1151 ad
1160 1105 1208 1153 S.
1227 1099 1372 1152 Ifido-

387 1190 496 1223 rum
526 1170 798 1222 Conventui
827 1169 1052 1230 concedi,
1092 1170 1175 1223 suo
1206 1171 1253 1223 in
1281 1174 1370 1224 Al.

385 1261 463 1294 ma
479 1240 615 1298 Urbe
634 1241 828 1292 Vicario
840 1243 1064 1292 Generali
1084 1245 1342 1296 committit
1354 1281 1368 1297 .

319 1373 359 1415 Α
385 1380 533 1429 tergo.
566 1370 726 1414 DnebJo
755 1371 863 1427 Filio
887 1372 1016 1430 nostro
1044 1372 1090 1415 in
1104 1375 1228 1418 Alma
1263 1373 1368 1419 Urbe

465 1432 620 1476 Vicat-to
640 1433 685 1474 in
701 1432 992 1487 spiritualibus
1008 1433 1199 1478 Generali
1208 1461 1220 1474 .

314 1552 956 1607 INNOCENTIUS
1026 1556 1231 1605 PAPA
1299 1556 1369 1605 X.

393 1669 553 1717 DileHc
583 1670 673 1714 Fili
705 1669 922 1724 salutem,
945 1671 996 1719 {5
1026 1671 1289 1730 Apostolicam

667 1727 1002 1773 Beneaefi'ionem.

463 1847 616 1890 Omine
633 1845 879 1891 Conventus
895 1849 1091 1892 Fratrum
1106 1849 1264 1895 Domus
1280 1853 1367 1896 Re-

479 1906 631 1962 gelaris
656 1906 826 1950 Ordinis
843 1909 1052 1953 Minorum
1081 1912 1216 1953 Sancti
1235 1913 1364 1955 Fran·

312 1965 409 2011 cisci
423 1965 734 2021 Capucinorum
749 1979 1081 2024 nuncupatorum
1104 1969 1159 2013 de
1189 1971 1361 2018 Urbe...

311 2025 448 2072 Nobis
484 2038 613 2082 nuper
638 2038 714 2082 per
739 2025 944 2069 Dilectum
979 2028 1129 2071 Filium
1161 2030 1364 2074 Procura-

312 2096 447 2130 torem
474 2085 729 2128 Generalem
752 2084 935 2143 ejusdem
949 2087 1119 2132 Ordinis
1135 2089 1363 2145 expolitum

312 2142 522 2203 fuit,quod
535 2141 587 2186 ad
601 2146 929 2201 componendam
946 2147 1066 2190 litem
1083 2149 1362 2193 interFratres

311 2204 411 2249 dieti
435 2200 680 2247 Conventus
709 2217 763 2247 ex
787 2218 864 2247 una
882 2233 897 2257 ,
929 2220 977 2249 ac
994 2206 1181 2250 Dilectus
1207 2209 1367 2264 pariter

310 2264 444 2308 Filios
482 2265 650 2306 Fratres
692 2263 791 2306 dieti
825 2263 994 2307 Ordinis
1020 2265 1229 2309 Minorum
1257 2265 1367 2325 ejus-

311 2322 407 2365 dem
433 2317 700 2365 &francisci
726 2322 780 2364 de
803 2322 1080 2366 Observantia
1109 2335 1366 2380 nuncupato-

310 2394 421 2431 rum,
438 2380 590 2422 Domus
605 2378 828 2435 Regularis
852 2379 1040 2423 §.Isidori
1053 2380 1108 2423 de
1120 2380 1268 2425 eadem
1281 2386 1369 2427 Ur-

309 2440 364 2482 be
381 2467 396 2490 ‚
410 2437 657 2493 primodictae
674 2436 833 2481 Domus
851 2438 1074 2494 Regularis
1090 2441 1369 2495 contiguae,ex

310 2499 445 2541 altera
461 2496 782 2552 partibus‚circa
798 2497 1016 2538 nonnullas
1032 2497 1213 2540 secundo
1233 2498 1370 2544 dicto-

310 2571 401 2600 rum
428 2556 619 2599 Fratrum
646 2553 935 2610 praetenfiones
961 2565 1229 2610 vertentem,
1263 2573 1366 2603 con-

308 2613 617 2672 fovendamque
639 2614 750 2657 inter
772 2627 848 2666 eos·
872 2613 1107 2670 religiosam
1135 2617 1367 2662 animorum

309 2673 576 2718 concordiam
590 2701 605 2724 ,
638 2672 871 2729 primodicti
890 2676 1059 2718 Fratres
1081 2676 1287 2731 Capucini
1306 2676 1367 2720 se·

308 2732 560 2778 cundodiffls
589 2732 804 2775 Fratribus
818 2731 1143 2776 observantibus
1168 2735 1363 2790 exiguum

310 2790 527 2851 quemdam
551 2791 669 2835 fitum
683 2818 698 2842 ,
722 2805 774 2835 ex
793 2791 916 2836 horto
931 2792 1182 2849 primodiRae
1205 2791 1366 2838 Domfis

311 2850 535 2906 Regularis
548 2878 564 2903 ,
590 2850 834 2907 capacitatis
845 2851 1122 2907 quadraginta
1139 2852 1362 2910 quinque..-

311 2911 481 2953 circiter
500 2922 753 2960 cannarum,
788 2908 981 2954 mensurae
1007 2912 1226 2961 Romana,
1253 2911 1366 2956 valo-

314 2971 367 3014 ris
401 2967 580 3011 aestimati
616 2965 827 3010 {catorum
864 2969 1038 3013 duorum
1068 2982 1144 3025 pro
1181 2970 1364 3026 qualibet

312 3042 440 3073 canna
470 3027 641 3068 circiter
666 3026 791 3082 gratis
816 3025 945 3076 dare,
974 3029 1015 3070 δι
1035 3028 1268 3074 concedere
1295 3044 1368 3086 pa·

312 3090 397 3132 rati
425 3087 544 3130 sunt:
579 3084 724 3129 verum
740 3110 755 3131 a
778 3086 873 3140 quia
891 3085 932 3130 id
958 3085 1042 3129 illis
1072 3086 1247 3130 vetitum
1272 3089 1330 3132 est
1347 3117 1363 3141 ,

312 3148 466 3192 nedum
492 3160 566 3203 per
594 3143 814 3200 generales
838 3144 1167 3188 constitutiones
1189 3147 1361 3202 Apono-

309 3209 410 3251 licas
426 3232 440 3254 ,
455 3205 559 3247 bona
587 3202 770 3246 Ecclefia
798 3202 881 3245 sine
910 3202 1174 3259 beneplacito
1188 3206 1363 3262 Aposto-

310 3266 394 3310 lico
420 3261 590 3306 alienari
607 3262 901 3316 prohibentes,
936 3260 1005 3304 sed
1023 3262 1153 3305 etiam
1175 3278 1251 3320 per
1272 3266 1363 3322 spe.

311 3325 438 3368 ciales
458 3321 530 3365 fel.
546 3335 628 3364 rec.
645 3320 803 3364 Urbani
821 3323 937 3377 Papae
953 3322 1076 3364 vm.
1092 3322 1363 3368 Praedeceffo·

313 3385 371 3427 ris
388 3381 587 3432 Nostri,in
606 3378 719 3422 fimili
736 3377 870 3421 forma
887 3380 1031 3422 Brevis
1048 3379 1211 3426 litteras
1228 3410 1243 3434 ,
1272 3384 1363 3440 qui-

314 3444 387 3487 bus
416 3439 624 3485 mandavit
647 3437 900 3495 primodiois
928 3439 1137 3482 Fratribus
1164 3445 1360 3500 Cappuc-

314 3503 416 3545 cinis
428 3529 444 3552 ,
458 3515 510 3544 ne
524 3512 821 3558 quamcumque
836 3499 1040 3542 minimam
1055 3512 1169 3548 rem,
1188 3499 1257 3544 seu
1270 3516 1362 3558 par.

317 3571 404 3604 tem
431 3559 620 3611 fabricae,
644 3558 710 3602 vel
736 3556 832 3600 litus
851 3557 1101 3616 primodit‘tae
1112 3573 1255 3603 eorum
1270 3564 1361 3603 Do-

317 3617 405 3660 mus
425 3619 644 3675 Regularis
660 3646 675 3670 ,
706 3631 830 3674 quam
847 3630 1107 3675 quocumque
1133 3629 1360 3676 tempore)

316 3677 520 3730 alienari,
550 3678 617 3721 seu
633 3677 687 3720 de
703 3677 772 3720 illa
786 3677 1000 3735 disponere
1019 3676 1235 3721 voluiffent
1249 3708 1263 3732 ,
1287 3678 1358 3723 sub

317 3735 463 3793 quovis
493 3737 731 3791 imaginario
758 3738 885 3781 titulo
899 3767 914 3789 ,
940 3738 1004 3780 seu
1021 3747 1219 3793 praetextu
1235 3752 1360 3787 ,ven-

314 3793 437 3840 dendi
465 3822 481 3845 ,
521 3796 588 3839 seu
617 3795 672 3840 de
698 3795 769 3841 illa
798 3796 1063 3854 disponendi,
1097 3796 1309 3843 licentiam
1334 3797 1357 3842 a

1436 364 1553 415 sent,
1581 363 1652 405 nili
1677 364 1837 419 praeviis
1849 363 2195 422 participatione,
2220 373 2258 414 δι
2286 373 2482 415 consensu

1433 422 1597 479 majoris
1623 423 1752 478 partis
1767 420 1984 467 vocalium
2005 426 2190 480 Capituli
2214 433 2483 475 Provincialis

1431 483 1628 525 Provinc.
1643 482 1768 524 Rom.
1791 480 2033 526 corumdem
2060 486 2139 525 FF.
2156 489 2481 547 Capucinorum3

1434 540 1676 597 Capitulum
1692 552 1827 586 autem
1844 540 2103 584 provinciale
2119 543 2359 601 hujusmodi,
2374 566 2481 594 non-

1433 598 1503 640 ulfi
1530 598 1614 655 post
1638 601 1825 655 proxime
1861 598 2046 643 futurum
2081 602 2242 644 Festum
2270 608 2479 654 paschatis

1435 657 1767 704 Resurrectionis
1790 661 2018 703 Dominicae
2038 660 2318 706 celebrabitur
2334 694 2349 716 ,
2376 668 2480 723 ejus-

1434 729 1518 774 que
1545 717 1777 762 celebratio
1797 719 1850 763 ad
1878 717 2064 762 effectum
2087 718 2372 777 praemissorum
2399 726 2480 771 fine

1443 777 1602 836 negotii
1629 778 1832 834 praesentis
1863 778 2105 836 praejudicio
2135 783 2337 836 expectari
2367 785 2485 828 mini-

1439 838 1506 880 me
1532 837 1688 894 potest.
1719 840 1852 881 Nobis
1879 849 2074 896 proptera
2101 839 2210 882 idem
2234 842 2483 887 Procurator

1435 895 1658 941 Generalis
1687 897 1904 942 humiliter
1928 897 2144 954 supplicari
2172 897 2273 942 fecit
2291 928 2305 951 ,
2337 912 2383 942 ut
2409 903 2483 947 in..

1432 955 1634 1015 praemiffis
1659 958 1891 1013 opportune
1908 957 2132 1015 providere
2144 985 2159 1010 ,
2174 958 2231 1000 de
2247 959 2486 1016 Benignita-

1432 1029 1476 1061 te
1490 1015 1726 1074 apostolica
1740 1015 2009 1074 dignaremur
2020 1046 2031 1058 .
2048 1020 2135 1061 Nos
2150 1018 2278 1075 igitur
2294 1020 2485 1064 eumdem

1434 1081 1757 1123 Procuratorem
1771 1077 2027 1122 Generalem
2053 1076 2296 1133 specialibus
2307 1079 2386 1120 &c.
2413 1092 2488 1122 vo-

1434 1138 1572 1182 lentes
1588 1164 1604 1187 ,
1633 1135 1928 1192 &aquibusvis
1942 1138 2022 1180 διε.
2043 1137 2257 1179 censentes
2282 1136 2488 1191 hujusmo-

1431 1197 1476 1240 di
1493 1194 1857 1252 supplicationibus
1872 1195 2061 1239 inclinati
2076 1224 2092 1247 ,
2122 1195 2487 1252 circumspectioni

1433 1267 1510 1301 tuae
1533 1269 1609 1311 per
1624 1252 1842 1312 praesentes
1858 1256 2105 1312 injungimus
2121 1285 2137 1308 ,
2172 1264 2377 1314 quatenus
2390 1283 2406 1305 ,
2428 1256 2453 1299 fi
2467 1283 2483 1307 ,

1432 1318 1475 1359 &
1501 1313 1711 1373 postquam
1740 1315 1922 1367 vocatis,
1950 1316 2020 1371 qui
2057 1311 2217 1359 fuerint
2245 1315 2485 1370 evocandi,

1433 1391 1480 1419 ac
1491 1373 1693 1430 praemiffis
1707 1374 1897 1416 omnibus
1910 1403 1926 1426 ,
1946 1376 1987 1418 δι
2001 1374 2169 1430 lingulis
2182 1403 2198 1428 ,
2231 1373 2487 1433 illorumque

1430 1432 1745 1479 circumstantiis
1761 1434 1957 1478 universis
1971 1461 1987 1486 ,
2010 1436 2121 1491 prius
2138 1447 2275 1478 coram
2306 1435 2371 1478 Te
2395 1434 2489 1491 spe·

1431 1492 1602 1540 cificatis
1616 1522 1634 1544 ,
1664 1491 1719 1536 de
1734 1495 1913 1549 gratuita
1941 1493 2197 1538 concessione
2222 1491 2319 1536 litiis
2349 1493 2489 1552 hujus-

1433 1551 1545 1599 modi
1572 1580 1588 1604 ,
1617 1566 1692 1609 per
1719 1551 1886 1597 eosdem
1912 1553 2175 1607 primodicms
2205 1554 2373 1596 Fratres
2404 1557 2489 1597 Ca·

1429 1613 1602 1671 pucinos
1637 1611 1937 1659 secundodiCtis
1968 1612 2184 1656 Fratribus
2217 1611 2489 1656 Observanti-

1429 1674 1505 1718 bus
1520 1669 1751 1725 hujusmodi
1766 1668 1953 1715 facienda
1971 1699 1986 1723 ,
2017 1681 2061 1715 ut
2074 1668 2318 1728 praefertur,
2350 1672 2489 1728 quod-

1426 1746 1511 1790 que
1527 1730 1597 1775 illa
1611 1759 1627 1783 ,
1642 1729 1666 1772 st
1679 1727 1768 1781 fiat,
1783 1730 1822 1772 in
1837 1729 2078 1774 evidentem
2096 1729 2310 1787 utriusque
2327 1728 2487 1774 Domus

1428 1790 1651 1847 Regularis
1670 1789 1869 1845 praedit‘tae
1886 1790 2041 1834 cessura
2066 1790 2112 1833 fit
2123 1789 2489 1844 commoditatem,

1429 1851 1527 1895 Tibi
1543 1849 1732 1906 legitimi:
1756 1848 1989 1893 constiterit
2002 1881 2019 1902 ,
2036 1849 2157 1906 super
2173 1865 2256 1907 quo
2271 1849 2488 1893 conscien-

1429 1911 1532 1955 tiam
1547 1918 1660 1954 tuam
1681 1923 1901 1955 oneramus
1915 1938 1930 1962 ,
1961 1910 2211 1967 primodictae
2226 1907 2387 1953 Domus
2398 1910 2491 1953 Rea

1426 1969 1579 2028 gularis
1611 1969 1825 2013 Fratribus
1852 1971 2075 2026 Capucinis
2091 1968 2302 2017 fitum2ex
2335 1982 2487 2012 eorum

1425 2033 1550 2074 horto
1575 2027 1809 2084 praedie‘tum
1825 2057 1839 2080 ,
1853 2029 2153 2072 secundodietis
2167 2028 2379 2073 Fratribus
2396 2029 2489 2072 Ob-

1425 2088 1679 2133 servantibus
1692 2115 1705 2138 ,
1722 2085 1876 2130 Domus
1893 2091 1936 2130 S.
1953 2087 2096 2131 Ilidori
2113 2087 2372 2144 hujusmodi,
2391 2101 2487 2143 gra-

1428 2148 1483 2193 tis
1521 2146 1781 2190 concedendi
1806 2145 2020 2188 licentiam
2038 2175 2053 2197 ,
2081 2145 2308 2188 dummodo
2333 2156 2374 2188 ta
2388 2158 2487 2188 men

1429 2203 1638 2264 expressus
1662 2234 1677 2258 ,
1703 2207 1744 2248 &
1771 2204 1944 2261 praevius
1969 2202 2022 2246 ad
2047 2205 2125 2247 hoc
2152 2204 2400 2248 dilectorum
2433 2203 2486 2246 fi-

1432 2268 1583 2310 liorum
1600 2264 1772 2308 Minissri
1788 2262 2087 2315 Provincialis,
2109 2263 2150 2305 δι
2163 2273 2342 2320 quatuor
2361 2262 2485 2306 Diffi·

1432 2326 1612 2368 nitorum
1624 2322 1932 2379 Capucinorum
1948 2320 2064 2364 dieta:
2079 2323 2307 2365 Provinciae
2325 2324 2483 2365 Roma-

1431 2397 1490 2426 nae
1513 2381 1685 2425 accedat
1715 2381 1914 2428 asseusus,
1938 2381 2202 2424 Auctoritate
2219 2382 2352 2424 nostra
2370 2384 2484 2437 Apo-

1429 2442 1569 2484 stolica
1597 2439 1799 2483 concedas
1826 2467 1838 2479 .
1879 2441 1974 2482 Non
2005 2438 2257 2483 obstantibus
2282 2440 2481 2497 praediffis

1428 2499 1527 2542 dieti
1545 2499 1710 2542 Urbani
1734 2496 1870 2541 literis
1891 2525 1907 2550 ,
1935 2511 2022 2541 rec.
2036 2512 2161 2542 mem.
2191 2499 2310 2543 Pauli
2325 2502 2410 2552 11.,
2439 2503 2482 2542 &

1428 2559 1606 2603 aliorum
1622 2559 1904 2602 Romanorum
1921 2556 2171 2600 Pontificum
2195 2558 2481 2614 praedictorum

1426 2618 1483 2661 de
1509 2618 1635 2661 rebus
1652 2617 1846 2660 Ecclefiae
1862 2628 1943 2658 non
1967 2615 2194 2659 alienandis
2211 2645 2226 2668 ,
2255 2615 2479 2670 aliisque-a

1427 2675 1803 2720 Constitutionibus
1819 2700 1834 2724 ,
1863 2674 1903 2714 8:
1925 2672 2270 2717 Ordinationibus
2296 2675 2479 2728 Aposto-

1425 2734 1514 2777 licis
1529 2761 1545 2785 ,
1571 2747 1619 2775 ac
1635 2760 1651 2784 ,
1663 2741 1866 2788 quatenus
1880 2744 1982 2786 opus
1999 2729 2047 2773 lit
2060 2760 2076 2781 ,
2093 2731 2260 2775 Ordinis
2275 2759 2289 2783 ,
2317 2734 2355 2774 &
2387 2735 2477 2775 Do-

1424 2805 1585 2835 morum
1620 2789 1893 2846 Regularium
1931 2788 2198 2845 hujusmodi,
2238 2791 2365 2833 etiam
2391 2793 2472 2834 &c-

1427 2848 1789 2894 consuetudinibus
1814 2876 1830 2900 ,
1861 2846 2101 2905 caeterisque
2131 2850 2355 2893 contrariis
2380 2851 2475 2906 qui·

1427 2907 1662 2966 buscunque
1686 2937 1698 2949 .
1732 2909 1889 2950 Datum
1918 2908 2061 2951 Romae
2089 2909 2197 2963 apud
2229 2913 2271 2953 S.
2297 2910 2470 2953 Mariam

1425 2968 1629 3025 Maiorem
1643 2968 1711 3011 sub
1726 2964 1896 3008 Annulo
1908 2965 2128 3009 Piscatoris
2141 2994 2155 3017 ,
2177 2966 2256 3011 Die
2268 2970 2472 3025 x.Janua·

1425 3028 1476 3072 rii
1491 3041 1670 3073 nocui.
1686 3021 1956 3069 Pontificatus
1974 3023 2114 3069 Nostri
2129 3026 2253 3068 Anno
2264 3027 2409 3070 octavo
2425 3054 2439 3067 .

1961 3145 2022 3188 M.
2036 3144 2091 3186 A.
2106 3142 2319 3188 Maraldus
2336 3172 2347 3184 .

1482 3267 1583 3309 Aut.
1614 3266 1660 3306 in
1684 3262 1861 3308 Arcbho
1887 3266 2034 3307 secret.
2057 3267 2175 3306 Brea.
2199 3259 2334 3319 Apost-
2370 3262 2468 3318 Reg-

1539 3323 1662 3381 mens:
1673 3351 1689 3375 ,
1721 3321 1887 3374 &anni
1902 3322 2035 3379 praed.
2053 3321 2137 3382 fil.
2167 3331 2231 3370 ¹7·

2245 3469 2461 3489 ⁸0-—

1422 3575 1600 3626 Domui
1645 3591 1789 3644 prope
1832 3576 2029 3628 Terram
2073 3569 2334 3639 Cynthiani
2383 3568 2459 3622 sex

1490 3647 1646 3697 uncias
1676 3662 1835 3713 aquae,
1862 3648 1937 3695 vel
1975 3660 2031 3692 ex
2056 3640 2285 3693 veteribus
2319 3660 2461 3709 aqua:-

1492 3715 1707 3767 duCtibus
1726 3719 1884 3768 Terrae
1915 3714 2056 3764 Nemi
2086 3715 2458 3785 congreganda,

1492 3788 1567 3839 vel
1596 3804 1655 3839 ex
1677 3789 1777 3838 aliis
1813 3787 1960 3856 magis
1992 3787 2252 3837 commodis
2302 3786 2455 3894 1⁶(ssae

2298 3867 2364 3909 eju
2386 3878 2401 3887 -
