2774 4068
379 328 664 384 appellationis
706 325 931 372 i'ntr'oduCta
956 325 1093 369 coram
1129 329 1200 369 Me
1214 355 1228 378 ,
1257 326 1416 370 hodie„-

382 387 568 442 proposui
586 387 763 430 Dubium
781 415 795 438 ,
821 392 886 431 An
902 386 1100 429 constaret
1116 385 1169 428 de
1184 385 1416 428 fideicom-

381 442 494 486 miffo
521 444 734 500 purificato
760 447 811 488 ad
840 444 1020 489 favorem
1055 446 1107 487 1).
1122 444 1315 500 Stephani
1337 457 1349 485 τ
1375 444 1415 485 &

381 502 548 545 Domini
566 505 603 546 in
617 505 803 547 omnibus
823 503 1061 548 affirmative
1090 501 1414 560 responderunt,

381 574 530 616 nempe
547 562 681 619 primo
709 564 890 607 constare
907 564 959 606 de
975 559 1323 612 Fideicommiiso,
1355 559 1416 603 se·

380 619 545 668 cundo,
574 621 683 679 quod
725 628 907 666 evenerit
943 622 1050 664 illius
1087 621 1230 673 casus,
1257 620 1413 671 tertio,

380 678 489 736 quod
506 679 701 723 evenerit
727 678 764 731 in
783 679 962 724 favorem
977 680 1228 736 Stephani,&
1243 678 1393 722 Fratris
1410 707 1422 719 .

442 739 507 780 De
522 739 839 782 Fideicommisfi
854 739 1064 782 existentia
1079 753 1160 782 non
1173 749 1419 780 controver-

385 796 548 839 tebatur
565 827 578 850 ,
606 811 682 840 nec
694 799 947 841 controverti
962 807 1124 852 poterat
1139 827 1153 849 ,
1170 797 1261 853 quia
1276 795 1418 852 aperte

384 855 573 899 Testator
591 858 629 899 in
645 853 760 911 supra
785 857 925 900 relatis
954 857 1088 898 verbis
1115 853 1416 899 fideicommis-

385 912 471 956 sum
486 915 721 965 constituit,
742 916 888 957 nedum
905 915 943 955 in
962 912 1141 958 favorem
1159 913 1416 971 Descenden-

382 973 484 1014 tium
502 1002 516 1025 ,
537 973 603 1017 sed
621 973 744 1016 etiam
772 973 1091 1016 Collateralium
1107 1001 1119 1024 ,
1141 971 1292 1014 scilicet
1319 975 1416 1013 Ber-

384 1030 545 1076 nardini
561 1032 713 1076 Fratris
728 1059 743 1081 ,
765 1033 804 1073 &
821 1030 1013 1075 Bonifacii
1030 1060 1044 1082 ,
1065 1033 1103 1073 &
1119 1030 1314 1072 Francisci
1329 1033 1415 1072 Ne·

382 1100 526 1147 potum
543 1121 556 1143 ,
580 1094 619 1133 &
635 1104 732 1133 eoru
741 1106 775 1132 m
791 1092 1011 1139 Filiorum,
1036 1092 1074 1131 &
1087 1103 1159 1144 per
1174 1089 1322 1130 lineam
1338 1102 1415 1130 ma-

382 1148 576 1192 sculinam
589 1179 599 1191 .

439 1209 564 1267 Qod
591 1216 727 1250 autem
752 1205 1071 1250 defeceritlinea
1099 1205 1310 1248 masculina
1341 1205 1412 1248 de-

380 1267 552 1309 sceniiva
570 1266 815 1319 Hieronymi
846 1264 1066 1308 Testatoris
1084 1293 1097 1315 ,
1123 1279 1240 1320 quam
1265 1263 1409 1306 effecti·

382 1341 470 1369 vam
485 1328 680 1367 Doctores
699 1324 935 1379 appellant,
968 1324 1060 1365 hinc
1081 1324 1173 1365 inde
1186 1324 1208 1367 a
1222 1323 1407 1366 Partibus

381 1382 766 1441 praesupponebatur
783 1411 797 1434 ,
819 1384 858 1423 &
872 1382 1080 1425 existentia
1096 1381 1322 1424 Alexandri
1345 1381 1409 1439 ju-

378 1444 504 1486 nioris
521 1457 597 1484 non
617 1441 694 1484 visa
706 1436 763 1482 est
779 1441 1076 1483 confiderabilis
1090 1471 1104 1492 ,
1130 1443 1222 1496 quia
1249 1441 1376 1483 statim
1394 1467 1409 1491 ,

378 1517 424 1546 ac
441 1501 649 1557 Religioni
664 1502 1144 1555 PatrumCapucinorum
1169 1499 1190 1556 (
1207 1514 1291 1556 quae
1319 1499 1407 1541 suc-

379 1559 562 1605 ceffionis
579 1562 782 1602 Bonorum
794 1586 806 1609 ,
833 1559 870 1599 &
885 1558 1162 1616 cujuscumque
1176 1557 1405 1615 acquifitio-

382 1620 473 1675 nis,
501 1627 583 1662 tam
611 1617 651 1658 in
670 1616 934 1674 particulari,
967 1621 1084 1672 quam
1111 1621 1150 1660 in
1175 1616 1408 1667 communi,

380 1679 438 1723 est
455 1675 661 1733 incapax)
687 1675 799 1734 juxta
814 1677 1097 1719 Clementinam
1125 1676 1238 1719 Exivi
1261 1679 1304 1720 de
1335 1679 1408 1717 Pa·

378 1734 503 1793 radis-⁸
517 1737 561 1777 de
577 1734 901 1794 vcrbor.stgnific.
934 1737 987 1776 Et
1002 1736 1038 1776 in
1056 1736 1186 1790 specie
1215 1737 1266 1779 de
1289 1733 1409 1777 Reli-

376 1796 496 1852 gione
508 1798 670 1837 Patrum
686 1796 989 1847 Capucinorum
1002 1804 1162 1836 cautum
1173 1794 1228 1836 est
1245 1797 1263 1837 a
1284 1798 1409 1837 Sacro

377 1853 568 1896 Concilio
584 1852 828 1895 Tridentino
843 1851 934 1909 seſs.
951 1864 989 1900 5.
1017 1855 1110 1906 Cap.
1127 1867 1163 1908 3.
1201 1853 1289 1908 Ipse
1305 1851 1409 1894 Ale-

376 1911 532 1954 xander
553 1925 703 1953 nomen
719 1910 863 1960 dedit,
891 1912 930 1951 &
946 1907 1232 1954 Profeffionem
1247 1910 1375 1953 emifit
1391 1938 1406 1960 ,

380 1969 553 2027 perinde
573 1970 629 2012 est
645 1998 658 2021 ,
682 1983 726 2011 ac
750 1968 773 2010 si
793 1970 1035 2010 naturaliter
1046 1969 1205 2012 obiisset
1219 1969 1347 2021 ,adeo
1362 1979 1404 2011 ut

376 2043 459 2071 non
475 2029 706 2081 exspectato
730 2029 842 2069 obitu
869 2037 1055 2083 apertum
1089 2028 1248 2070 dicatur
1269 2028 1404 2069 Fidei-

377 2086 622 2129 commissum
670 2085 886 2128 substitutis
904 2114 918 2135 ,
957 2088 996 2127 &
1020 2086 1168 2127 vocatis
1188 2087 1269 2141 post
1297 2086 1404 2128 illius

372 2148 626 2196 mortem,ita
644 2145 803 2187 Bart.in
818 2146 947 2186 LCum
956 2148 1064 2186 Pater
1079 2146 1115 2193 ξ.
1125 2146 1404 2188 Hereditatem

372 2203 666 2263 ilprim0,ff.de
677 2203 926 2259 Legat.2.ubi
941 2203 1405 2260 etiamBald.n.3.Abbas

376 2265 418 2305 in
434 2277 469 2305 c.
485 2264 526 2304 in
536 2262 751 2320 praestntia
765 2276 803 2304 n.
823 2265 889 2313 58.
916 2263 964 2311 ὅ
980 2265 1064 2318 fi’q.
1081 2263 1292 2318 deprobat.
1311 2267 1403 2305 Dec.

379 2321 494 2377 Consl
504 2333 599 2377 259.
614 2324 660 2370 θ’
674 2334 930 2377 419.num.1.
951 2322 1063 2365 Clar.
1076 2327 1117 2364 in
1131 2322 1171 2372 ξ.
1190 2322 1405 2370 Testamen—

374 2390 461 2423 tum
476 2381 607 2437 quaest.
621 2382 689 2422 28.
703 2392 809 2420 num.
825 2394 864 2430 4.
884 2381 1016 2438 Grasi.
1031 2382 1075 2422 de
1094 2381 1256 2424 Success'.
1271 2396 1315 2422 ex
1337 2383 1405 2423 Te-

364 2438 563 2496 stamento
576 2439 612 2487 ξ.
637 2436 915 2494 Testamentum
931 2439 1062 2494 quaest.
1081 2453 1147 2494 37.
1175 2454 1213 2481 n.
1236 2454 1268 2481 1.
1302 2443 1406 2482 Gut-

377 2501 500 2540 tiercz
525 2496 656 2552 quaest.
674 2499 815 2538 Canon.
832 2497 902 2537 lib.
916 2509 952 2537 2.
969 2502 1062 2552 Cap.
1084 2512 1116 2539 t.
1132 2512 1235 2539 num.
1260 2500 1321 2539 18.
1335 2503 1404 2548 45.

377 2567 402 2605 5
414 2570 443 2597 ι.
462 2557 599 2597 Molin.
616 2555 660 2596 de
677 2558 890 2609 Primogcn.
911 2556 1080 2614 Hispan.
1093 2559 1186 2611 Cap.
1210 2571 1270 2611 ¹3·
1285 2557 1361 2598 n.6
1364 2571 1404 2611 9.

378 2614 494 2657 Surd.
510 2613 614 2670 const
625 2626 693 2669 90.
709 2626 813 2653 num.
828 2627 866 2662 7.
897 2613 950 2664 ῤ’
966 2614 1078 2667 Confi
1095 2628 1192 2665 577.
1217 2629 1320 2656 num.
1345 2627 1404 2656 ιο.

378 2675 576 2726 Peregrin.
591 2672 635 2712 de
652 2670 946 2726 Fidcicommisi.
963 2676 1114 2714 art.28.
1132 2687 1171 2715 n.
1183 2675 1252 2728 63.
1273 2673 1405 2731 Rusti,

378 2743 479 2773 cuce.
501 2731 543 2772 in
563 2733 607 2772 L.
629 2734 724 2772 Cum
741 2734 847 2772 Avus
873 2730 942 2771 lib.
957 2741 996 2777 5.
1014 2733 1109 2788 Cap.
1124 2745 1162 2783 7.
1182 2746 1290 2774 num.
1312 2746 1346 2773 ι.
1364 2749 1402 2775 2.

380 2789 436 2838 ξφ
468 2802 529 2846 19.
560 2790 695 2844 Castil.
717 2789 865 2843 quotid.
889 2792 1025 2830 Contr.
1050 2789 1120 2831 lib.
1147 2804 1186 2845 3.
1218 2794 1311 2847 Cap.
1338 2803 1404 2832 22.

378 2861 484 2891 num.
513 2849 579 2902 83.
600 2849 640 2888 δι
669 2847 810 2891 melius
832 2861 939 2891 num.
964 2861 1032 2903 93.
1054 2861 1124 2905 94.
1143 2861 1214 2904 95.
1239 2849 1402 2905 &stqq.

378 2905 502 2962 plene
527 2906 700 2950 Hondcd.
720 2906 833 2964 Confi
839 2906 908 2948 62.
923 2920 1028 2948 num.
1051 2909 1110 2950 16.
1125 2908 1177 2957 ὠ·
1192 2909 1309 2963 stqq.
1329 2917 1404 2963 per

375 2975 451 3008 tot.
469 2965 538 3007 leb.
558 2979 594 3008 ι.
614 2965 680 3021 qui
707 2967 857 3022 Castill.
874 2967 914 3008 &
930 2966 1100 3009 Honded.
1119 2968 1338 3021 loquuntur
1350 2966 1403 3009 de

373 3022 550 3080 profetso
579 3024 617 3065 in
650 3025 723 3067 hac
754 3025 898 3067 eadem
925 3025 1145 3081 Religione
1169 3027 1402 3081 Capucino-

375 3097 466 3124 rum
481 3111 493 3134 ‚
520 3084 557 3123 &
574 3083 612 3124 in
635 3081 773 3124 iisdem
789 3084 970 3127 terminis
994 3085 1304 3142 Sancbezfitpra
1321 3087 1402 3126 De-

372 3143 619 3196 calog.part.
631 3142 790 3191 2.lib.7.
809 3147 852 3185 C.
866 3158 905 3198 3.
927 3157 966 3184 n.
983 3144 1053 3199 69.
1069 3145 1135 3198 qui
1151 3144 1253 3187 alios
1267 3158 1407 3197 quam-

379 3200 519 3256 plures
534 3201 780 3252 recensent,
805 3216 849 3243 ac
882 3203 935 3243 de
961 3203 1136 3255 veriori,
1158 3204 1198 3245 ἃ.
1220 3217 1403 3245 commu-

380 3259 498 3318 niori,
519 3258 762 3303 attestantur
780 3289 792 3310 ‚
826 3262 866 3301 δι
888 3260 1163 3305 fundamentis
1188 3263 1402 3305 contrariae

373 3315 575 3373 opinionis
591 3317 693 3360 bene
710 3319 979 3374 respondent.

432 3381 580 3434 Neque
599 3377 692 3418 huic
707 3378 887 3433 opinioni
916 3378 1152 3423 adversatur
1172 3379 1288 3437 decis-⁸
1301 3391 1399 3434 543.

367 3443 478 3490 part.
494 3445 690 3480 amuent-
722 3437 812 3492 quia
837 3436 1019 3493 loquitur
1032 3439 1072 3481 in
1091 3440 1299 3482 Societate
1314 3437 1400 3483 offi-

373 3494 525 3537 ciorum
540 3524 554 3546 ,
579 3493 856 3551 &hujusmodi
869 3498 1119 3540 Societatem
1133 3513 1214 3541 non
1227 3498 1308 3539 dici
1326 3512 1398 3540 ex-

376 3551 537 3596 tinctam
549 3555 602 3596 ob
619 3554 901 3610 profeffionem
925 3557 964 3597 in
983 3558 1202 3614 Religione
1218 3558 1397 3614 Capuci-

372 3623 512 3653 norum
530 3643 543 3664 ,
572 3615 609 3655 in
640 3613 756 3667 cujus
784 3616 908 3655 vitam
938 3616 1083 3661 tertius
1113 3617 1396 3661 Societatem„

376 3668 533 3721 inerat,
563 3672 745 3728 &dispar
759 3674 815 3715 est
830 3674 955 3721 ratio,
981 3676 1072 3730 quia
1090 3676 1162 3718 ille
1178 3705 1191 3728 ,
1213 3677 1251 3718 in
1279 3677 1393 3733 cujus

369 3740 488 3783 caput
509 3730 795 3775 societasinita
812 3733 911 3784 fuit,
937 3733 1035 3775 nihil
1051 3735 1209 3789 penitus
1225 3737 1396 3790 praestat,

362 3787 408 3828 ,ἃ
422 3788 520 3832 nihil
537 3792 576 3831 ei
598 3793 824 3846 acquiritur
838 3822 854 3846 ,
882 3794 949 3837 sed
964 3791 1092 3851 solum
1107 3795 1157 3837 ab
1170 3793 1278 3839 illius
1293 3796 1391 3847 vita,

1147 210 1734 297 ‘Provincia‘

1478 327 1518 366 &
1532 326 1647 367 obitu
1662 324 1873 381 regulatur
1883 324 2056 368 societas
2074 328 2088 376 ',
2107 333 2151 367 ut
2167 322 2289 368 duret
2304 354 2320 376 ,
2350 325 2418 371 seu
2434 325 2508 372 ex-

1479 384 1687 439 tinguatur
1701 413 1711 425 .
1747 386 1866 428 Unde
1881 386 1938 428 nil
1967 385 2110 426 mirum
2127 412 2140 435 ,
2162 384 2185 425 fi
2200 398 2274 441 per
2290 383 2510 429 Profeffio-

1477 456 1568 485 nem
1594 442 1771 499 ejusdcm
1797 457 1878 486 non
1906 444 2161 499 extinguitur
2189 444 2251 499 jus
2275 441 2505 496 sociorum,

1475 501 1566 557 quia
1579 515 1629 544 ex
1645 501 1892 544 Profeffione
1907 503 2008 545 nihil
2026 512 2269 545 immutatur
2285 529 2298 553 ,
2311 507 2432 559 quod¹
2446 501 2508 546 se—

1476 574 1546 602 cus
1573 559 1683 603 estin
1699 560 2024 603 Fideicommiffo
2041 589 2055 610 ,
2081 559 2164 616 ipse
2178 563 2289 604 enirn
2306 557 2508 604 Professus

1477 617 1580 661 bona
1597 619 1773 662 retinere
1790 633 1868 661 non
1886 621 2013 674 potest
2025 621 2078 660 ob
2096 629 2237 662 votum
2254 619 2506 676 paupertatis

1482 676 1686 728 emissum,
1718 691 1792 719 nec
1819 678 2103 720 Monasterium
2119 706 2134 728 ,
2162 680 2215 720 ob
2229 678 2508 722 omnimodam

1480 736 1791 792 incapacitatem
1806 764 1820 788 ,
1849 750 1924 778 nec
1943 736 2131 779 Haeredes
2146 737 2256 780 illius
2281 738 2330 781 ab
2343 736 2509 779 intesta-

1480 804 1524 835 to
1540 823 1555 846 ,
1580 794 1647 836 seu
1667 809 1716 836 ex
1736 795 1999 837 Testamento
2018 823 2032 846 ,
2056 809 2149 836 cum
2172 806 2282 840 extet
2300 795 2506 852 dispositio

1478 853 1887 897 Fideicommittentis
1903 882 1917 904 ,
1933 853 2039 895 unde
2056 867 2110 894 ne
2128 854 2232 896 bona
2251 856 2351 899 stent
2370 857 2409 897 in
2424 851 2501 895 suss

1475 910 1613 966 penso,
1627 912 1758 954 statim
1774 911 1859 967 post
1872 910 2178 963 Profeffionem,
2194 927 2274 955 uon
2292 911 2503 969 expeftata‘i

1476 970 1597 1012 etiam
1629 980 1762 1012 morte
1788 970 1959 1012 naturali
1977 998 1991 1021 ,
2024 970 2176 1011 dicitur
2210 967 2500 1025 purificatum-s

1479 1025 1845 1070 Fideicommiffum
1878 1028 1929 1070 ad
1960 1027 2140 1070 favorem
2177 1028 2471 1075 substitutorum
2489 1060 2503 1083 ,

1477 1096 1520 1127 ut
1550 1085 1721 1128 tradunt
1750 1085 1981 1142 supracitati
2021 1090 2214 1130 Doctores
2231 1118 2245 1140 ,
2272 1103 2356 1144 quae
2398 1090 2502 1132 ratio

1475 1145 1596 1186 cessat
1613 1145 1650 1186 in
1667 1146 1877 1187 Societate
1891 1175 1905 1198 ,
1929 1147 2021 1202 quia
2038 1160 2116 1188 non
2141 1147 2323 1190 obstante
2340 1146 2502 1191 Profes-

1472 1205 1579 1246 slone
1597 1231 1610 1253 ‚
1638 1203 1747 1246 lucra
1777 1205 2014 1247 continuant
2041 1205 2078 1246 in
2113 1204 2257 1247 eadem
2294 1209 2501 1257 Persona,

1472 1276 1554 1318 quae
1578 1263 1617 1302 in
1647 1271 1769 1317 caput
1799 1261 1972 1305 alterius
1997 1263 2201 1305 contraxit
2229 1264 2499 1316 societatem,

1472 1320 1569 1363 lic'et
1591 1317 1782 1374 ingressus
1809 1319 1934 1365 fuerit
1961 1322 2221 1377 Religionem
2249 1324 2413 1367 omnino
2440 1324 2516 1364 in-·

1469 1393 1660 1480 capacem
1673 1381 1750 1423 &c-
1784 1381 1839 1422 Et
1864 1382 1920 1424 ita
1938 1391 2107 1437 utraque
2123 1391 2241 1437 parte
2280 1380 2499 1425 informan-

1466 1449 1508 1481 te
1573 1452 1612 1480 c.
2174 1468 2177 1472 Α

1529 1561 1584 1602 Ex
1602 1559 1703 1619 Tam.
1728 1571 1762 1598 r.
1775 1566 1918 1599 recent.
1936 1559 2029 1600 Dec.
2047 1572 2091 1601 v.
2100 1566 2213 1612 part.
2229 1571 2266 1599 v.

1468 1636 1612 1648 ——-

1469 1711 1699 1803 Legatum
1717 1737 1873 1801 pium,
1899 1733 1955 1782 ab
1973 1733 2208 1802 Alphonso
2242 1735 2397 1786 Pistria
2426 1752 2514 1788 te-‘

1538 1805 1730 1862 litf’tum,
1762 1807 1806 1852 in
1836 1806 2115 1872 emptionem
2146 1805 2369 1856 librorum
2407 1825 2495 1876 pro

1539 1875 1818 1924 Bibliotheca
1832 1875 2100 1925 Ferrarienfi
2116 1912 2132 1935 ‚
2156 1896 2209 1926 ac
2244 1878 2351 1927 alias
2372 1880 2416 1934 ibn
2435 1875 2498 1927 fa*

1536 1945 1666 1994 bricae
1683 1947 2012 2014 reparationem
2033 1949 2239 1998 converti
2256 1948 2467 2017 indulget
2479 1982 2495 1997 .

1466 2077 1515 2130 U
1548 2058 1933 2130 RBANUS
2006 2079 2226 2127 PAPA
2300 2078 2491 2128 v111.

1660 2205 1728 2247 Ad
1739 2202 1932 2261 suturam
1957 2207 2017 2247 rei
2042 2207 2292 2249 memoriam.

1566 2323 1701 2378 Xponi
1719 2322 1848 2365 Nobis
1866 2335 1995 2378 nuper
2024 2320 2216 2378 fecerunt·
2233 2323 2393 2366 Dilecta
2412 2325 2487 2368 im

1588 2381 1747 2424 Christo
1775 2381 1876 2423 Filia
1903 2381 2062 2423 AEmilia
2087 2383 2247 2424 Ferrari
2277 2386 2418 2437 Uxor,
2444 2395 2492 2424 ac

1468 2441 1650 2483 Dilectus
1678 2440 1802 2481 Filius
1828 2436 2064 2482 Vincentius
2096 2441 2232 2484 Pistria
2263 2442 2497 2484 Ferrarien.

1467 2506 1582 2540 natus
1600 2527 1613 2548 ,
1639 2511 1686 2537 ac
1713 2497 1908 2539 Haeredes
1933 2499 2152 2553 respective
2177 2501 2384 2554 quondam
2414 2498 2497 2541 Al-

1466 2556 1602 2610 phonsi
1617 2556 1739 2597 etiam
1756 2555 1893 2596 Pistria
1905 2557 2132 2600 Ferrarien.
2147 2559 2253 2613 quod
2267 2558 2494 2613 alias,post,

1467 2629 1583 2670 quam
1598 2615 1723 2657 dietus
1740 2614 1994 2669 Alphonsus,
2026 2617 2064 2657 in
2079 2619 2146 2659 suo
2173 2617 2317 2658 ultimo
2333 2645 2348 2667 ,
2382 2615 2494 2672 quod

1466 2674 1669 2724 condidit,
1686 2672 1945 2715 Testamento
1960 2703 1973 2725 ,
1988 2674 2054 2717 sub
2069 2675 2181 2731 cujus
2195 2675 2493 2730 dispositione)

1467 2734 1516 2775 ab
1531 2732 1710 2774 humanis
1731 2732 1895 2774 deceffit
1907 2731 2042 2783 ,inter
2059 2732 2133 2775 alia
2151 2733 2335 2776 voluerat
2348 2761 2364 2784 ,
2379 2734 2488 2789 quod

1466 2793 1695 2847 quingentae
1719 2790 1846 2833 Librae
1871 2802 2041 2834 monetat
2066 2793 2294 2834 Ferrarien.
2333 2806 2418 2847 quae
2448 2792 2489 2835 in

1467 2855 1612 2894 Monte
1630 2851 1794 2893 Pietatis
1811 2850 2003 2893 Civitatis
2029 2851 2168 2893 nostrae
2195 2851 2422 2894 Ferrarien.
2437 2848 2490 2892 ad

1467 2908 1735 2954 suicreditum
1751 2907 1940 2964 depofitae
1954 2910 2283 2964 reperiebantur,
2298 2909 2392 2952 inibi
2403 2921 2491 2966 per·-

1464 2970 1592 3025 petuo
1609 2979 1867 3012 remanerent
1882 2997 1894 3020 ,
1927 2968 2074 3019 srut‘tus
2093 2970 2192 3012 vero
2206 2983 2258 3011 ex
2272 2970 2329 3010 eis
2345 2980 2493 3025 prove·

1464 3028 1863 3072 nientesGuardiano
1880 3029 1948 3079 ,.&
1959 3028 2165 3071 Fratribus
2179 3027 2341 3070 Ordinis
2355 3027 2490 3069 Mino-

1464 3102 1552 3130 rum
1578 3092 1618 3131 S.
1638 3087 1835 3130 Francisci
1851 3088 2151 3143 Capucinorum
2170 3095 2487 3141 nuncupatorum

1463 3147 1577 3189 dietae
1588 3146 1781 3188 Civitatis
1795 3176 1810 3197 ,
1842 3145 1974 3197 tradi,
1988 3143 2254 3201 &consignari
2267 3143 2489 3195 deberent,

1465 3205 1588 3248 iidem
1606 3205 1859 3248 Guardianus
1873 3234 1885 3257 ,
1909 3207 1948 3247 &
1963 3208 2126 3248 Fratres
2140 3232 2154 3254 ‚
2179 3201 2236 3246 uti
2260 3201 2487 3245 similium,

1464 3268 1711 3320 Legatorum
1728 3292 1742 3315 ,
1766 3263 1875 3319 juxta
1889 3263 2109 3318 Regularia
2132 3262 2227 3305 dieti
2246 3260 2413 3318 Ordinis
2428 3260 2489 3301 in·

1463 3323 1597 3366 stituta
1615 3352 1628 3375 ,
1643 3323 1872 3379 Apostolica
1885 3325 2126 3365 auctoritate
2140 3317 2375 3367 confirmata
2393 3349 2406 3370 ,
2428 3321 2489 3361 in-

1462 3396 1630 3438 capaces
1645 3411 1657 3432 ,
1683 3383 1820 3437 legato
1835 3380 2058 3437 hujusmodi
2083 3380 2132 3424 ad
2147 3377 2328 3420 favorem
2362 3378 2488 3421 AEmi—

1461 3441 1523 3484 liae
1537 3470 1550 3491 ,
1562 3443 1602 3484 &
1617 3441 1824 3483 Vincentii
1835 3441 2114 3497 praedictorum
2129 3432 2316 3492 expresse
2337 3452 2488 3480 renun-

1457 3501 1615 3543 ciarunt
1631 3528 1642 3543 0
1674 3504 1781 3544 Cum
1803 3511 1964 3547 autem,
1987 3499 2085 3539 ficut
2110 3496 2256 3538 eadem
2281 3496 2482 3551 expositio

1456 3558 1743 3614 subjungebat,
1779 3559 2027 3601 Bibliotheca
2053 3555 2165 3597 dietae
2190 3557 2341 3597 Domus
2370 3554 2480 3598 libris

1455 3617 1629 3661 maxime
1657 3617 1866 3672 indigeat,
1889 3617 1928 3657 δε
1954 3626 2197 3671 propterea,
2223 3625 2265 3655 ut
2297 3624 2380 3657 tam
2407 3615 2482 3657 hu-

1453 3676 1656 3734 jusmodi,
1684 3678 1802 3733 quam
1834 3674 1989 3717 fabricae
2007 3701 2021 3724 ,
2056 3674 2123 3717 seu
2150 3673 2237 3716 aliis
2265 3672 2482 3730 ejusdem-s

1457 3735 1612 3779 Domus
1627 3734 1920 3778 neceffitatibus
1935 3732 2199 3788 provideatur
2212 3763 2225 3785 ,
2260 3731 2483 3775 voluntati-

1454 3809 1532 3852 que
1561 3795 1657 3852 dicu
1683 3794 1874 3851 Alphonsi
1907 3793 2043 3849 aliquo
2072 3793 2194 3835 modo
2233 3790 2481 3835 satifacere,

2261 3851 2424 3894 videan-
