2762 4088
835 218 1882 315 ELENCHvs.

269 335 410 388 Festis
430 338 703 390 SanRorum
729 331 927 386 Ordinis
955 336 1202 409 Privilegia
1226 336 1314 389 suf·

266 406 397 480 fraga
404 412 439 460 ri
458 409 718 460 declaratur
734 440 748 454 .
1218 409 1283 458 ibi
1297 446 1310 459 .

340 487 538 532 Decreto
549 475 750 541 ejusdem
763 479 1060 548 S.Congreg.
1077 477 1310 540 adinstan-

269 551 355 602 tias
372 555 584 603 Fratrum
603 546 807 599 Clavafii
834 550 1089 618 Regulares
1121 550 1308 600 Mendi-

268 635 418 675 cantes
437 621 483 670 in
513 616 854 687 eleemosynis,
885 637 964 687 per
987 619 1242 680 Dioecefin,
1259 619 1310 673 ὅ(

268 697 393 745 Loca
405 726 421 750 ,
446 692 493 741 in
507 690 670 759 quibus
687 691 853 742 habent
875 694 1146 742 Conventus
1158 727 1173 750 ,
1191 709 1308 760 quae-

263 761 417 816 tendis
435 779 525 812 non
539 761 883 831 posseimpediri
902 797 918 821 ,
946 760 996 814 ὅ(
1028 778 1213 813 econtra
1244 761 1312 812 so-

263 837 365 886 lum
392 832 450 884 ad
482 835 714 884 licentiam
750 831 940 886 suorum
977 836 1280 900 superiorum
1300 870 1313 884 .

265 903 521 957 Ordinatio
545 903 845 956 exhibendam
864 942 880 965 ,
906 906 952 954 in
970 903 1076 954 casu
1104 905 1317 973 quaestua·

265 978 405 1026 tionis
421 990 550 1027 extra
565 978 667 1027 loca
685 978 1019 1028 Conventuum
1034 975 1230 1050 obligari
1240 977 1317 1027 de-

262 1050 409 1098 clarat
425 1083 439 1097 .
1223 1048 1288 1098 ibi
1302 1084 1316 1099 .

334 1118 542 1171 Parocho
559 1119 650 1168 loci
670 1120 892 1171 Carrucci
917 1121 1090 1170 ratione
1108 1118 1319 1170 Cadave-

262 1208 370 1242 rum
391 1191 700 1241 Dominorum
718 1195 963 1244 Comitum
983 1191 1038 1241 de
1057 1189 1200 1243 Costa
1216 1228 1231 1251 ‚
1259 1190 1318 1242 ad

266 1267 482 1313 Fratrum
516 1260 763 1313 Ecclesiam
791 1263 901 1314 dieii
935 1264 1046 1314 Loci
1075 1264 1317 1313 translato-

265 1351 371 1385 rum
403 1368 420 1392 ,
461 1333 688 1397 Qartam
724 1334 978 1386 funeralem
1008 1351 1100 1384 non
1134 1333 1317 1394 deberi,

265 1402 465 1455 sancitur
482 1439 496 1452 .
1197 1422 1221 1465 3
1230 1408 1317 1466 98.

334 1473 536 1544 Epistola
563 1478 611 1525 S.
639 1477 878 1546 Congreg.
902 1475 960 1526 de
987 1478 1184 1546 Propag.
1203 1477 1315 1528 Fide

265 1543 501 1599 Illustriss.
534 1545 894 1614 Archiepiscopo
918 1546 1190 1598 Taurinenfi
1215 1546 1318 1597 scri-

265 1616 376 1688 pta,
405 1635 460 1667 ne
480 1620 662 1667 Fratres
678 1616 953 1668 Miffionarii
979 1619 1100 1668 circa
1131 1617 1318 1670 faculta-

265 1704 332 1739 tes
348 1690 375 1737 ὲ
387 1688 550 1740 δαηὲὶει
565 1687 680 1739 Sede
690 1686 915 1738 conceffas
931 1689 1176 1740 turbentur
1189 1726 1205 1749 ,
1234 1708 1316 1740 nec

265 1759 325 1810 ad
352 1775 546 1809 examen
589 1776 675 1827 pro
706 1756 1076 1811 Confeffionibus
1114 1762 1162 1810 in
1204 1763 1316 1811 locis

266 1828 544 1882 Miffionum
560 1829 861 1898 excipiendis,
877 1830 933 1881 ab
950 1831 1214 1883 Ordinariis
1239 1849 1316 1882 vo·

269 1915 431 1952 centur
449 1938 464 1960 ,
482 1918 696 1959 cavetur,
1193 1921 1315 1967 400.

338 1970 583 2041 Rescripto
599 1970 797 2035 ejusdem
816 1975 863 2023 S.
879 1977 1117 2045 Congreg.
1137 1979 1316 2025 Fratres

267 2045 314 2095 in
332 2042 623 2094 Miffionibus
646 2046 924 2095 Salutiarum
943 2061 1313 2105 manuteneatur,

270 2114 320 2167 ἃ
335 2111 546 2183 praetensa
564 2114 620 2164 ab
639 2113 871 2172 Illustriss.
891 2121 952 2167 D.
973 2118 1227 2168 Ordinatio
1252 2115 1316 2168 fa-

269 2188 499 2237 cultatum
516 2202 679 2236 eorum
693 2185 952 2239 moderatio
971 2191 1196 2254 rejicitur.
1227 2208 1317 2239 cum

270 2273 393 2309 nota.
1228 2259 1315 2311 ibi.

430 2398 828 2450 PROVINCIA
865 2399 1140 2454 TUSCIAE
1155 2435 1168 2450 .

345 2542 392 2589 A
439 2541 548 2589 RR.
601 2537 811 2589 Patribus
861 2539 1016 2590 Sansti
1070 2540 1319 2612 Augustini

277 2611 434 2661 Terrae
465 2611 644 2660 Montis
673 2610 825 2662 sancii
858 2611 1015 2662 Sabini
1042 2630 1202 2663 nemus
1220 2649 1237 2672 ,
1262 2631 1319 2663 ex

273 2682 428 2748 quoin
448 2681 639 2731 hortum
657 2679 815 2732 nostrae
843 2677 1026 2732 Domus
1059 2684 1228 2735 ibidem
1246 2703 1322 2752 pa-

274 2751 402 2803 tebat
418 2749 646 2820 inspeRus
664 2788 680 2811 ,
710 2752 847 2803 vendi
868 2789 884 2811 ,
915 2751 964 2805 ἃ
982 2755 1073 2806 alio
1098 2770 1228 2805 terrae
1248 2772 1323 2821 pe·

275 2825 343 2873 tio
374 2822 399 2872 a
433 2825 786 2874 Communitate
826 2823 997 2874 ibidem
1039 2824 1319 2895 compensari

275 2894 534 2943 committit
547 2929 560 2943 .
599 2892 774 2944 SanHus
793 2893 894 2943 Pius
914 2898 976 2945 V.
1198 2913 1319 2959 404.

347 2961 601 3014 Ecclesiam
616 2968 667 3015 S.
682 2965 923 3014 Michaelis
942 2965 999 3014 de
1017 2963 1171 3016 Monte
1187 2966 1292 3035 rqffiae
1305 3000 1320 3023 ,

277 3052 420 3103 prope
432 3035 676 3103 Oppidum
690 3036 886 3085 Peccioli
902 3051 1228 3104 nuncupatum,
1244 3053 1324 3105 per

277 3105 476 3156 modum
489 3106 767 3176 Capellaniae
780 3141 795 3163 ‚
809 3105 1117 3174 Praepofiturae
1131 3110 1326 3157 S.Ame·

280 3178 379 3226 rani
394 3175 598 3240 ejusdem
633 3176 810 3244 Oppidi
842 3194 1062 3226 annexam
1090 3175 1324 3236 diffolvit'3

281 3264 383 3296 eam
399 3245 535 3297 salvis
553 3246 803 3297 redditibus
821 3245 877 3307 (si
895 3249 971 3312 qui
988 3244 1158 3308 forent)
1176 3248 1325 3297 eidem

282 3317 585 3387 Praepositure
601 3316 1127 3374 remansuris,Fratribus
1141 3317 1330 3368 concedi

286 3389 497 3459 indulget
513 3409 527 3449 ;
545 3408 598 3438 ac
618 3393 796 3437 Fratres
812 3385 992 3435 eosdem
1012 3388 1226 3438 omnibus
1241 3391 1330 3454 pri-

287 3460 381 3510 vile
417 3462 471 3509 iis
485 3454 562 3520 s&
577 3458 872 3528 indulgentiis
888 3492 903 3515 ,
922 3458 1019 3506 aliis
1038 3458 1230 3509 Ordinis
1247 3463 1332 3508 Ec-

289 3474 433 3580 clefigis
448 3530 663 3581 conceffis
679 3566 693 3587 ,
719 3527 767 3579 ὅ(
783 3527 1080 3577 concedendis
1097 3530 1140 3577 in
1156 3547 1207 3578 ea
1223 3526 1333 3587 frui,

290 3595 341 3650 ἃ
353 3601 552 3670 gaudere
565 3599 1279 3666 &c.declarat.Gregor.Xl11.40
1289 3616 1333 3661 5.

362 3672 525 3722 Altare
571 3672 774 3740 Capellae
819 3671 1144 3736 Conceptionis
1189 3674 1334 3719 Beatae

293 3739 501 3809 Virginis
525 3745 686 3793 Marioe
705 3743 749 3790 in
766 3742 871 3791 loco
887 3743 1062 3790 Montis
1081 3743 1296 3809 Ugorum
1315 3775 1331 3797 ‚

289 3825 375 3878 pro
395 3813 628 3867 Fratribus
644 3811 835 3865 Ordinis
847 3813 911 3862 ita
924 3813 1188 3882 privilegiat
1198 3846 1214 3870 ‚
1230 3828 1284 3861 ac
1297 3807 1331 3861 fi

2261 232 2360 317 lv.

1375 340 1579 392 Miffaein
1596 343 1749 394 Altari
1783 341 1910 392 Beati
1939 344 2156 414 Gregorii
2183 347 2239 399 de
2260 351 2421 406 Urbe,

1370 414 1655 474 dicerentur.
1728 413 1866 464 Idem.
2293 432 2416 484 406,

1442 483 1577 534 Idem
1605 484 1907 554 privilegium
1940 482 1999 532 ad
2038 487 2195 536 Altare
2233 496 2421 542 Annun-

1369 555 1569 604 tiationis
1583 553 1786 617 ejusdem
1805 559 1858 604 B.
1880 555 2041 604 Mariae
2056 559 2259 626 Virginis
2278 564 2322 609 in
2339 580 2414 611 no-

1369 626 1489 674 viter
1518 640 1722 691 reparata
1753 626 1942 693 Capella
1973 623 2173 687 ejusdcm
2210 633 2419 681 Eccleliae

1371 693 1582 744 transfert
1601 732 1612 745 .
1687 697 1874 748 Clemens
1896 699 2047 746 V111.
2299 718 2420 762 407.

1445 763 1808 818 Instrumentum
1841 765 2068 817 Francisci
2086 767 2276 819 Cardin.
2295 772 2422 820 Tau-

1373 834 1480 886 rufii
1494 872 1509 894 ,
1527 837 1868 906 Archiepiscopi
1888 835 2091 888 Senenfis
2109 874 2125 896 ,
2147 839 2202 887 de
2223 840 2420 890 Ecclesia

1376 912 1426 959 S.
1444 907 1618 978 AEgidii
1633 943 1649 966 ,
1679 907 1912 959 Paffitheae
1930 943 1946 967 ‚
1975 907 2023 959 ὅτ
2043 909 2325 960 Monialibus
2338 928 2421 977 pro
2445 974 2448 977 y

1376 976 1663 1029 Monasterio
1678 979 1879 1030 conceffa
1895 1014 1910 1037 ,
1934 979 1991 1028 de
2012 982 2276 1047 Capeliania
2314 984 2357 1028 in
2370 1000 2424 1030 ea

1378 1069 1485 1101 cum
1505 1047 1640 1101 Miss‘a
1658 1065 1874 1119 perpetua
1889 1049 2078 1100 fundata
2095 1070 2111 1109 3
2147 1050 2203 1100 de
2225 1055 2344 1100 Dote
2363 1054 2419 1099 ei·

1378 1122 1483 1173 dem
1494 1121 1802 1190 appropriata,
1826 1140 1877 1171 ac
1894 1122 2015 1170 illius
2031 1137 2140 1171 cum
2158 1119 2424 1189 Archipres-

1378 1194 1594 1260 byteratu
1631 1196 1796 1243 unione
1819 1190 2092 1251 confirmat,
2116 1191 2165 1244 ὃ(
2193 1194 2427 1242 Moniales

1376 1263 1456 1315 sub
1465 1262 2025 1329 jurisdiffioneOrdinarii
2052 1262 2266 1314 omnibus
2283 1264 2426 1313 Ordi-

1377 1338 1445 1385 nis
1491 1336 1741 1406 privilegiis
1783 1335 1984 1405 gaudere
2036 1334 2198 1385 debere
2253 1333 2422 1386 sancit.

1376 1405 1517 1458 Idem.
2300 1423 2423 1468 407.

1449 1476 1688 1528 Fabricam
1739 1476 2006 1527 earumdem
2060 1476 2339 1527 Monialium
2377 1479 2423 1527 in

1376 1547 1706 1601 Monasterium
1738 1546 1818 1597 sub
1845 1547 2132 1599 invocatione
2167 1549 2425 1617 S.Joannis

1379 1618 1587 1689 Baptistae
1601 1656 1617 1678 ,
1641 1638 1693 1669 ac
1711 1620 1861 1689 prima
1880 1620 2057 1690 Regula
2073 1619 2275 1669 S.Clarae
2290 1620 2423 1688 erigi3

1377 1693 1606 1742 Moniales
1625 1689 1765 1759 usque
1778 1690 1833 1740 ad
1854 1708 2093 1740 numerum
2109 1707 2192 1753 40.
2205 1688 2423 1750 admitti3

1377 1781 1428 1812 ac
1443 1762 1468 1810 a
1487 1761 1722 1812 Fratribus
1739 1761 1899 1812 nostris
1918 1798 1933 1822 ,
1963 1761 2112 1830 quoad
2138 1759 2388 1830 spiritualia
2407 1797 2425 1820 ,

1376 1832 1622 1905 gubernari
1634 1832 1846 1902 indulget
1863 1869 1875 1882 .
1914 1833 2067 1884 Paulus
2085 1837 2147 1883 V.
2302 1849 2333 1894 4
2345 1851 2363 1880 1
2381 1851 2423 1883 1.

1447 1909 1608 1956 Sacras
1633 1906 1868 1971 Reliquias
1889 1919 2020 1955 extra
2053 1901 2301 1954 Ecclesiam
2348 1921 2422 1951 ea-

1375 1975 1590 2027 rumdem
1622 1976 1903 2026 Monialium
1945 1977 2122 2026 extrahi
2159 1972 2423 2025 interdicit.

1376 2045 1491 2098 Idem
1508 2083 1520 2095 .
2329 2043 2421 2093 ibi.

1443 2115 1781 2168 Monasterium
1845 2117 2124 2166 Monialium
2168 2117 2214 2164 in
2272 2115 2422 2164 Terra

1376 2193 1424 2240 S.
1442 2192 1585 2240 Florae
1605 2188 1661 2238 ab
1684 2190 1909 2238 Eleonora
1937 2185 2112 2237 Urfina
2129 2184 2297 2236 Siortia
2316 2189 2419 2234 Du-

1377 2259 1481 2311 ciffa
1512 2261 1686 2328 Segniae
1718 2258 1808 2309 &c.
1834 2256 2077 2308 fundatum
2095 2293 2112 2315 ,
2162 2254 2242 2306 sub
2267 2260 2418 2324 prima

1383 2333 1584 2383 S.Clarae
1603 2331 1798 2399 Regula,
1818 2344 2031 2397 perpetua
2048 2325 2325 2383 clausura,&
2338 2331 2414 2390 ju-

1382 2399 1644 2452 risdifflone
1659 2398 1898 2451 Ordinarii
1924 2401 2012 2448 loci
2031 2396 2234 2455 institui3
2268 2396 2419 2446 eidem
2470 2428 2476 2432 -

1382 2475 1563 2543 legata,
1602 2469 1650 2522 ὅ(
1681 2470 1803 2520 dona
1834 2485 1931 2520 tam
1957 2467 2155 2534 ejusdem
2188 2469 2424 2518 Eleonorae

1381 2541 1577 2594 Ducisl'ae
1590 2577 1607 2600 ,
1631 2543 1769 2609 quam
1786 2541 2148 2592 Communitatis
2165 2538 2332 2588 ibidem
2348 2556 2424 2606 ap-

1379 2615 1605 2683 propriari
1625 2632 1638 2671 ;
1670 2613 1692 2659 a
1719 2611 2001 2661 Monialibus
2018 2611 2284 2659 numerariis
2302 2627 2420 2656 200.

1381 2684 1430 2736 ὅ(
1473 2685 1501 2732 a
1546 2682 1953 2749 supernumerariis
1996 2698 2116 2742 400.
2156 2677 2282 2727 scuta
2321 2695 2424 2745 pen-

1379 2755 1426 2805 di
1439 2752 1530 2804 &c.
1563 2749 1789 2820 Episcopo
1805 2750 1952 2801 Castri
1968 2749 2115 2801 Plebis
2131 2750 2391 2798 committit
2406 2782 2421 2796 .

1379 2825 1495 2875 Idem
1508 2859 1522 2873 .
2302 2837 2333 2881 4
2347 2838 2363 2868 1
2377 2837 2422 2866 2.

1450 2898 1630 2945 Partem
1656 2893 1718 2961 pii
1750 2892 1940 2961 Legati,
1969 2890 1995 2938 a
2013 2892 2088 2939 Fr.
2103 2889 2290 2958 AEgidio
2307 2890 2333 2937 a
2354 2891 2421 2939 Pi-

1380 2966 1540 3016 tiliano
1557 2961 1662 3012 faeti
1682 2998 1698 3021 ,
1727 2961 1785 3011 ad
1813 2964 1944 3025 hujus
1971 2958 2199 3009 instantias
2217 2962 2420 3015 relaxat,

1384 3035 1433 3087 ὅ(
1448 3035 1503 3085 ab
1521 3036 1642 3084 illius
1664 3048 1799 3081 onere
1819 3030 2065 3083 Haeredem
2092 3048 2336 3098 pauperem
2371 3030 2422 3076 li-

1385 3106 1516 3156 berat
1533 3141 1545 3154 .
1616 3104 1840 3171 Gregorius
1866 3106 1979 3152 XV.
2301 3115 2420 3161 414.

1455 3181 1582 3227 Duas
1626 3174 1942 3224 Domunculas
1977 3170 2210 3220 Fratribus
2242 3167 2422 3236 Oppidi

1387 3247 1540 3300 Sansti
1558 3245 1768 3312 Stephani
1783 3261 1864 3310 pro
1882 3246 2155 3293 Conventus
2168 3239 2424 3306 ampliatio·

1388 3337 1445 3368 ne
1471 3317 1647 3367 relietas
1673 3314 1833 3371 vendi,
1863 3312 1911 3363 ἃ
1942 3314 2136 3379 pretium
2171 3309 2271 3357 inde
2295 3308 2421 3357 reda-

1390 3389 1520 3439 ·stum
1538 3388 1581 3435 in
1599 3402 1727 3434 novae
1743 3382 1918 3433 fabrica:
1938 3380 2180 3431 subsidium
2210 3379 2421 3428 converti

1391 3457 1600 3509 concedit
1617 3492 1629 3505 .
1668 3455 1866 3507 Urbanus
1888 3455 2033 3502 V111.
2054 3470 2139 3498 cum
2153 3468 2271 3498 nota.
2304 3469 2363 3512 4¹
2377 3467 2423 3511 5.

1462 3530 1606 3579 Varia
1638 3524 1905 3575 Monasterii
1956 3522 2229 3570 Monialium
2271 3525 2426 3570 Terrae

1394 3598 1565 3650 SanEiae
1599 3598 1741 3646 Florae
1758 3596 1874 3645 bona
1894 3595 2040 3642 minus
2065 3588 2288 3640 fruetifera
2318 3607 2427 3639 ven-

1394 3669 1473 3727 di,
1501 3687 1553 3718 ac
1566 3685 1621 3716 ex
1639 3670 1783 3735 pretio
1799 3667 1884 3714 alia
1903 3663 2017 3712 bona
2038 3660 2208 3710 stabilia
2226 3662 2427 3710 melioris

1393 3739 1666 3788 conditionis
1683 3738 1772 3785 erni
1791 3772 1805 3793 ‚
1837 3731 2062 3802 Episcopo
2084 3734 2174 3782 loci
2193 3731 2283 3783 ἃς.
2305 3748 2429 3778 com-

1391 3811 1536 3860 mittit
1551 3844 1563 3858 .
1635 3804 1744 3857 Hem
1765 3842 1777 3854 .
2307 3808 2427 3861 416.

2227 3871 2374 3913 Eccle-
