2762 4108
349 242 521 335 292

1071 215 1628 307 Provincia

289 343 476 386 decretis
491 340 529 382 in
548 347 733 395 genere,
763 336 830 380 vel
849 336 887 379 in
903 333 1039 392 specie
1055 363 1069 386 ‚
1101 345 1169 377 aut
1187 333 1285 377 alias
1306 335 1351 376 in
1407 334 1524 386 stris,
1553 332 1699 389 quibus
1727 327 1951 386 conjugalis
1968 329 2198 375 concordiae
2218 329 2465 378 felicitatem

291 401 544 445 eontrarium
582 395 895 454 quomodolibet
934 396 1152 438 conceffis.
1184 394 1347 448 Quibus

286 461 472 504 omnibus
486 487 500 511 ‚
532 455 691 500 etiamsi
708 456 762 499 de
784 456 889 505 illis,
906 468 1133 511 eorumque
1149 456 1249 496 totis
1280 463 1347 496 te·

285 521 456 565 noribus
486 545 499 570 ‚
538 515 752 575 specifica,
784 514 990 572 expressa,
1027 515 1068 556 δι
1100 513 1343 564 individua,

283 593 364 623 non
389 588 526 622 autem
555 590 630 633 per
643 576 843 620 clausulas
869 573 1083 631 generales
1099 572 1240 625 ,idem
1265 573 1341 615 im-

284 649 499 695 portantes
528 637 687 679 mentio
707 665 722 687 ‚
756 638 824 678 seu
852 633 1006 692 quaevis
1034 632 1112 676 alia
1141 630 1342 690 expreffio

287 696 470 741 habenda
500 696 639 747 foret,
671 695 753 738 illis
779 694 879 738 alias
902 695 941 736 in
971 691 1043 736 suo
1066 693 1217 736 robore
1246 704 1342 748 per-

287 756 480 800 mansuris
498 781 512 803 ,
542 756 618 798 hac
662 754 753 797 vice
783 754 1011 804 duntaxat,
1038 753 1178 796 harum
1203 750 1308 794 serie
1326 779 1340 803 ,

286 815 520 872 specialiter
538 841 552 865 ‚
563 816 602 856 &
617 811 803 871 expresse
818 813 1064 870 derogamus
1080 840 1094 865 ,
1106 811 1340 868 ceterisque

290 874 508 918 contrariis
521 874 842 930 quibuscumque
855 903 866 914 .

345 938 501 978 Datum
515 934 657 976 Romae
675 934 781 988 apud
796 935 982 977 Sanctam
1014 930 1185 975 Mariam
1204 928 1340 987 Majo-

290 1008 383 1037 rem
406 994 475 1035 sub
499 994 668 1035 Annulo
697 991 916 1036 Piscatoris
958 991 1025 1034 die
1065 1004 1163 1033 xit.
1186 993 1339 1048 Janua-

287 1055 337 1097 rii
366 1065 585 1096 mocxvri.
618 1050 887 1096 Pontificatus
915 1050 1040 1095 nostri
1066 1063 1174 1093 anno
1209 1047 1340 1091 unde·

288 1124 400 1156 cuno
418 1142 431 1154 .
492 1145 495 1147 a

760 1229 900 1286 Scipio
926 1228 1192 1272 Cobellutius
1205 1257 1217 1271 .

345 1353 469 1394 Breve
472 1346 701 1407 formatum
716 1348 760 1390 in
785 1347 907 1391 Arch.
921 1346 1306 1405 Monialiumpraed.

284 1490 857 1506 *m———u—uv
863 1490 978 1502 -

283 1647 506 1696 Pietatem
542 1642 867 1714 Augustiffimi
902 1646 1201 1712 Imperatoris
1232 1650 1364 1705 Fer--

357 1713 544 1764 dinandi
565 1750 580 1772 ,
606 1714 754 1765 sacros
776 1718 968 1766 honores
991 1721 1066 1766 Fr.
1086 1717 1334 1767 Laurentio

354 1787 379 1835 ὲ
393 1784 652 1835 Brundusio
685 1788 881 1857 Augr'ha
906 1805 1014 1837 cum
1032 1790 1334 1855 Imperatrice

356 1857 537 1906 decerni
570 1855 837 1925 postulantis
863 1857 1160 1908 commendat
1180 1896 1192 1908 .

285 1989 321 2030 A
351 1995 502 2042 tergo:
537 1984 762 2042 Chariffi'mo
795 1985 838 2027 in
870 1985 1024 2046 christo
1063 1988 1170 2030 Filio
1206 1986 1333 2045 nostro

405 2045 660 2091 ferdinando
688 2049 908 2102 Hungariae
922 2074 935 2096 ,
962 2061 1008 2088 ac
1023 2046 1214 2089 Bohemiae

464 2104 564 2159 Regi
594 2103 852 2206 Ηίιιβνίἷσὲἷὲ
875 2107 1158 2159 Imperatorem

281 2283 473 2337 URB
512 2283 774 2337 ANUS
849 2285 1067 2334 PAPA
1141 2285 1330 2333 VIII.

341 2399 568 2458 Chariffi'mc
590 2398 634 2441 in
652 2400 802 2459 Christo
816 2404 900 2445 Ftle·
924 2402 1052 2459 noster
1063 2402 1242 2459 salutem
1257 2432 1272 2456 ‚

458 2462 506 2509 ω’
524 2457 784 2516 Apostolicam
814 2462 1125 2505 Benediflionem
1139 2491 1152 2503 .

394 2581 483 2622 Ene
499 2577 556 2620 est
570 2610 582 2622 .
599 2579 798 2622 Videmus
821 2578 945 2622 etiam
962 2579 1037 2622 hac
1052 2589 1169 2624 aetate
1185 2580 1331 2623 trium-

405 2639 594 2693 phatores
617 2651 797 2680 armatos
817 2639 866 2681 ab
879 2640 1022 2693 egenis
1036 2640 1329 2683 Sacerdotibus

276 2696 470 2738 auxilium
487 2695 742 2751 implorare,
771 2699 809 2738 δε
835 2711 981 2740 eorum
997 2698 1185 2742 laudibus
1207 2698 1331 2741 inser-

277 2754 390 2796 vire.
424 2754 652 2798 Declarant
675 2756 716 2800 id
743 2772 798 2800 eae
824 2756 951 2800 literae
978 2757 1198 2814 Maiestatis
1221 2769 1329 2808 tuae,

276 2814 426 2869 quibus
462 2814 651 2857 invictam
677 2845 692 2866 ,
722 2818 762 2858 &
790 2817 916 2860 Coelo
941 2817 1106 2873 dignam
1137 2818 1330 2874 praedicas

276 2873 475 2916 virtutem
492 2876 703 2917 Laurentii
722 2879 744 2920 a
759 2876 989 2920 Brundufio
1004 2878 1204 2932 Capucini
1216 2904 1230 2926 a
1264 2877 1329 2919 cui

276 2943 451 2975 mortem
475 2935 734 2977 occumbenti
762 2937 864 2990 petis
882 2936 1083 2979 solemnes
1126 2936 1331 2980 beatiudi-

277 2992 337 3033 nis
358 2993 519 3034 titulos.
548 2994 711 3037 Gratias
727 2996 877 3050 agimus
896 2999 990 3039 Deo
1004 3024 1018 3046 ,
1049 2997 1119 3053 qui
1133 2995 1331 3040 mirabilis

276 3051 333 3093 est
353 3051 391 3093 in
410 3053 547 3095 Servis
567 3053 642 3095 suis
655 3082 671 3104 ,
703 3069 796 3096 cum
813 3056 978 3098 inermis
997 3056 1216 3108 Sacerdos,
1234 3069 1334 3113 prae—

277 3110 415 3153 ferens
445 3110 645 3155 vexillum
662 3115 813 3156 Crucis
829 3141 844 3164 ‚
875 3117 913 3157 &
933 3119 1059 3157 Sacro
1085 3126 1227 3158 tonans
1241 3116 1331 3159 elo-

275 3171 373 3223 quio
387 3199 400 3221 ,
416 3169 525 3213 inter
552 3183 747 3214 cruentos
763 3173 966 3216 bellorum
985 3172 1232 3216 saevientium
1246 3174 1331 3230 gla-

275 3229 464 3280 dios‚non
490 3228 618 3273 solum
632 3234 833 3274 Caesareas
853 3231 1086 3290 Majestates
1101 3262 1114 3284 ‚
1142 3233 1331 3288 Religio-

274 3289 336 3354 nis
354 3289 650 3346 propagatione
667 3292 965 3346 triumphantes
981 3321 995 3343 ,
1013 3292 1080 3335 sed
1098 3293 1325 3335 barbariem

274 3349 661 3399 etiam‚Divinitatis
678 3352 1025 3406 contemptricem
1041 3378 1057 3403 ,
1078 3351 1128 3394 ad
1144 3351 1330 3395 christia·

277 3420 335 3447 nae
361 3407 570 3451 charitatis
592 3437 606 3460 ,
645 3411 683 3450 &
709 3410 948 3465 Apostolicae
978 3409 1232 3454 fortitudinis
1259 3410 1332 3454 ad·

276 3466 534 3509 mirationem
552 3468 818 3511 traduxerit.
851 3471 996 3525 Quare
1011 3469 1123 3512 miris
1143 3470 1329 3514 laudibus

276 3533 361 3590 tum
377 3525 595 3582 Majestatis
615 3530 710 3571 Tuae
726 3558 737 3579 ,
769 3539 855 3571 tum
881 3529 1041 3585 optimae
1058 3530 1333 3586 imperatricis

275 3593 477 3639 pietatem
498 3588 773 3631 coronandam
804 3598 887 3631 tam
915 3586 980 3644 pia
1008 3589 1206 3644 petitione
1232 3604 1330 3632 cen·

274 3641 407 3685 semus
437 3672 448 3684 .
494 3645 624 3687 Porro
654 3659 789 3690 autem
815 3647 1047 3704 rogabimus
1074 3651 1237 3700 Deum,
1260 3650 1330 3705 qui

277 3704 521 3744 Sanctorum
550 3706 824 3761 principatum
858 3718 1012 3759 tenet,
1049 3719 1094 3750 ut
1118 3707 1159 3750 id
1189 3711 1262 3750 hac
1288 3710 1329 3751 in

275 3761 580 3805 deliberatione
596 3763 815 3820 aliquando
829 3766 1076 3811 decernatur
1088 3798 1103 3819 ,
1120 3766 1229 3823 quod
1252 3769 1329 3809 Ec-

274 3820 401 3865 clesiae
423 3820 601 3866 salutare
616 3821 662 3865 fit
679 3853 693 3876 ,
714 3827 751 3867 &
766 3836 926 3881 gratum
944 3826 1221 3886 Majestatibus
1240 3828 1327 3871 Ve-

1407 406 1624 452 precamur
1635 418 1649 442 ,
1674 393 1716 435 &
1729 391 2006 447 Apostolieam
2020 389 2357 435 Benedictionem
2370 406 2467 449 per·

1404 463 1591 498 amanter
1631 451 1894 508 impartimur
1935 478 1950 490 .
2001 454 2157 494 Datum
2184 453 2328 495 Romae
2354 453 2464 508 apud

1403 519 1446 559 S.
1460 516 1628 558 Petrum
1646 511 1716 554 sub
1733 510 1903 553 Annulo
1923 509 2135 553 Piscatoris
2148 540 2164 562 ,
2183 513 2262 555 Die
2277 525 2381 555 xxvi
2395 528 2409 556 1
2423 526 2462 556 1.

1403 571 1652 618 Decembris
1681 581 1905 621 mncxxW,
1934 568 2198 614 Pontificum
2232 571 2354 615 nostri
2370 576 2459 618 An-

1401 645 1455 677 no
1482 631 1686 678 secundo.

1460 805 1613 857 Autog.
1641 801 1684 841 in
1710 800 1856 841 Secret.
1887 804 2006 841 Brev.
2039 796 2092 840 ad
2121 797 2327 857 Principes
2357 801 2457 856 Reg-

1515 858 1665 918 mensl,
1695 857 1749 908 ὠ·
1775 856 1873 900 anni
1894 855 2025 916 prad.
2041 854 2127 915 fol.
2153 868 2245 901 100.

1397 1054 1516 1067 —
1858 1049 2213 1064 ———

1398 1197 1590 1266 Repetit
1620 1194 1748 1247 idem
1773 1193 2066 1248 Sereniffirno
2093 1193 2299 1246 Bavariae
2315 1193 2443 1244 Duci

1467 1267 1517 1320 ἃ
1552 1267 1755 1320 ΕΙεᾶοτί
1775 1268 2101 1320 Maximiliano
2116 1264 2325 1327 ,easdem
2342 1281 2450 1334 pre-

1467 1357 1542 1390 ces
1569 1340 1793 1410 repetenti
1816 1375 1828 1389 .

1390 1521 1427 1563 A
1441 1526 1563 1576 tergo
1580 1533 1592 1563 :
1627 1517 1781 1584 Difeffo
1794 1513 2060 1571 Hliomobm
2088 1517 2178 1559 Viro
2195 1513 2450 1581 Maximilia-

1522 1592 1572 1622 no
1587 1582 1694 1621 Ducz
1718 1580 1907 1682 Rostag?
1890 1579 1992 1682 81⁹0ss
2009 1579 2060 1619 R.
2075 1577 2109 1617 Ι.
2131 1577 2308 1629 Princtpi

1395 1809 1510 1865 UR
1542 1808 1879 1863 BANUS
1953 1804 2166 1856 PAPA
2241 1805 2444 1854 VIII.

1468 1986 1623 2032 DileHe
1639 1987 1751 2037 Fili,
1779 1983 1932 2029 Nobilis
1960 1982 2027 2028 Vir
2050 2010 2066 2034 ,
2084 1981 2292 2037 salutem,
2318 1981 2369 2032 ὸ·

1602 2046 1872 2105 ΑμβαῖιέαηιΙ
1896 2040 2210 2087 Benedibiionem
2226 2070 2240 2083 .

1469 2224 1641 2267 Llustris
1673 2222 1795 2280 plane
1821 2222 1885 2265 hic
1913 2222 1970 2264 est
1997 2218 2192 2264 dicendus
2223 2215 2450 2274 Evangeli-

1396 2226 1446 2338 Ι
1483 2298 1537 2326 cae
1562 2282 1813 2339 paupertatis
1829 2280 2089 2337 triumphus:
2122 2279 2449 2331 Viri2contem-

1392 2354 1534 2397 ptores
1548 2357 1670 2399 opum
1686 2372 1702 2394 ‚
1727 2341 1960 2398 &inopiam
1973 2338 2168 2382 sectantes
2184 2338 2444 2392 obstringunt

1391 2401 1461 2444 fibi
1492 2405 1630 2459 Reges
1652 2431 1667 2453 ,
1690 2416 1737 2444 ac
1762 2399 1974 2456 Principes
1992 2397 2275 2454 magnitudine
2292 2393 2450 2439 benefi*

1390 2462 1570 2504 ciorum.
1607 2464 1668 2503 En
1696 2461 1871 2503 Bavariae
1895 2463 1990 2502 Dux
2017 2458 2347 2508 Maximilianus,
2374 2454 2449 2500 ille

1350 2526 1351 2529 ’
1390 2519 1665 2576 perduellium
1679 2520 1962 2561 haereticorum
1983 2518 2201 2564 Domitor,
2221 2527 2447 2571 pauperem

1391 2579 1661 2624 Sacerdotem
1676 2578 1935 2634 Capucinum
1950 2605 1964 2628 ‚
1995 2588 2185 2633 tanquam
2200 2576 2360 2617 Divinae
2374 2573 2449 2616 be·

1390 2653 1441 2681 ne
1449 2639 1637 2681 volentiae
1650 2637 1978 2680 Conciliatorem
1991 2667 2007 2688 ,
2019 2639 2059 2679 &
2074 2633 2336 2681 Poffefforem
2348 2634 2443 2675 bea·-

1392 2709 1440 2740 tae
1454 2697 1695 2742 aeternitatis
1709 2708 1929 2740 veneratur
1945 2725 1958 2748 ,
1973 2710 2017 2740 ac
2037 2695 2262 2740 Laurentio
2275 2695 2298 2738 a
2313 2695 2446 2736 Brun-

1391 2756 1527 2811 dufio,
1555 2759 1623 2814 qui
1650 2771 1777 2814 nuper
1806 2771 1857 2799 ex
1875 2757 1947 2799 hac
1978 2755 2228 2798 miseriarum
2245 2752 2353 2794 valle
2368 2751 2442 2794 de-

1391 2816 1532 2869 ceffit,
1565 2818 1680 2861 Beati
1703 2825 2054 2873 cognomentum,
2085 2816 2123 2858 δι
2147 2813 2339 2856 coelestes
2366 2812 2447 2852 ho-

1389 2891 1514 2921 nores
1540 2878 1646 2934 petit
1664 2905 1675 2918 .
1708 2879 1756 2920 In
1785 2876 1945 2920 bellicis
1972 2874 2302 2931 expeditionibus
2323 2869 2447 2913 forti-

1392 2936 1520 2988 tud0,
1547 2939 1586 2981 in
1605 2934 1802 2993 ejusmodi
1818 2934 1960 2979 officiis
1975 2936 2104 2992 pietas
2120 2933 2346 2990 triumphat
2360 2933 2446 2974 No·-

1392 2996 1565 3040 bilitatis
1590 2998 1712 3039 Tuae.

1413 3081 1419 3087 ι
1449 3058 1592 3114 Qare
1605 3054 1815 3098 confilium
1831 3055 1934 3098 tanti
1950 3053 2078 3097 Ducis
2097 3052 2311 3097 laudantes
2323 3061 2444 3097 ‚ora-

1390 3116 1522 3159 bimus
1550 3118 1684 3158 Deum
1718 3144 1732 3168 ‚
1759 3116 1828 3171 qui
1853 3115 2092 3158 Sanctorum
2118 3112 2434 3170 principatum-a

1393 3185 1536 3224 tenet,
1568 3185 1613 3218 ut
1640 3174 1680 3216 id
1706 3175 1743 3217 in
1769 3176 1842 3217 hac
1866 3172 2166 3217 deliberatione
2191 3169 2443 3214 decernatur

1392 3234 1639 3290 aliquande,
1653 3233 1764 3290 quod
1780 3232 1825 3275 fit
1845 3233 2034 3276 Ecclefiae
2049 3230 2224 3275 salutare
2240 3257 2255 3280 ‚
2286 3241 2333 3269 ac
2349 3239 2445 3282 gra-

1388 3304 1477 3337 tum
1494 3293 1714 3337 Nobilitati
1731 3294 1826 3336 Tuae
1843 3320 1858 3343 ‚
1888 3292 1955 3335 cui
1971 3290 2246 3348 Apostolicam
2262 3285 2443 3329 Benedi-

1392 3354 1567 3395 ctionem
1588 3353 1867 3409 impartimur.
1886 3354 2038 3395 Datum
2055 3351 2194 3392 Romae
2213 3345 2322 3403 apud
2339 3348 2442 3388 San-

1391 3415 1500 3454 ctum
1515 3416 1688 3456 Petrum
1710 3410 1780 3455 sub
1800 3411 1968 3455 Annulo
1983 3407 2195 3454 Piscatoris
2211 3434 2226 3457 ,
2248 3405 2329 3447 Die
2344 3419 2442 3447 xxx.

1391 3472 1633 3515 Decembris
1649 3485 1866 3515 mucxxw.
1900 3465 2165 3515 Pontificatus
2195 3463 2318 3510 nostri
2349 3467 2438 3508 An·

1393 3545 1447 3573 no
1469 3529 1649 3575 secundo
1667 3559 1679 3572 .

1451 3713 1597 3766 Autog.
1625 3706 1668 3751 in
1698 3711 1842 3751 Secret-
1875 3709 1991 3750 Brev·
2021 3704 2072 3748 ad
2099 3705 2311 3762 Principes
2344 3705 2439 3756 Reg.

1504 3768 1624 3830 mens
1638 3797 1652 3819 ‚
1681 3767 1842 3819 &anni
1859 3766 1988 3825 praed·
2011 3763 2093 3825 fol.
2109 3768 2180 3820 48.
2208 3765 2294 3811 Vide
2304 3761 2439 3822 supra

1492 3826 1575 3889 sol.
1594 3842 1614 3885 3
1626 3830 1646 3869 8
1653 3842 1695 3885 9.
2267 3880 2381 3929 EPI-
