2710 4108
412 221 520 377 Ξυὲ
531 248 686 388 {aque
700 359 715 384 ,
727 330 838 379 ‘ficut
855 328 1017 374 Dilectae
1029 330 1071 371 in
1087 329 1250 373 Christo
1267 331 1374 373 Filiae

354 394 555 436 Moniales
583 392 810 434 Monasserii
841 391 1005 445 Januen.
1029 388 1242 445 Capucinae
1273 402 1374 430 nun⁴

350 463 526 505 cupatae,
539 451 702 492 Ordinis
722 457 759 493 S.
778 447 972 492 Francisci
988 478 1001 499 ,
1016 449 1143 492 Nobis
1161 462 1292 504 nuper
1312 461 1382 489 ex·

357 511 450 564 poni
480 508 664 552 fecerunt
691 538 707 560 ,
738 508 824 562 ipsae
851 522 922 563 pro
952 507 1136 563 fingulari
1163 506 1229 550 sua
1251 520 1380 561 erga„

344 567 612 610 Beatiffimam
647 568 856 623 Virginem
892 567 968 609 Dei
994 566 1248 609 Genitricem
1289 568 1374 606 Ma-

350 628 454 670 riam
467 626 686 669 devotione
700 655 715 677 ,
745 624 921 668 officium
936 623 1117 682 ejusdem
1132 627 1262 667 Beatae
1279 622 1373 665 Vir-

347 686 448 740 ginis
474 685 526 727 de
553 689 693 727 Monte
713 684 917 726 Carmelo
946 685 1122 726 recitare
1139 711 1154 734 ,
1182 698 1225 726 ac
1250 680 1374 737 privi-

345 743 467 798 legiis
481 743 649 786 aliarum
673 742 766 784 diui
789 741 950 784 Ordinis
967 742 1205 784 Monialium
1222 739 1372 795 gaude-

354 816 402 846 re
415 799 520 857 poffe
534 827 547 849 ,
578 803 730 858 sibique
747 810 963 856 propterea
984 801 1209 856 opportune
1224 801 1262 840 in
1281 811 1377 852 prae-

355 859 470 902 missis
490 858 510 901 ai
525 861 649 902 Nobis
666 859 897 914 provideri,
913 861 966 910 &,
983 870 1026 901 ut
1041 858 1159 910 infra,
1176 854 1374 910 indulgeri

350 918 602 973 summopere
634 918 860 961 defiderent
878 931 900 959 :.
923 921 1006 960 Nos
1031 916 1130 972 ipsas
1159 919 1372 971 Exponen-

354 989 445 1028 tes,
477 989 573 1033 quas
601 976 794 1032 peculiari
821 975 1206 1030 paternaecharitatis
1232 972 1372 1016 affeetu

350 1034 631 1092 prosequimur
657 1061 672 1085 ,
703 1033 941 1090 specialibus
968 1036 1042 1075 &c-
1075 1034 1263 1075 volentes
1291 1059 1308 1081 ,
1334 1031 1374 1071 δι

353 1107 493 1137 earum
509 1094 723 1148 fingulares
741 1092 923 1148 personas
941 1091 1170 1146 aquibusvis
1185 1093 1261 1133 διε.
1276 1102 1373 1131 cen-

350 1154 483 1196 sentes
506 1180 520 1204 ,
536 1152 901 1206 supplicationibus
939 1165 1075 1192 earum
1098 1151 1261 1192 nomine
1286 1149 1371 1190 No-

352 1211 412 1251 bis
438 1211 516 1250 &c.
543 1209 722 1251 inclinati
744 1236 758 1258 ,
789 1209 939 1250 eisdem
970 1209 1302 1263 Exponentibus,
1332 1207 1371 1246 &

349 1267 493 1310 futuris
522 1267 618 1309 dieti
652 1266 1067 1324 MonasteriiJanuen.
1097 1266 1364 1315 Monialibus,

342 1338 391 1368 -ut
421 1325 504 1381 ipsae
518 1324 703 1367 Officium
730 1325 782 1368 de
807 1327 929 1369 Beata
947 1327 1074 1368 Maria
1091 1325 1258 1380 Virgine
1280 1324 1369 1367 dea

347 1389 491 1428 Monte
520 1385 713 1427 Carmelo
735 1397 754 1425 a
785 1383 890 1425 Sede
918 1383 1144 1436 Apostolica
1170 1382 1366 1439 approba-

344 1453 432 1487 vtum
458 1443 668 1496 quotannis
700 1443 767 1484 die
789 1455 881 1483 xvi.
907 1443 1004 1498 Julii
1031 1442 1202 1485 recitare
1225 1456 1237 1484 ε
1270 1454 1364 1483 nec·-

347 1516 428 1544 non
441 1501 652 1548 omnibus,
683 1503 722 1542 δι
744 1499 902 1555 lingulis
927 1500 1181 1556 privilegiis,
1213 1512 1361 1556 praero-

352 1561 496 1615 gativis
511 1585 524 1605 a
555 1559 861 1615 praeeminemus
877 1587 890 1609 ,
906 1555 1105 1602 favoribus
1119 1587 1132 1609 ,
1150 1558 1360 1612 indulgen-

345 1619 439 1665 tiiS,
470 1618 717 1668 &indultis,
748 1616 940 1672 &gratiis
966 1628 1047 1658 tam
1079 1617 1365 1672 spiritualibus,

340 1689 463 1732 'quam
490 1677 773 1731 temporalibus
792 1704 804 1723 ,
835 1689 919 1730 quae
941 1675 1183 1718 Monial‘ibus
1199 1675 1362 1718 Ordinis

338 1733 528 1786 *ejusdem
544 1738 582 1776 S.
604 1734 800 1776 Francisci
818 1762 831 1784 ,
861 1734 940 1775 five
962 1737 1145 1777 Fratrum
1162 1735 1365 1776 Minorum

347 1792 462 1847 ipsius
488 1792 653 1834 Ordinis
681 1793 978 1846 Capucinorum
1003 1821 1018 1843 ,
1049 1804 1114 1835 aut
1142 1793 1193 1835 de
1219 1791 1364 1834 Obser-

347 1849 508 1900 vantia,
539 1850 604 1891 vel
622 1850 984 1901 Reformatorum,
1014 1863 1080 1892 aut
1106 1855 1369 1894 Conventua-

342 1905 438 1948 lium
455 1933 468 1955 ,
487 1909 551 1948 {eu
578 1908 658 1950 alio
672 1923 924 1964 quocumque
940 1910 1110 1960 =nomine
1124 1918 1371 1964 nuncupato-

335 1974 431 2006 ‘rum
451 1992 465 2014 ,
496 1966 575 2007 five
589 1967 709 2008 etiam
733 1968 1037 2008 Ordinariorum
1052 1968 1236 2022 regimini
1253 1993 1267 2017 ,
1297 1979 1366 2020 gu-

343 2023 489 2065 bernio
502 2052 518 2073 ,
532 2024 571 2063 &
586 2022 842 2079 jurisdifiioni
862 2024 1042 2081 subjec‘tis
1057 2054 1071 2077 ,
1084 2037 1163 2067 tam
1178 2026 1285 2066 circa
1311 2019 1365 2066 fa-

331 2082 538 2124 ·cultatem
567 2081 919 2126 recitandiOfficia
955 2082 1007 2124 de
1038 2084 1215 2134 Sanssis,
1245 2097 1361 2138 quam

340 2139 417 2182 alia
433 2151 688 2195 quaecumque
701 2168 714 2190 ,
729 2141 853 2189 etiam
876 2138 1056 2196 specifica
1073 2171 1085 2192 ,
1099 2142 1361 2182 &individua

339 2196 589 2250 expressione
617 2199 734 2253 digna
765 2199 955 2241 haetenus
981 2198 1002 2241 a
1032 2200 1136 2242 Sede
1152 2200 1360 2256 praedic‘ta,

333 2254 478 2312 ‘quovis
495 2256 616 2297 modo
636 2254 814 2299 concelsa
843 2253 954 2307 sunt,
984 2259 1203 2300 dummodo
1228 2270 1358 2300 tamen

335 2315 412 2361 ,sint
437 2315 476 2355 in
494 2313 558 2354 usu
574 2343 587 2364 ,
620 2329 691 2357 nec
720 2315 790 2355 sint
806 2327 991 2359 revocata
1007 2344 1020 2364 ‚
1052 2328 1120 2359 aut
1145 2316 1211 2358 sub
1230 2317 1359 2371 aliqua

336 2373 617 2414 revocatione
635 2373 921 2426 comprehensa
953 2401 968 2425 ,
1013 2390 1143 2430 neque
1181 2373 1356 2417 Consilii

328 2429 570 2473 ,Tridentini
594 2432 812 2481 Decretis,
845 2442 913 2474 aut
938 2433 1222 2488 posterioribus
1251 2436 1360 2474 Con·

329 2489 612 2541 ‘stitunonibus
640 2516 654 2540 ,
693 2492 730 2529 &
762 2490 1090 2535 ordinationibus
1126 2491 1360 2547 Apostolicis

334 2544 599 2589 adversentur
626 2576 638 2597 ,
669 2550 709 2588 &
731 2549 1097 2605 quandocumque,
1127 2553 1162 2592 &
1193 2563 1361 2606 quomo-

333 2619 508 2661 cumque
542 2606 580 2647 in
615 2607 812 2659 posterum
842 2609 1089 2662 generaliter
1128 2607 1359 2650 conceden-

337 2675 430 2715 tur,
462 2677 506 2704 ac
535 2663 673 2718 quibus
697 2665 786 2720 ipsae
805 2666 1002 2708 Moniales
1028 2675 1108 2708 tam
1132 2667 1185 2709 de
1205 2681 1327 2722 jure.)
1344 2694 1356 2716 ,

333 2721 401 2763 usu
420 2750 432 2772 ,
462 2723 503 2763 δι
526 2722 815 2764 consuetudine
833 2752 847 2774 ,
879 2737 995 2779 quam
1023 2724 1119 2767 alias
1135 2724 1357 2781 quomodo-

321 2778 436 2823 ⁴libet
461 2791 626 2823 utuntur
651 2809 665 2831 ,
708 2779 894 2824 fruuntur
920 2814 935 2835 ,
980 2786 1019 2824 ἃ.
1051 2783 1225 2837 gaudent
1251 2812 1266 2834 ,
1309 2796 1354 2824 ac

320 2840 424 2888 ruti,
456 2837 530 2880 frui
554 2841 593 2881 &
618 2840 793 2894 gaudere
816 2838 969 2896 poffunt
994 2868 1011 2889 ,
1039 2844 1078 2883 &
1102 2852 1291 2898 poterunt
1314 2843 1355 2882 in

334 2897 543 2948 futurum,
576 2899 658 2952 pari
682 2901 827 2951 modo,
857 2899 1065 2956 &absque
1091 2901 1171 2942 ulla
1199 2899 1358 2955 prorsus

324 2956 559 2999 'differ‘entia
575 2957 665 3005 uti,
695 2955 801 3003 frui,
831 2959 1058 3013 &gaudere
1074 2958 1231 3011 libere,
1262 2959 1359 3000 &li-

334 3025 377 3056 te
404 3013 548 3067 poffint
576 3017 611 3055 &
631 3015 792 3058 valeant
811 3017 847 3057 in
863 3017 1100 3059 omnibus&
1123 3032 1195 3073 per
1210 3017 1359 3066 omnia,

330 3072 530 3127 perinde,
553 3087 598 3114 ac
615 3073 637 3113 si
655 3074 863 3130 privilegia
880 3103 893 3126 ,
925 3077 1191 3130 praerogativae
1206 3103 1219 3124 ,
1238 3088 1359 3130 praee-

323 3131 535 3172 -minentiae
555 3158 566 3179 ,
597 3131 756 3174 favores
783 3160 796 3181 ,
829 3133 1085 3188 indulgentiae
1110 3162 1124 3184 ,
1157 3135 1292 3190 gratiae
1318 3133 1357 3173 δι

331 3188 488 3230 indulta
514 3187 735 3243 hujusmodi
763 3192 931 3244 praefatis
962 3193 1292 3247 Exponentibus,
1317 3193 1357 3232 &

329 3242 476 3288 futuris
493 3248 624 3289 Mania
634 3248 735 3289 libus
751 3248 845 3290 dieti
862 3250 1263 3306 MonasteriiJanuen.
1288 3265 1357 3292 no-

327 3306 537 3356 minatim,
567 3307 607 3346 δι
634 3306 821 3363 expresse
850 3305 1025 3351 concessa
1052 3310 1355 3363 reperirentur,

327 3362 368 3402 δι’
394 3364 431 3404 in
455 3361 634 3405 futurum
666 3364 1013 3417 concederentur,
1045 3367 1355 3411 Auctoritatis-2

325 3421 559 3474 Apostolica
577 3451 590 3472 ‚
607 3433 750 3466 tenore
772 3424 1019 3478 praesentium
1043 3425 1301 3467 concedimus
1316 3427 1354 3466 &

325 3478 578 3532 indulgemus
594 3511 604 3521 .
619 3482 817 3524 Praeterea
840 3482 1056 3523 Ecclefiam
1071 3483 1250 3538 ejusdem
1266 3487 1355 3527 Μο-

327 3536 487 3577 nasterii
520 3541 691 3594 Januen.
727 3540 840 3582 fimili
869 3540 919 3582 ad
948 3546 1112 3595 praesens
1140 3542 1356 3598 privilegio

325 3594 353 3650 (¹
365 3605 406 3635 ut
422 3599 670 3652 accepimus)
687 3598 848 3641 minime
865 3599 1098 3641 decoratam
1112 3628 1126 3650 ,
1157 3603 1238 3651 seu,
1254 3616 1351 3654 qua-

324 3663 442 3693 tenus
477 3651 601 3695 forsan
628 3656 820 3699 decorata
846 3656 919 3707 fit,
952 3658 1145 3713 ejusmodi
1181 3659 1350 3714 privile-

321 3712 390 3766 gio
415 3725 487 3763 per
509 3713 716 3765 praesentes
742 3726 962 3767 revocato,
994 3730 1039 3758 ac
1066 3719 1103 3758 in
1132 3732 1178 3760 ea
1201 3721 1349 3762 (itum,

319 3770 462 3814 Altare
479 3769 609 3827 Majus
625 3773 741 3828 ipfius
760 3774 947 3818 Ecclefiae
962 3775 1038 3818 hoc
1062 3774 1220 3830 speciali
1238 3775 1348 3823 dono

1162 212 1693 301 Provincia

1435 332 1631 374 illustrare
1657 328 1871 381 volentes,
1902 342 1949 371 ac
1976 329 2027 373 de
2046 329 2348 387 omnipotentis
2380 332 2455 374 Dei

1431 392 1508 432 &c-
1521 387 1684 442 confis13
1716 398 1792 441 ut,
1817 388 2151 446 quandocumque
2168 391 2361 434 Sacerdos
2386 391 2461 432 ali-

1439 452 1526 504 quis
1551 446 1773 498 saecularis,
1805 448 1870 489 vel
1885 448 2098 501 Regularis
2124 448 2273 492 Miffam
2304 447 2458 491 Defun—

1438 509 1592 549 &orum
1614 507 1681 549 die
1707 506 2117 550 Commemorationis
2144 506 2458 558 Defunetorum,

1434 567 1472 607 &
1494 565 1652 621 singulis
1666 564 1806 607 diebus
1828 565 1932 606 intra
1949 565 2053 606 illius
2070 567 2270 608 octavam
2285 595 2299 618 ,
2330 581 2375 608 ac
2402 567 2460 608 se-

1431 625 1563 667 cunda
1580 621 1676 665 feria
1705 620 1923 679 cujuslibet
1940 623 2202 666 hebdomada:
2217 638 2293 680 pro
2320 625 2454 666 anima

1431 681 1710 739 cujuscumque
1736 674 1930 724 Monlalis
1960 681 2055 722 diffl
2082 683 2316 727 Monasterii
2338 712 2354 733 ‚
2388 691 2458 723 aut

1431 739 1724 796 Consanguinei
1740 768 1752 790 ,
1785 738 1850 779 vel
1866 736 2005 780 Affinis
2027 739 2191 796 alicujus
2202 756 2249 783 ex
2266 739 2458 783 Moniali-

1437 801 1508 841 bus
1528 826 1543 848 ,
1572 800 1692 854 usque
1717 798 1766 840 ad
1794 794 2008 839 secundum
2040 799 2205 853 gradum
2235 798 2456 847 inclusive,

1438 858 1506 901 vel
1532 855 1798 899 Benefactoris
1826 855 1938 909 ipfius
1965 857 2225 908 Monasterii,
2256 872 2340 913 quae
2367 859 2457 898 Deo

1431 917 1470 958 in
1486 917 1686 958 charitate
1699 913 1906 968 conjuncta
1933 913 1981 956 ab
1998 915 2070 956 hac
2086 915 2176 957 luce
2191 915 2426 970 migraverit
2440 941 2455 963 ,

1431 974 1479 1016 ad
1498 974 1720 1029 praedic‘lum
1741 973 1883 1015 Altare
1896 973 2144 1023 celebrabit,
2160 974 2376 1029 animaipsa
2401 971 2454 1013 de

1436 1032 1640 1075 Thesauro
1655 1031 1841 1073 Ecclefiae
1857 1045 1927 1086 per
1943 1030 2107 1072 modum
2127 1030 2295 1087 suffragii
2313 1029 2448 1074 indul-

1434 1092 1612 1146 gentiam
1638 1088 1900 1145 consequatur
1917 1117 1931 1140 ,
1963 1089 2014 1131 ita
2031 1117 2044 1140 ,
2059 1101 2105 1131 ut
2124 1091 2285 1132 Domini
2310 1088 2448 1132 Nostri

1423 1148 1514 1206 Jesu
1554 1148 1730 1196 Christi,
1761 1162 1805 1189 ac
1829 1148 2056 1191 Beatissimae
2081 1148 2256 1202 Virginis
2288 1148 2452 1197 Mariae,

1433 1209 1748 1262 sanctorumque
1773 1209 1950 1249 omnium
1974 1206 2128 1248 meritis
2147 1209 2215 1248 fibi
2237 1207 2452 1262 suffragan-

1431 1267 1538 1309 tibus
1563 1280 1582 1307 a
1600 1267 1825 1321 Purgatorii
1853 1266 1983 1320 poenis
2000 1265 2223 1317 liberetur,
2255 1264 2449 1307 concedi-

1428 1339 1516 1366 mus
1539 1325 1690 1380 pariter
1715 1323 2023 1377 &indulgemus
2040 1352 2051 1364 .
2084 1325 2146 1365 Ac
2175 1323 2336 1380 insuper
2362 1336 2454 1364 om-

1425 1385 1565 1433 nibus,
1597 1386 1635 1424 &
1661 1383 1818 1435 fingulis
1834 1380 2039 1438 utriusque
2066 1383 2179 1423 sexus
2199 1379 2452 1424 christifide-

1423 1443 1527 1485 libus
1546 1443 1640 1484 vere
1652 1440 1947 1497 poenitentibus
1963 1468 1976 1489 ,
2006 1441 2046 1481 δι
2071 1435 2252 1482 confessis
2267 1468 2282 1493 ,
2312 1455 2356 1482 ac
2376 1445 2451 1481 Sa-

1422 1515 1489 1543 cra
1514 1501 1810 1543 Communione
1837 1495 2027 1546 refectis,
2058 1500 2124 1552 qui
2145 1497 2364 1540 Ecclesiam
2379 1497 2448 1539 di-

1420 1561 1469 1600 ἂὶ
1495 1558 1904 1614 MonasteriiJanuen.
1934 1556 2000 1598 die
2018 1554 2119 1598 festo
2146 1555 2446 1611 Conceptionis

1424 1622 1553 1660 Beatae
1591 1618 1724 1659 Maria:
1753 1615 1928 1670 Virginis
1955 1614 2224 1657 Immaculatae
2251 1614 2274 1658 a
2305 1613 2446 1670 primis

1426 1676 1612 1731 Vespetis
1629 1674 1748 1728 usque
1773 1674 1820 1716 ad
1837 1672 2020 1715 occasum
2044 1671 2131 1715 fiilis
2149 1673 2328 1731 ejusdem
2358 1671 2442 1714 diei

1423 1735 1532 1777 annis
1557 1733 1712 1788 singulis
1729 1762 1741 1782 ,
1771 1733 1922 1774 devote
1940 1732 2183 1773 vilitaverint
2201 1761 2215 1783 ,
2245 1731 2354 1773 &ibi
2374 1743 2448 1787 pro

1427 1792 1744 1836 Christianorum
1773 1790 2001 1844 Principum
2029 1792 2243 1831 concordia
2271 1818 2285 1841 ,
2317 1791 2446 1832 haere-

1428 1849 1510 1893 sum
1527 1851 1801 1905 extirpatione
1815 1877 1829 1900 ,
1862 1863 1906 1890 ac
1923 1850 2071 1890 sanctae
2100 1850 2243 1891 Matris
2260 1846 2449 1891 Ecclesrae

1429 1909 1677 1952 exaltatione
1693 1907 1776 1963 pias
1802 1907 1849 1948 ad
1872 1909 2004 1948 Deum
2029 1921 2170 1961 preces
2199 1906 2446 1957 effuderint‘3

1427 1968 1669 2011 Monialibus
1686 1977 1819 2008 autem
1835 1964 2014 2021 ejusdem
2030 1965 2256 2009 Monastern
2272 1993 2285 2015 ,
2299 1967 2339 2006 &
2355 1964 2446 2006 aliis

1425 2025 1615 2083 personis,
1631 2027 1730 2067 intra
1748 2024 1851 2065 illius
1872 2023 2038 2065 claustra
2051 2051 2065 2074 ,
2085 2039 2188 2066 nunc
2200 2026 2239 2065 &
2254 2038 2326 2078 pro
2342 2034 2448 2065 tem-

1421 2099 1522 2142 pore
1548 2084 1788 2139 degentibus
1807 2110 1822 2133 ,
1864 2096 1953 2138 quae
1977 2081 2159 2124 similiter
2185 2084 2279 2124 vere
2308 2081 2444 2137 poeni-

1421 2155 1556 2186 tentes
1572 2173 1584 2191 ,
1615 2144 1654 2183 &
1680 2140 1861 2182 coz-›feffae
1885 2169 1896 2189 ,
1926 2155 1971 2183 ac
1996 2142 2116 2182 Sacra
2143 2142 2445 2183 Communione

1421 2201 1576 2244 refefiae
1588 2200 1827 2255 Cappellam
1841 2228 1854 2249 ,
1867 2198 1934 2240 sub
1949 2198 2071 2240 titulo
2087 2201 2215 2241 Beatae
2241 2200 2376 2240 Mariae
2391 2197 2445 2238 de

1422 2264 1601 2303 Laureto
1625 2260 1728 2300 intra
1753 2257 1897 2300 eadem
1918 2256 2084 2299 claustra
2109 2258 2349 2299 existentem
2374 2255 2445 2298 die

1420 2318 1516 2360 sesto
1534 2315 1817 2372 Assumptionis
1844 2315 2018 2370 ejusdem
2038 2316 2170 2357 Beatae
2200 2316 2336 2358 Mariae
2352 2315 2443 2356 Vir.

1423 2378 1523 2432 ginis
1551 2374 1817 2418 Immaculatae
1847 2373 2039 2429 pariter&
2069 2374 2206 2429 primis
2234 2372 2406 2429 vesperis
2424 2386 2446 2423 ,-

1422 2435 1544 2490 usque
1573 2434 1621 2475 ad
1653 2431 1836 2475 occasum
1862 2432 1950 2475 solis
1976 2431 2056 2474 diei
2074 2432 2298 2488 hujusmodi
2326 2430 2443 2473 annis

1421 2494 1582 2549 ssngulis
1597 2491 1747 2534 devote
1762 2490 2006 2534 vifitaverint
2022 2520 2036 2542 ,
2067 2493 2103 2532 &
2124 2493 2330 2533 oraverint
2346 2517 2360 2539 ,
2392 2499 2439 2531 ut

1420 2552 1536 2608 supra
1558 2579 1572 2602 ,
1605 2550 1821 2605 plenariam
1850 2551 2027 2591 omnium
2058 2559 2313 2602 peccatorum
2339 2546 2443 2589 suo-

1419 2625 1509 2654 rum
1530 2609 1816 2662 indulgentiam
1831 2635 1845 2659 ,
1875 2609 1915 2648 δε
1930 2606 2191 2650 remissionem
2206 2605 2438 2649 misericor·

1416 2670 1526 2712 diter
1542 2670 1579 2710 in
1601 2667 1772 2709 Domino
1785 2666 2071 2709 concedimus.
2434 2692 2437 2696 ‚

1476 2731 1757 2771 Decernentes
1780 2723 1938 2767 easdem
1958 2723 2166 2781 praesentes
2182 2723 2318 2766 literas
2336 2721 2442 2764 sem-

1415 2802 1486 2845 per
1502 2785 1633 2828 firmas
1649 2811 1663 2833 ,
1681 2784 1857 2834 validas,
1889 2786 1928 2825 &
1955 2783 2142 2826 efficaces
2167 2783 2338 2824 existere
2355 2810 2369 2832 ,
2401 2782 2441 2822 δε

1420 2845 1536 2896 fore,
1567 2842 1728 2898 suosque
1744 2842 1944 2895 plenarios
1961 2872 1975 2893 ,
2008 2844 2044 2883 δι
2074 2844 2251 2896 integros
2276 2840 2437 2884 effeetus

1419 2903 1551 2946 sortiri
1575 2905 1611 2943 &
1640 2902 1850 2950 obtinere,
1883 2915 1928 2942 sc
1948 2902 2280 2956 Exponentibus,
2311 2902 2346 2940 δι
2378 2896 2440 2939 fu·

1419 2964 1520 3005 turis
1537 2959 1780 3004 Monialibus
1794 2960 1983 3014 praedietis
1999 2961 2036 3001 in
2064 2960 2246 3001 omnibus
2263 2988 2278 3009 ,
2309 2959 2348 2998 &
2366 2970 2436 3011 per

1418 3021 1549 3064 omnia
1570 3016 1790 3075 plenissime
1818 3016 2021 3074 suffragari
2049 3031 2060 3060 :
2092 3018 2239 3072 Sicque
2275 3018 2313 3058 in
2342 3030 2441 3070 pra:-

1418 3079 1536 3121 miffis
1564 3091 1636 3133 per
1651 3075 2094 3134 quoscumqueJudices
2108 3075 2368 3124 Ordinari0S,
2398 3075 2437 3114 δι

1420 3139 1665 3190 Delegatos,
1696 3135 1818 3177 etiam
1845 3138 1921 3176 ἃς.
1950 3135 2169 3176 Auditores
2194 3163 2208 3186 ‚
2242 3133 2435 3188 judicari,

1415 3199 1455 3239 &
1477 3194 1633 3237 definiri
1660 3194 1812 3236 debere
1827 3221 1841 3243 ,
1873 3208 1918 3235 ac
1939 3194 2097 3235 irritum
2113 3193 2189 3233 &c.
2218 3191 2438 3233 attentari.

1417 3260 1511 3297 Non
1532 3254 1682 3296 obstan.
1717 3251 1879 3304 nostrae,
1909 3254 1949 3293 δι
1973 3250 2243 3294 Cancellariae=
2263 3249 2438 3303 Aposto-

1416 3313 1499 3356 licae
1530 3312 1666 3365 regula
1687 3311 1743 3352 de
1766 3324 1841 3352 non
1870 3309 2141 3352 concedendis
2167 3307 2436 3360 Indulgenriis

1414 3369 1588 3413 adinstar
1613 3399 1627 3421 ‚
1658 3368 1822 3425 aliisque
1848 3368 2207 3411 Constitutionibus
2237 3394 2250 3417 ,
2281 3368 2318 3407 &
2354 3368 2436 3408 Or·

1414 3429 1679 3472 dinationibus
1697 3427 1935 3483 Apostolicis
1961 3454 1974 3476 ,
2014 3439 2087 3476 ac,
2104 3434 2300 3479 quatenus
2333 3436 2434 3480 opus
2459 3452 2462 3456 -

1414 3489 1460 3528 fit
1486 3517 1499 3537 ‚
1531 3487 1759 3530 Monasterii
1787 3511 1800 3534 ,
1830 3486 1869 3526 &
1902 3483 2068 3527 Ordinis
2096 3483 2436 3536 praedictorum„

1415 3546 1579 3601 aliisque
1607 3545 1807 3601 quibusvis
1830 3543 1952 3583 etiam
1978 3543 2053 3583 διε.
2069 3541 2250 3591 statutis,
2280 3543 2319 3582 δι
2337 3555 2435 3582 con-

1410 3603 1688 3646 suetudinibus
1703 3616 1718 3655 3
1734 3600 1953 3658 privilegiis
1969 3603 2044 3642 &c.
2061 3601 2263 3642 innovatis
2279 3629 2290 3641 .
2325 3601 2434 3656 Qui·

1409 3664 1484 3704 bus
1511 3662 1695 3704 omnibus
1722 3690 1736 3712 ,
1765 3662 1802 3702 δι
1830 3657 1989 3715 singulis
2017 3688 2030 3709 ,
2064 3657 2227 3701 illorum
2264 3669 2433 3700 tenores

1408 3722 1486 3763 &c-
1502 3719 1741 3777 derogamus
1759 3733 1773 3771 3
1788 3718 2028 3773 coeterisque
2045 3718 2258 3759 contrariis
2275 3714 2433 3772 quibus-

1407 3783 1583 3836 cumque
1608 3808 1623 3823 .
1665 3781 1815 3822 Datum
1839 3779 1978 3820 Romae
2005 3775 2112 3833 apud
2141 3779 2327 3821 sanetum
2355 3776 2435 3818 Pe·-

2276 3845 2383 3875 trum
