2710 4108
335 209 521 321 428
1072 201 1612 293 Provincia

269 329 520 377 Decretum
550 328 698 375 Sacrae
730 322 1122 392 Congregationis
1151 322 1302 393 Episc.

341 396 387 447 ἃ
403 397 625 466 Regular.
643 413 736 463 quo
753 397 797 444 in
815 392 970 446 Insula
1004 391 1202 445 Corficae
1224 412 1303 444 no-

336 485 419 516 vas
449 470 632 516 Domos
660 465 826 534 absque
855 463 1101 515 duodecim
1134 465 1302 515 millia-

336 539 512 586 riorum
526 535 736 586 distantia
750 538 774 585 ὲ
791 535 1068 587 Reverendis
1088 535 1292 586 Patribus

335 605 698 658 Observantibus
714 642 730 666 ,
760 604 1065 665 Reformatis,
1092 606 1292 657 διὲΝο-

334 677 546 729 stratibus
576 675 758 730 fundari
797 677 1100 748 prohibetur,
1131 676 1291 728 confir-

332 755 456 799 mat.

261 950 776 1002 CLEMENS
860 949 1138 999 PAPA
1223 949 1289 997 X.

456 1146 526 1190 Ad
538 1143 733 1206 futuram
755 1150 815 1192 ret·
838 1147 1060 1188 memoriam
1075 1173 1087 1185 .

397 1323 511 1378 Uper
536 1335 611 1377 pro
630 1331 751 1377 parte
779 1319 1032 1363 Dilectorum
1059 1319 1284 1365 Filiorum..

421 1381 589 1423 Ministri
630 1379 899 1425 Provincialis
921 1407 935 1430 ‚
973 1381 1013 1420 &
1053 1378 1213 1421 Definit·
1227 1379 1283 1421 -rii

255 1439 478 1484 Provinciae
494 1439 663 1482 Corficae
677 1439 842 1483 Ordinis
866 1440 1059 1480 Fratrum
1075 1438 1284 1480 Minor-um

254 1498 389 1543 Sanni
421 1497 615 1541 Francisci
643 1499 696 1541 de
727 1496 994 1542 observantia
1034 1507 1286 1551 nuncupato·

257 1571 348 1600 rum
365 1583 380 1607 ,
414 1559 452 1599 C
455 1558 738 1614 ongregationi
767 1555 1076 1599 venerabilium
1101 1557 1283 1598 Fratrum

260 1615 512 1659 Nostrorum
528 1621 565 1659 S.
586 1617 639 1657 R.
655 1618 705 1659 E.
721 1614 1003 1659 cardinalium
1019 1614 1222 1668 negtiis,
1248 1615 1290 1656 &

260 1673 474 1717 consultat.
499 1673 684 1731 Episcop.
708 1675 747 1717 &
763 1673 959 1729 Regular.
977 1673 1191 1728 praepofitae
1215 1685 1288 1714 ax-

256 1731 391 1789 posno
404 1761 418 1783 ,
446 1732 558 1789 quod
573 1735 732 1777 Fratres
748 1731 974 1776 Reformati
1002 1729 1096 1772 dieti
1120 1731 1287 1773 Ordinis

260 1804 410 1833 novum
427 1796 694 1834 conventum
715 1794 755 1834 in
771 1793 903 1834 Terra
925 1790 1101 1831 Vezzani
1116 1787 1285 1832 fundare

256 1848 515 1905 praetendeba
523 1859 565 1890 nt
579 1875 594 1898 ‚
625 1864 754 1907 eaque
767 1848 953 1892 fundatio
965 1847 1002 1888 in
1014 1847 1282 1900 graviffimum

254 1905 408 1949 cessura
423 1918 511 1950 erat
526 1906 800 1964 praejudicium
814 1917 986 1963 quatuor
999 1906 1076 1947 ἃς.
1087 1910 1279 1950 Conven-

257 1976 370 2007 tuum
384 1966 462 2007 διε.
473 1966 540 2019 qui
558 1965 663 2008 intra
679 1966 891 2023 septimum
917 1966 942 2007 ὲ
953 1965 1083 2006 Terra
1096 1965 1280 2019 praedicta

254 2022 427 2066 milliare
445 2022 507 2066 fiti
520 2022 629 2073 sunt,
655 2027 693 2067 &
707 2025 851 2068 eadem
864 2026 990 2065 Terra
1007 2023 1173 2064 maxima
1187 2036 1281 2078 pre-

252 2081 442 2124 mebatur
455 2082 589 2138 inopia
602 2111 615 2132 ‚
631 2097 704 2126 nec
718 2088 952 2125 Conventus
963 2093 1087 2135 capax
1097 2093 1185 2125 erat
1199 2083 1277 2124 διε.

250 2154 297 2182 ac
318 2149 533 2195 propterea
553 2140 699 2183 Eidem
713 2137 1036 2196 Congregationi
1061 2154 1136 2195 pro
1157 2150 1276 2195 parte

252 2198 450 2241 dierorum
468 2199 766 2253 Exponentium
780 2200 1004 2253 supplicato
1016 2198 1094 2240 διε.
1108 2212 1272 2242 θωπικ-

247 2260 309 2300 vit
321 2259 343 2301 ὲ
359 2255 544 2312 praedieta
558 2257 832 2302 cardinalium
844 2257 1173 2311 Congregatione
1189 2260 1272 2300 De-

247 2327 406 2358 cretum
420 2315 597 2366 tenoris,
612 2317 680 2372 qui
693 2315 870 2371 sequitur
881 2344 894 2364 ,
919 2313 1113 2358 videlicet
1126 2331 1183 2357 =
1195 2320 1268 2360 Sa-

1568 325 1609 366 D
1667 323 1702 365 E
1761 325 1799 366 C
1856 325 1898 367 R
1958 324 1993 366 E
2058 325 2096 367 Τ
2153 327 2195 369 Ο

1445 441 1577 492 Sacrae
1593 443 1793 511 Congreg.
1815 442 2003 510 Episcop.
2027 444 2082 492 &¹
2100 442 2275 514 Regu!
2287 481 2301 494 .

1352 576 1409 623 In
1451 571 1770 640 quaestuatione
1819 572 1987 621 limites
2015 575 2390 628 conventuum.»

1419 643 1576 713 egredi
1608 641 1871 712 prohibetur
1892 678 1907 692 .

1424 761 1534 816 Aci-a
1551 770 1830 828 congregatio
1855 770 1990 813 Emin.
2015 785 2061 814 ac
2077 772 2184 816 Rev.
2202 776 2242 816 S.
2260 776 2314 818 R.
2332 778 2385 819 E.

1451 831 1734 873 Cardintlium
1762 838 1902 885 negot.
1925 830 1964 870 δι
1982 828 2167 874 Consult.
2194 833 2328 887 Episc.
2347 837 2387 878 δε

1349 889 1612 942 Regulatium
1635 889 1836 943 praepofita
1863 915 1877 938 ‚
1907 889 2087 942 partibus
2113 889 2284 943 auditis,
2315 904 2380 936 at-

1348 963 1426 1006 que
1450 962 1523 1004 per
1553 946 1876 990 Conventionem
1900 947 2216 991 procuratorum
2244 953 2384 995 Gene-

1350 1007 1493 1049 talium
1522 1005 1808 1049 amicabilliter
1836 1005 2066 1061 compositis
2093 1035 2109 1058 ,
2154 1005 2383 1053 Refer-ente

1349 1063 1669 1109 Eminentiffimo
1716 1065 1978 1107 Santacrucio
2011 1064 2277 1119 declaravit,
2320 1081 2384 1112 at·

1348 1139 1427 1181 que
1452 1124 1637 1167 decrevit
1666 1149 1681 1173 ‚
1724 1137 1772 1167 ne
1798 1123 2055 1176 imposterum
2090 1123 2379 1176 praefatorum...

1346 1181 1744 1240 (observantium,&
1760 1179 2044 1236 Capacinorum
2059 1182 2165 1239 δι.)
2175 1184 2378 1228 Ordinum

1349 1246 1590 1285 Conventus
1619 1241 1801 1296 proprios
1830 1239 1914 1281 suos
1930 1240 2126 1283 districtus
2156 1244 2380 1298 egredian-

1346 1312 1415 1345 tur
1439 1330 1453 1353 ,
1484 1299 1549 1344 sed
1577 1300 1683 1341 intra
1706 1297 1796 1342 suos
1812 1297 1960 1342 limites
1989 1298 2028 1342 se
2051 1298 2218 1356 suosque
2242 1303 2379 1345 conti-

1343 1370 1494 1411 neant,
1525 1368 1570 1402 ut
1584 1358 1633 1398 ab
1660 1357 1737 1407 iis,
1769 1356 1913 1413 quibus
1942 1356 2196 1411 inserviunt,
2228 1359 2377 1404 susten-

1344 1420 1421 1463 tari
1453 1417 1606 1461 facilius
1632 1415 1805 1471 poffint3
1836 1429 1910 1459 nac
1934 1430 2011 1458 non
2031 1443 2045 1467 ,
2072 1426 2115 1458 ut
2133 1445 2147 1468 ‚
2177 1417 2243 1460 ubi
2278 1419 2369 1474 plu-

1346 1493 1410 1523 res
1423 1477 1679 1519 inveniuntur
1691 1479 1930 1518 Conventus
1945 1474 1983 1516 in
2004 1474 2153 1517 eodem
2167 1475 2344 1521 districtu
2361 1507 2374 1531 ,

1345 1540 1453 1580 inter
1476 1534 1636 1578 eosdem
1655 1536 1758 1577 ratio
1781 1532 2027 1588 antiquitatis
2043 1563 2057 1585 ‚
2089 1547 2134 1576 ac
2161 1534 2374 1580 fundatio·

1346 1597 1408 1640 nis
1435 1592 1729 1637 rationabiliter
1755 1593 1951 1634 habeatur
1979 1620 1993 1644 ,
2037 1592 2170 1647 ficquo
2206 1596 2371 1640 omnino

1347 1655 1496 1700 servari
1524 1650 1757 1696 mandavit.
1790 1651 2137 1709 Romae22.Junii
2162 1652 2284 1706 1674.

1485 1772 1538 1822 F.
1557 1767 1654 1821 «Μ.
1677 1769 1802 1820 Card.
1830 1767 2079 1819 Brancatius
2106 1767 2233 1839 Praef
2260 1804 2263 1806 -

1397 1904 1455 1945 Ex
1478 1897 1620 2002 chdell.
1639 1901 1782 1943 secret.
1810 1902 2045 1955 Congregat.
2067 1900 2188 1962 nmis:
2206 1900 2260 1951 ὠ·
2272 1900 2368 1943 anni

1446 1970 1535 2015 prae
1563 1987 1575 1999 .

1564 2076 2121 2142 NOTA.

1402 2228 1536 2264 Uborra
1558 2226 1654 2262 simili
1679 2226 1741 2262 lite
1771 2224 1858 2261 inter
1886 2223 2084 2269 Religiosos
2111 2224 2213 2273 hujus
2242 2223 2363 2262 Insula

1413 2276 1647 2313 Mendicantes
1667 2300 1680 2319 ‚
1703 2274 1793 2309 idem
1819 2275 2003 2309 Decretum
2030 2284 2235 2310 renovatum
2263 2272 2358 2310 effe..

1327 2326 1502 2371 perhibent
1524 2324 1622 2360 diaae
1648 2325 1714 2361 Sac
1738 2323 1854 2366 Cong.
1885 2321 2057 2366 aegesta,
2080 2323 2116 2358 ἃ
2143 2327 2359 2359 nocumenta

246 2388 314 2416 cra
338 2374 619 2429 Congregatio
647 2372 1057 2417 Eminentiffimorum
1087 2379 1125 2417 S,
1148 2378 1199 2417 R.
1220 2377 1266 2417 E.
1325 2375 1359 2409 in
1374 2373 1528 2410 Archivo
1542 2372 1704 2410 Generali
1715 2371 1872 2415 Ordinis,
1893 2370 2049 2408 armario
2062 2370 2254 2408 Provincia
2272 2369 2362 2407 Cor-

245 2431 530 2476 Cardinalium
557 2434 755 2488 negotiis,
778 2428 1043 2476 &consulran
1071 2434 1200 2488 Episc-
1227 2436 1267 2476 δε
1317 2422 1600 2472 ficaereservata.

244 2489 445 2546 Regular.
470 2489 673 2545 praepofita
687 2518 702 2539 a
733 2492 910 2548 partibus
931 2490 1077 2532 auditis
1091 2494 1170 2535 &c-
1200 2506 1265 2534 re-

247 2548 411 2590 ferente
428 2549 799 2592 Eminencntiffimo
814 2550 1108 2600 sarrtscrucio³
1137 2550 1272 2594 decla-

246 2607 355 2648 ravit
372 2608 449 2648 &c-
466 2606 662 2662 praediffis
679 2609 878 2652 Fratribus
906 2608 1109 2650 strictioris
1122 2608 1272 2651 Obser-

246 2665 390 2707 vantiae
408 2678 556 2708 novum
570 2667 830 2710 conventum
848 2668 886 2709 in
900 2666 994 2708 loco
1007 2666 1117 2710 dietae
1132 2669 1272 2710 Terrae

245 2724 429 2766 Vezzani
442 2725 521 2766 &c-
537 2726 700 2779 erigere
713 2725 879 2769 minime
892 2725 1019 2767 licere
1034 2753 1048 2776 ,
1074 2741 1121 2768 ac
1145 2727 1182 2768 in
1198 2741 1272 2782 po-

240 2781 393 2824 stet-um
408 2785 446 2824 in
471 2782 574 2824 dina
589 2783 760 2826 Corficae
788 2784 919 2827 Insula
947 2799 1021 2838 pro
1048 2784 1272 2843 hujusmodi

244 2838 576 2893 fundationibus,
601 2852 680 2885 tam
706 2844 757 2884 ab
772 2842 1118 2895 observantibus,
1148 2858 1270 2900 quam

240 2897 497 2943 Reformatis
513 2929 525 2951 ‚
556 2901 831 2956 &Capucinis
856 2901 1077 2956 respective
1102 2904 1266 2947 servan·

239 2958 332 3000 dam
354 2957 433 3001 esse
448 2959 594 3000 dictam
618 2958 847 3003 distantiam
875 2959 1094 3003 duodecim
1118 2961 1267 3004 millia-

237 3017 394 3059 riorum
416 3019 604 3060 mensurae
627 3018 787 3061 illarum
812 3019 990 3075 partium
1014 3021 1092 3062 &c-
1108 3034 1164 3062 ε
1180 3024 1265 3064 Nos

236 3074 453 3131 specialem
480 3076 567 3131 ipfis
603 3078 906 3132 Exponentibus
932 3079 1102 3133 gratiam
1128 3079 1264 3123 facere

237 3133 429 3176 volentes
439 3136 515 3176 διε.
528 3137 753 3178 Decretum
764 3138 1038 3191 praeinstrtum
1047 3139 1267 3182 auctorita·

238 3201 282 3234 te
308 3193 568 3246 Apostolica‚
601 3204 748 3235 tenore
778 3195 1029 3249 praesentium
1049 3195 1264 3240 confirma·

239 3263 325 3292 mus
340 3252 416 3292 &c.
437 3252 556 3294 Salva
573 3260 705 3295 tamen
723 3253 878 3309 semper
903 3254 942 3295 in
966 3255 1166 3311 praemiffis
1192 3270 1266 3298 au·

235 3311 431 3410 lctoritate
454 3309 647 3366 praedierae
679 3313 1023 3370 Congregationis
1062 3314 1262 3358 Cardina-

252 3368 333 3410 ium
351 3370 426 3410 διο.

1562 2550 1691 2565 ——U
1698 2552 2064 2568 ———-
2069 2551 2182 2563 ——n
2186 2551 2362 2567 -u——

1535 2647 2157 2693 DECRETO

1468 2765 1660 2833 Ejufilem
1693 2763 1825 2816 Sacrae
1848 2766 1889 2816 C
1887 2766 2191 2837 ongregationis
2206 2799 2220 2813 .

1329 2914 1517 2962 Novam
1533 2915 1743 2960 Domum
1761 2913 1962 2962 Olmetti
1991 2913 2104 2980 erIgi
2124 2947 2140 2970 ‚
2177 2907 2227 2961 <St
2251 2914 2361 2959 Fra-

1397 2998 1484 3032 tres
1522 2983 1567 3029 in
1608 2983 1734 3031 illam
1762 2981 1915 3032 induci
1944 3017 1961 3041 ,
2001 2979 2224 3052 Episcopo
2258 2980 2350 3030 loci

1393 3053 1705 3103 committitur
1723 3090 1736 3102 .

1371 3178 1662 3239 Eminentifflmi
1675 3210 1691 3233 ‚
1720 3194 1765 3224 ac
1793 3178 2103 3239 Reverendifflmi
2126 3180 2318 3223 Domini·

1412 3312 1528 3354 Atres
1544 3311 1742 3364 Capucini
1756 3310 1978 3354 Provinciae
1991 3307 2159 3355 Corficae
2179 3306 2347 3351 Humil-

1438 3369 1522 3411 limi
1549 3371 1634 3412 ΕΡ..
1661 3371 1753 3412 VV.
1770 3372 1965 3412 Oratores
1995 3366 2247 3411 devotissime
2281 3380 2355 3408 ex-

294 3428 446 3469 Datum
462 3429 600 3470 Romae
617 3428 721 3483 apud
738 3431 779 3471 8.
794 3430 965 3473 Mariam
981 3431 1176 3487 Majorcm
1196 3431 1262 3475 sub
1325 3438 1479 3481 ponunt
1503 3455 1518 3478 2
1555 3428 1734 3484 qualiter
1775 3443 1794 3470 a
1823 3428 1981 3483 Populo
2015 3426 2189 3470 Olmetti
2215 3425 2349 3467 Dioec.

237 3484 403 3527 Annulo
430 3486 643 3528 piscatoris
671 3486 739 3530 die
770 3502 835 3532 xx.
862 3487 962 3546 Maji
991 3503 1184 3535 uncrxxr
1201 3505 1212 3532 ι
1229 3504 1261 3532 ι.
1320 3482 1481 3539 Adiacii
1510 3488 1769 3543 requirantur
1795 3501 1868 3542 pro
1894 3499 2005 3529 novo
2031 3488 2277 3534 Conventa,
2302 3483 2353 3526 ad

236 3542 499 3587 Pontificatus
514 3544 632 3587 nostri
649 3557 755 3588 anno
768 3557 942 3603 quarto.
1321 3544 1554 3598 spiritualia
1579 3544 1692 3588 illius
1729 3546 1940 3588 commoda
1985 3544 2079 3586 inibi
2111 3541 2317 3584 fundando
2337 3571 2349 3583 .

1323 3606 1511 3659 Cumque
1533 3619 1604 3659 pro
1629 3603 1853 3655 hujusmodi
1881 3603 2084 3646 ereffione
2099 3610 2345 3644 concurrant

1321 3671 1403 3704 tam
1421 3661 1648 3706 Consensus
1669 3662 1839 3705 Parochi
1856 3691 1871 3712 ,
1905 3662 2066 3716 Populi,
2089 3675 2163 3714 pro
2183 3673 2241 3702 ιι.
2265 3662 2350 3707 Re-

293 3721 350 3764 Ex
365 3721 458 3774 Reg.
475 3723 616 3764 secret.
631 3726 751 3767 Brev.
768 3722 897 3780 Apoff.
913 3724 1046 3782 mensis
1061 3752 1074 3777 ,
1103 3723 1149 3774 θ’
1164 3726 1264 3768 amu·
1320 3720 1551 3777 ligiosorum
1590 3721 1879 3764 sustentatione
1907 3716 2138 3762 necefl‘arias
2172 3717 2354 3762 eleemo-

338 3778 466 3834 praed.
1244 3784 1246 3786 ’
1319 3779 1417 3823 sinas
1443 3780 1742 3825 subministrare
1771 3777 2081 3837 promittentis,
2110 3780 2150 3820 δι
2175 3776 2355 3879 &Frenis-

2212 3849 2302 3878 rmae
