2710 4108
326 233 490 368 ΟτΞίηἰς
528 322 714 363 Fratrum
740 315 947 361 Minorum
988 316 1120 359 Sanc‘ti
1156 315 1357 360 Francisci

322 383 624 437 Capucinorum
661 386 985 432 nuncupatorum
999 402 1014 425 ‚
1029 375 1207 431 ejusdem
1226 376 1355 419 Vallis

321 443 439 495 super
452 434 1198 494 quibusdamParochialibusEcclesiis,
1212 449 1286 492 per
1299 436 1360 492 ip-

326 500 385 543 sos
412 496 673 541 Miffionarios
708 503 824 537 antea
864 493 1149 538 administratis
1175 523 1191 546 ‚
1235 494 1358 537 modo

323 559 425 603 verb
441 553 651 599 abeodem
668 552 796 594 Clero
820 552 998 596 saeculari
1026 552 1092 605 vi,
1122 569 1168 596 ac
1193 551 1356 596 desasto

321 631 415 661 curn
439 613 662 656 eorundem
681 611 1013 655 Miffionariorum
1030 612 1264 668 expulsione
1280 625 1354 653 oc-

322 675 477 731 cupatis
497 701 510 723 ,
529 679 762 713 vertentem
775 700 790 721 ‚
803 671 842 712 in
858 671 944 713 dies
959 672 1168 715 oriantur:
1200 675 1288 715 Nos
1302 668 1357 711 de

322 730 630 777 Venerabilium
673 731 858 772 Fratrum
886 731 1127 774 Nostrorum
1156 734 1196 774 S.
1225 731 1278 772 R.
1307 730 1356 770 E.

318 789 598 836 Cardinalium
625 790 799 843 negotiis
826 790 1095 844 Propagandae
1112 789 1227 833 Fidei
1253 801 1355 844 prae-

319 850 539 906 positorum
550 846 730 894 consilio,
745 846 977 899 facultates,
989 862 1113 904 nuper
1129 846 1360 890 Venerabi-

265 946 269 952 .
318 912 347 953 11·
371 908 498 952 Fratri
521 906 694 964 johanni
720 905 1012 963 Christophoro
1048 905 1247 963 Episcopo
1271 907 1360 947 Do-

249 969 254 975 '
319 966 603 1024 mitiopolitan.
637 978 757 1018 quem
782 979 851 1020 per
878 965 1066 1022 quasdam
1105 965 1254 1007 nostras
1281 962 1358 1006 de-

316 1028 433 1083 super
449 1027 490 1067 in
507 1025 618 1067 fimili
636 1021 764 1066 forma
781 1026 919 1068 Brevis
933 1025 1000 1068 die
1015 1038 1073 1067 rx.
1089 1023 1242 1079 Aprilis
1259 1035 1354 1076 pro-

316 1086 422 1130 xime
445 1084 633 1138 praeteriti
658 1083 869 1139 expeditas
895 1084 1032 1126 literas
1049 1082 1179 1125 Vallis
1204 1080 1351 1136 praedi-

317 1150 386 1188 61ae
415 1142 670 1186 Vifitatorem
710 1141 986 1197 Apostolicum
1030 1140 1311 1196 deputavimus
1333 1168 1347 1192 ,

316 1200 515 1248 concessas
543 1226 557 1246 2
594 1201 833 1243 auctoritate
865 1199 1092 1257 Apostolica
1123 1226 1137 1248 ,
1166 1208 1351 1243 tenore,

314 1260 565 1319 praesentium
593 1256 878 1314 suspendentes
909 1287 923 1309 ,
955 1258 1220 1302 fraternitati
1254 1258 1349 1300 Tuae

314 1335 385 1377 per
417 1316 623 1373 praesentes
648 1317 939 1360 committimus
968 1348 981 1370 ,
1012 1319 1052 1359 δε
1080 1316 1347 1370 mandamus,

314 1390 361 1423 ut
380 1379 482 1419 veris
508 1375 765 1417 existentibus
792 1376 993 1428 narratis,
1023 1376 1149 1418 dic‘tos
1169 1375 1345 1431 Presby-

312 1450 424 1483 teros
456 1434 693 1484 saeculares,
726 1436 794 1491 qui
823 1433 901 1478 sese
930 1435 967 1478 in
991 1435 1190 1479 Ecclefias
1218 1435 1343 1477 Paro-

312 1495 467 1541 chiales
503 1491 708 1548 praediftas
749 1493 995 1538 intruserunt
1026 1526 1041 1547 ,
1084 1492 1348 1549 caeterosque

313 1557 437 1599 etiam
451 1552 574 1597 laicos
589 1578 602 1602 ‚
633 1566 732 1607 quos
747 1553 810 1596 Tu
823 1554 1002 1609 graviter
1019 1556 1092 1597 hac
1122 1554 1160 1597 in
1176 1566 1220 1595 re
1242 1551 1348 1596 deli-

316 1611 438 1670 quisse
474 1611 723 1666 compereris
746 1639 760 1662 ‚
800 1612 1167 1656 excommunicatos
1210 1611 1349 1657 dista,

315 1672 554 1715 auctoritate
591 1667 775 1712 declares
804 1700 818 1722 ‚
847 1672 914 1723 δε,
960 1681 1155 1725 quatenus
1194 1671 1344 1726 refipis-

314 1741 408 1772 cant
424 1758 438 1780 ,
471 1727 705 1783 veniamque
720 1727 948 1784 poscentes,
963 1729 985 1772 a
997 1730 1185 1773 similibus
1204 1729 1341 1771 exces-

311 1789 414 1831 sibus
431 1792 467 1828 in
492 1785 690 1841 posterum
717 1787 918 1831 abstinere
945 1786 1115 1833 firmiter
1148 1787 1338 1843 promise-

310 1849 390 1890 rint
408 1875 420 1895 ,
452 1844 631 1892 eosdem,
649 1844 834 1899 utsupra,
851 1846 1223 1890 excommunicatos
1240 1875 1253 1897 ,
1270 1847 1344 1889 im-

309 1905 432 1962 posita
446 1904 502 1945 eis
519 1916 590 1954 pro
605 1903 801 1957 praemiffis
817 1905 983 1947 arbitrio
1003 1908 1091 1949 Tuo
1104 1905 1232 1957 aliqua
1251 1919 1341 1960 poe-

312 1962 485 2006 nitentia
507 1960 694 2014 salutari„
726 1964 773 2003 ab
799 1962 1018 2005 excessibus
1041 1965 1263 2019 praedictis,
1294 1980 1340 2007 ac

308 2021 483 2065 censuris
505 2049 519 2070 ,
550 2021 586 2061 δε
614 2019 744 2075 poenis
772 2020 1053 2064 Ecclesiasticis
1085 2022 1336 2076 quibuslibet

306 2095 353 2122 ea
380 2082 431 2123 de
448 2076 561 2121 causa
588 2092 661 2132 per
676 2091 746 2119 eos
771 2079 957 2131 incursis,
975 2079 1080 2123 dicta
1099 2080 1339 2124 auctoritate

304 2140 344 2181 in
368 2137 493 2182 forma
513 2136 697 2178 Ecclefiae
710 2137 889 2192 privata,
907 2141 945 2182 in
967 2151 1140 2195 utroque
1163 2139 1255 2182 foro
1268 2145 1336 2185 ab·

303 2195 459 2248 solvas,
489 2198 526 2238 &
558 2195 741 2238 totaliter
756 2195 929 2250 liberes,
962 2200 1182 2253 poenasque
1198 2199 1335 2254 praefa-

305 2266 364 2298 tas
392 2258 451 2298 eis
478 2254 653 2310 gratiose
691 2255 874 2298 remittas
904 2287 918 2308 ,
951 2258 992 2299 &
1019 2257 1254 2301 condones:
1285 2275 1331 2303 ac

305 2330 397 2357 cum
426 2314 508 2356 illis
535 2312 650 2367 super
677 2315 976 2369 irregularitate
1009 2330 1082 2371 per
1106 2330 1176 2359 eos
1198 2344 1212 2366 2
1244 2321 1335 2374 quia

305 2374 478 2415 censuris
497 2370 719 2426 hujusmodi
736 2385 901 2428 propter
926 2375 1111 2431 praemiffa
1127 2378 1334 2431 innodati,

303 2432 342 2474 in
356 2432 428 2472 suis
444 2430 667 2473 Ordinibus
698 2432 810 2487 (non
826 2443 961 2476 tamen
976 2433 1012 2475 in
1027 2444 1335 2491 contemptum,

307 2489 517 2545 clavium)
550 2490 819 2532 ministrarunt
852 2520 866 2542 ,
898 2493 1208 2547 quomodolibet
1234 2510 1333 2539 con-

303 2551 428 2590 trac‘ta
445 2576 459 2599 ‚
490 2548 543 2589 ita
562 2558 603 2588 ut
627 2548 696 2589 illa
720 2548 914 2592 &iisdem
942 2552 1136 2606 praemiffis
1164 2568 1242 2597 non
1259 2554 1331 2596 ob-

299 2607 393 2650 stan.
411 2635 425 2658 ‚
455 2606 678 2649 dummodo
702 2607 856 2650 nullum
882 2610 992 2653 aliud
1008 2613 1259 2654 Canonicum
1273 2612 1329 2654 eis

297 2665 428 2708 obstet
455 2665 791 2719 impedimentum
817 2696 830 2718 ,
859 2667 1054 2711 Clericali
1083 2671 1328 2723 charanere,

302 2723 487 2779 illiusque
509 2723 730 2781 privilegiis
745 2755 757 2777 ,
789 2740 835 2768 ac
851 2727 1103 2781 Minoribus,
1139 2730 1179 2770 &
1207 2727 1324 2773 sacris

301 2785 427 2826 etiarn
468 2783 780 2839 Presbyteratus
820 2785 1067 2838 Ordinibus,
1115 2801 1189 2842 per
1226 2803 1325 2842 eos,

297 2842 394 2885 alias
411 2841 488 2883 rite
505 2843 713 2898 susceptis,
732 2845 806 2896 uti,
823 2843 888 2887 seu
901 2857 1095 2902 quatenus
1111 2845 1205 2889 illos
1221 2862 1320 2890 non·

295 2901 392 2942 dum
415 2900 684 2955 susceperint,
717 2904 766 2947 ad
786 2917 881 2952 εοε,
913 2905 937 2946 fi
955 2904 1058 2949 adid
1076 2906 1173 2948 alias
1189 2906 1328 2949 idonei

294 2960 551 3015 reperiantur
575 2988 590 3011 ,
632 2959 798 3005 servatis
833 2962 1036 3007 servandis
1062 2966 1323 3020 promoveri,

297 3020 338 3059 δε
356 3019 527 3073 promoti
551 3019 587 3059 in
606 3019 683 3062 illis
699 3050 712 3073 ‚
743 3023 867 3064 etiam
892 3024 930 3065 in
946 3023 1085 3066 altaris
1114 3025 1331 3066 ministerio

300 3077 521 3120 ministrare
546 3076 754 3132 libere‚&
771 3081 882 3123 licite
895 3082 1063 3137 possint,
1095 3085 1327 3135 &valeant,

295 3135 514 3189 respective
537 3135 679 3180 eadem
706 3141 946 3183 auctoritate
968 3141 1188 3199 dispenses.
1221 3143 1327 3186 Prae·

292 3204 405 3235 terea
424 3192 686 3239 Miffionarios
715 3197 959 3253 supradictos
982 3204 1020 3242 in
1039 3200 1244 3256 pristinum
1262 3216 1326 3243 re·
1400 3214 1403 3217 ·

292 3252 398 3295 ssitui
423 3252 615 3302 mandes,
647 3257 777 3299 &non
799 3257 922 3300 alias.
954 3261 1039 3302 Nos
1053 3259 1160 3302 enim
1179 3274 1323 3314 quam-

299 3325 472 3366 cumque
500 3311 752 3358 necessariam
771 3345 783 3366 ,
814 3317 850 3357 &
867 3328 1136 3371 opportunam
1158 3318 1208 3360 ad
1224 3333 1323 3374 prae-

294 3366 401 3410 misia
422 3369 654 3414 facultatem
671 3402 685 3424 ‚
703 3376 795 3417 Tibi
812 3375 950 3416 harum
966 3374 1091 3428 serie,
1109 3378 1323 3420 auctorita-

295 3436 338 3468 te
372 3430 552 3482 praedit‘ta
581 3433 791 3477 tribuimus
824 3435 864 3475 δι
887 3433 1126 3487 inpertimur
1149 3466 1160 3478 .
1192 3440 1319 3481 Nom,

293 3485 440 3528 obstan.
459 3489 695 3542 Apostolicis
711 3522 726 3545 ,
739 3507 785 3536 ac
801 3493 840 3533 in
869 3493 1157 3537 universalibus
1175 3523 1188 3545 ,
1219 3497 1320 3538 Pro-

294 3544 658 3603 vincialibusque&
683 3549 956 3606 synodalibus
981 3554 1182 3597 Conciliis
1194 3555 1316 3598 editis

291 3604 540 3657 generalibus
568 3636 578 3655 ,
623 3610 690 3652 vel
726 3609 963 3665 specialibus
1004 3612 1315 3656 Constitutioni-

291 3662 360 3702 bus
378 3690 389 3712 ‚
418 3663 458 3704 &
487 3667 846 3719 Ordinationibus,
877 3671 1119 3726 coeterisque
1145 3682 1313 3715 contra-

287 3720 359 3762 riis
374 3721 685 3781 quibuscumque
701 3757 713 3767 .
747 3731 894 3771 Datum
914 3730 1050 3771 Romae
1064 3730 1168 3784 apud
1184 3735 1226 3773 S.
1243 3732 1315 3773 Pe.

287 3790 396 3823 trum
431 3782 499 3823 sub
521 3785 684 3828 Annulo
719 3785 932 3830 Piscator-is
961 3817 974 3831 .
1014 3788 1091 3832 Die
1127 3802 1188 3832 tv.
1208 3790 1317 3847 Junii

1131 199 1685 290 Provincia

1418 333 1452 360 M
1468 333 1496 360 n
1514 333 1539 360 c
1554 332 1576 360 c
1594 333 1618 362 v
1635 333 1651 362 1
1673 334 1709 362 1.
1744 319 2010 366 Pontificatus
2056 319 2195 367 Nostri
2226 323 2347 368 Anno
2375 325 2460 384 stp-

1418 377 1520 419 timo
1535 401 1550 419 ·

2035 444 2080 485 12.
2102 437 2310 485 oliverius
2325 472 2339 486 .

1472 554 1532 595 Ex
1559 557 1653 612 Reg.
1670 556 1833 599 Archiv.
1857 559 2002 600 secret.
2031 561 2146 602 Brev.
2162 558 2302 617 'Apost.
2332 547 2453 624 φφκφξβ

1533 613 1582 662 L‘J'
1605 616 1833 670 annipraed.
1853 614 1939 674 sol.
1968 629 2030 672 19.

2336 759 2452 774 —

1626 851 1667 891 D
1725 852 1759 894 E
1820 850 1858 892 C
1916 850 1956 892 R
2017 803 2069 896 E·
2114 854 2152 896 T
2210 855 2252 896 O

1503 964 1635 1018 Sacrae
1652 969 1853 1038 Congreg·
1877 966 2064 1037 Epifiop.
2088 972 2142 1021 &¹
2159 969 2346 1042 Regul.

1414 1096 1706 1148 Construe'tio
1730 1097 1933 1166 Hospitii
1959 1101 2003 1149 in
2022 1101 2127 1151 loco
2151 1099 2291 1154 Remi
2306 1106 2448 1155 Bertii

1482 1165 1564 1218 sub
1586 1171 1814 1245 nonnullis
1830 1168 2060 1220 Clausulis
2078 1174 2375 1244 conceditur.

1482 1297 1586 1341 Acra
1612 1299 1890 1354 Congregatio
1916 1299 2046 1341 Emin.
2061 1315 2106 1343 ac
2135 1304 2241 1345 Rev.
2259 1305 2300 1346 S-
2319 1304 2372 1346 R.
2391 1303 2442 1344 E.

1507 1355 1784 1400 C‘ardinalium
1810 1367 1945 1414 negot.
1976 1359 2016 1400 &
2041 1361 2214 1403 consult.
2244 1362 2375 1418 Episc.
2401 1363 2442 1403 &

1408 1413 1559 1469 Regul.
1590 1415 1793 1470 praepofita
1815 1445 1831 1467 ‚
1876 1427 2038 1459 attenta
2072 1419 2275 1462 relatione
2309 1419 2444 1463 Emin.

1412 1474 1596 1529 Episcopi
1612 1474 1784 1517 Brixien.
1815 1475 1961 1518 Eidem
1987 1477 2162 1534 benigne
2189 1479 2365 1529 remitit,
2396 1487 2443 1520 ut

1411 1532 1516 1573 veris
1530 1534 1787 1577 existentibus
1810 1536 2006 1586 narratis,
2036 1537 2076 1577 δι
2092 1537 2313 1580 accedente
2337 1545 2440 1579 con-

1410 1587 1523 1634 sensu
1547 1592 1749 1643 Parochi,
1781 1593 1884 1636 intra
1910 1592 2023 1650 cujus
2048 1596 2257 1638 Parochiae
2288 1595 2441 1649 limites

1408 1650 1639 1703 praedit‘tum
1663 1650 1889 1706 Hospitium
1923 1651 2039 1696 situm
2065 1652 2152 1707 est,
2184 1668 2262 1711 pro
2288 1653 2359 1697 suo
2373 1668 2442 1697 ar-

1406 1708 1531 1752 bitrio
1557 1739 1570 1760 ,
1601 1712 1641 1752 &
1669 1710 1883 1766 prudentia
1912 1712 2125 1768 indulgeat
2146 1740 2160 1762 ,
2201 1723 2246 1755 ut
2276 1715 2439 1756 Fratres

1401 1769 1598 1821 Capucini
1614 1771 1811 1812 Oratores
1825 1771 1864 1812 in
1882 1771 2250 1828 HospitiQprivato
2267 1771 2440 1824 tantum,

1405 1828 1645 1870 continuare
1685 1828 1849 1871 valeant
1890 1845 1980 1872 cum
2019 1832 2275 1874 habitatione.
2299 1861 2311 1883 ‚
2354 1845 2440 1887 quae

1404 1886 1685 1928 tantummodo
1709 1887 1905 1931 deserviat
1935 1903 2007 1943 pro
2041 1890 2286 1945 recipiendis
2315 1890 2439 1933 Reli-

1402 1943 1516 1997 gioiis
1547 1946 1826 1987 itinerantibus
1853 1976 1867 1997 ‚
1900 1948 2008 2004 quod
2034 1949 2072 1990 in
2102 1949 2177 1990 illo
2207 1950 2316 1991 nulla
2353 1948 2437 1990 ser-

1399 2012 1518 2044 vetur
1544 2001 1669 2047 forma
1688 2004 1903 2060 Regularis
1926 2036 1941 2059 ‚
1971 2019 2048 2050 non
2079 2009 2261 2063 erigatur
2289 2007 2435 2049 Eccle-

1401 2059 1450 2101 fia
1468 2090 1482 2111 ‚
1510 2061 1578 2105 seu
1604 2065 1838 2105 Oratorium
1859 2063 2031 2108 formale
2047 2080 2138 2107 curn
2159 2070 2283 2123 Janua
2300 2067 2340 2127 in
2356 2081 2435 2120 pu-

1398 2118 1502 2162 blica
1532 2125 1623 2172 via,
1661 2121 1727 2163 sed
1758 2124 1912 2165 tantum
1941 2125 2175 2167 Oratorium
2198 2126 2433 2178 internum,

1396 2178 1446 2219 ad
1466 2178 1650 2222 effectum
1674 2179 1770 2222 inibi
1800 2181 1934 2224 Missas
1949 2211 1963 2234 ‚
1994 2185 2033 2224 &
2048 2185 2263 2226 Orationes
2296 2187 2433 2239 priva-

1394 2245 1454 2278 tas
1479 2252 1554 2293 pro
1566 2251 1710 2283 eorum
1734 2238 1943 2293 Spirituali
1961 2240 2028 2284 usu
2041 2242 2198 2286 tantum
2214 2243 2430 2286 celebran-

1391 2294 1471 2345 di,
1504 2300 1611 2353 quod
1627 2299 1667 2341 in
1685 2297 1759 2339 illo
1774 2299 2034 2341 Sacramenta
2055 2315 2132 2343 non
2147 2302 2432 2344 administren-

1400 2363 1469 2396 tur
1492 2382 1506 2404 ,
1537 2371 1611 2399 nec
1641 2356 1739 2399 fiant
1766 2357 1934 2412 publicae
1963 2360 2205 2411 conciones,
2237 2374 2311 2402 nec
2335 2375 2431 2415 prae-

1398 2423 1464 2454 ter
1480 2414 1609 2458 Miffas
1624 2417 1798 2471 privatas
1814 2445 1827 2466 ,
1860 2416 2011 2460 Divina
2027 2446 2041 2468 ‚
2075 2418 2239 2475 aliaeque
2255 2414 2425 2461 functio-

1395 2485 1467 2513 nes
1493 2484 1742 2529 peragantur
1768 2502 1784 2523 ‚
1816 2489 1890 2516 nec
1917 2476 2170 2519 tumulentur
2194 2478 2393 2521 cadavera
2412 2504 2428 2525 a

1385 2541 1470 2571 'nec
1486 2533 1713 2575 retineatur
1726 2538 1930 2588 Campana
1945 2564 1959 2586 ,
1993 2549 2068 2577 nec
2090 2535 2251 2592 aliquod
2275 2535 2425 2589 fignum
2464 2555 2468 2559 ·

1391 2589 1684 2641 extrinsecum,
1715 2591 1822 2649 quod
1841 2604 2020 2635 naturam
2035 2623 2051 2644 ,
2081 2595 2122 2641 δε
2144 2593 2425 2637 conditionem

1391 2648 1518 2695 meri,
1549 2651 1586 2690 &
1604 2651 1790 2706 simplicis
1806 2651 1978 2708 Hospitii
2006 2651 2200 2694 saecularis
2220 2651 2428 2697 transcen-

1385 2705 1483 2755 dat,
1513 2709 1553 2749 &
1580 2709 1764 2766 insuper,
1794 2711 1924 2766 quoad
1949 2712 2202 2767 Regulares,
2234 2710 2282 2751 ad
2314 2710 2422 2755 illud

1385 2765 1425 2807 se
1452 2765 1740 2812 transferentes
1767 2770 1928 2813 titulum
1954 2769 2200 2814 Praefidentis
2221 2798 2236 2820 ,
2270 2767 2335 2813 seu
2358 2773 2420 2813 al-

1384 2824 1507 2867 terius
1531 2826 1801 2871 officialitatis
1839 2843 1916 2872 non
1942 2827 2131 2872 assumant
2157 2858 2170 2871 .
2213 2830 2355 2871 Romae
2379 2840 2423 2879 5.

1390 2887 1599 2940 Septemb.
1633 2900 1752 2938 1710.

1771 3006 1828 3058 G.
1862 3006 1989 3057 Card.
2018 3007 2245 3075 Carpineus
2270 3042 2283 3055 .

1446 3134 1506 3175 Ex
1533 3136 1626 3190 Reg.
1667 3135 1828 3178 Archiv.
1860 3138 2003 3180 Secret-
2035 3141 2219 3193 congreg.
2256 3131 2385 3189 mensis
2401 3160 2415 3183 2

1501 3191 1556 3242 ἀι
1578 3197 1673 3236 anni
1689 3196 1821 3249 praed.

1817 3347 2413 3368 ——ffl-Q—

1583 3452 1623 3492 D
1685 3451 1719 3493 E
1778 3454 1817 3496 C
1875 3452 1916 3493 R
1975 3450 2009 3491 Ε
2070 3447 2107 3489 Τ
2166 3448 2204 3488 0

1634 3570 1828 3638 Ejusdem
1864 3566 1911 3616 S.
1939 3564 2137 3635 Congreg.

1378 3707 1467 3754 Pro
1496 3701 1757 3771 ampliando
1797 3702 2042 3749 Conventu
2075 3693 2301 3745 Manerbii
2333 3711 2407 3761 pe-

1445 3775 1560 3824 tium
1593 3788 1722 3823 terrae
1753 3769 1810 3821 ad
1838 3773 1945 3820 RR.
1994 3770 2083 3817 PP.
2116 3764 2409 3838 Augustinia-

2284 3849 2352 3878 BOS
