2762 4030
422 284 551 367 44

369 371 422 417 ad
439 374 668 428 eademque
682 365 818 413 omnia
833 395 848 421 ,
860 366 901 409 δε
915 363 1064 420 fingula
1087 361 1179 407 loca
1194 373 1410 413 montium,

367 443 415 477 ut
431 434 545 488 supra
560 457 574 480 2
591 425 765 473 emenda
779 454 794 479 ,
825 441 871 471 ac
887 427 1011 470 etiam
1033 422 1257 480 respective
1270 437 1409 469 cumu-

367 491 492 538 landa
517 520 532 546 ,
569 491 610 534 δι
634 487 804 532 illorum
833 486 1096 541 quoscunque
1124 481 1305 535 frunus,
1333 486 1407 530 im,

367 561 568 597 eventum
592 546 764 604 alicujus
787 546 895 599 litis,
923 547 963 587 ὃς
990 541 1176 588 molestiae
1207 544 1326 599 super
1342 543 1407 587 su-

368 610 555 670 pradie'to
570 608 644 654 fitu
658 636 673 660 ‚
691 609 729 650 δε
746 606 834 665 ejus
854 606 1011 664 juribus
1026 605 1106 647 &c.
1132 605 1201 657 fic,
1216 614 1262 646 ut
1276 601 1409 659 supra,

368 668 555 716 venditis
578 668 600 714 ἃ
627 668 771 727 quavis
786 666 958 722 persona
985 665 1064 707 διε.
1089 662 1406 723 quomodolibet

363 725 545 777 ‘inferem
559 756 574 781 ‚
598 727 667 774 seu
679 725 849 784 alicujus
864 723 1077 769 eviftionis
1091 722 1293 779 generalis
1305 752 1320 773 ,
1337 722 1404 765 vel

368 787 632 850 particularis
669 787 710 832 in
743 787 887 847 quovis
913 784 1068 842 judicio
1092 810 1107 834 ,
1142 784 1221 827 &c-
1244 783 1407 826 etiam.)

368 845 601 907 possessorio
615 842 943 896 summariffimo,
976 842 1042 885 seu
1054 843 1210 894 mixto,
1232 852 1301 885 aut
1317 840 1405 883 nul·

367 909 496 955 litatis
510 938 526 964 ,
544 905 813 951 invaliditatis
826 933 840 956 ,
856 903 921 948 seu
939 901 1195 954 testimonis,
1222 912 1290 947 aut
1308 914 1405 944 con-

366 979 432 1012 tra
440 966 658 1016 ventionis,
669 967 710 1011 &
725 962 1034 1008 inobservantia:
1046 962 1247 1019 praesentis
1264 959 1407 1001 instru-

366 1028 499 1073 menti
514 1057 530 1082 ‚
545 1027 586 1070 δι
600 1034 891 1072 contentorum
914 1023 955 1066 in
973 1036 1024 1064 eo
1036 1049 1049 1072 a
1065 1023 1103 1065 in
1119 1031 1210 1065 toto
1227 1049 1241 1073 ,
1274 1019 1339 1061 vel
1367 1018 1407 1062 in

364 1097 518 1144 parte,
544 1084 895 1142 exquoviscapite
917 1112 931 1134 ,
957 1081 1108 1128 titulo,
1125 1080 1215 1137 jure.
1240 1106 1254 1130 2
1289 1075 1407 1120 defe-

365 1147 430 1189 e‘tu
446 1175 460 1199 ,
492 1147 531 1190 86
545 1143 660 1191 causa
674 1169 690 1192 9
707 1143 832 1189 etiam
847 1142 915 1185 hic
938 1155 1020 1188 non
1045 1138 1224 1195 expressa
1241 1165 1255 1188 ,
1272 1138 1310 1180 &
1325 1134 1404 1177 for·

364 1205 435 1249 san
452 1205 506 1249 de
518 1203 758 1248 necestitate
772 1200 1040 1259 exprimenda
1054 1229 1068 1253 ,
1084 1200 1179 1241 &in
1193 1197 1379 1242 omnibus
1394 1224 1407 1249 ,

365 1267 408 1308 &
430 1262 593 1321 singulis
621 1262 740 1314 aliis,
766 1263 807 1303 &
828 1260 1131 1317 quibuscunque
1157 1255 1309 1299 casibus
1327 1284 1340 1306 ,
1367 1255 1406 1300 in

365 1324 511 1381 quibus
527 1321 655 1366 dietus
665 1321 866 1366 illustriss.
878 1320 919 1360 &
933 1315 1226 1362 Reverendiss.
1244 1318 1406 1358 D-Car..

363 1380 514 1426 dinalis
531 1408 546 1431 ,
577 1382 617 1422 &
644 1378 797 1423 sui&c.
822 1391 875 1419 ex
904 1376 1038 1427 fano,
1065 1375 1194 1428 date,
1213 1377 1254 1418 δε
1284 1374 1404 1430 culpa

362 1441 461 1485 dieti
477 1437 814 1485 Excellentiffimi
830 1434 1148 1488 D-Venditoris,
1161 1435 1227 1478 vel
1241 1434 1404 1478 suorum

362 1497 603 1549 haeredum,
629 1498 671 1543 δε
683 1493 976 1549 successorum,
991 1493 1058 1540 seu
1073 1492 1372 1540 antecessorum
1387 1523 1402 1545 ,

359 1569 431 1606 aut
445 1559 658 1605 auflorum
672 1555 846 1602 aliorum
855 1567 1168 1613 quorumcumq3
1183 1584 1198 1606 ,
1213 1564 1259 1598 ut
1273 1556 1405 1610 supra,

359 1617 750 1678 quomodocumque
777 1644 792 1667 ,
817 1616 856 1657 δε
881 1613 1223 1673 qualitercunque
1243 1644 1259 1665 ,
1288 1615 1325 1655 δι
1353 1628 1404 1656 ex

355 1689 602 1736 quocunque
615 1676 752 1731 capite
766 1702 780 1726 s
796 1673 875 1717 five
890 1672 1011 1716 causa
1025 1674 1322 1731 impedirentur
1339 1675 1399 1716 su·-

356 1752 434 1796 per
447 1735 630 1782 dominio
643 1736 706 1786 a&
721 1733 847 1779 libera
866 1731 1096 1789 poiseffione
1114 1764 1128 1784 ,
1145 1736 1183 1775 &
1199 1732 1397 1776 fruitione

358 1796 456 1842 dieti
472 1793 566 1842 fitt'is
582 1823 596 1846 ,
609 1795 650 1839 ὃς
664 1793 771 1837 illius
787 1792 964 1851 jurium,
980 1804 1024 1835 ut
1040 1792 1155 1849 supra
1172 1821 1187 1844 ,
1206 1791 1394 1836 vendito·

358 1853 784 1910 rum,toties,quoties
801 1852 910 1897 casus
927 1850 1079 1909 praesati
1099 1881 1112 1903 ,
1129 1862 1198 1894 aut
1214 1851 1319 1893 alter
1332 1865 1399 1893 eo.

357 1929 448 1960 rum
463 1914 651 1958 evenerit
667 1942 681 1967 ,
695 1913 816 1955 liceat
832 1911 941 1954 dieto
955 1911 1156 1956 Illustriss.
1171 1939 1185 1961 ,
1203 1912 1243 1951 &
1261 1912 1402 1952 Reve-

357 1972 593 2019 rendiffimo
620 1975 674 2017 D.
690 1970 904 2018 Cardinali
921 1972 1107 2029 Emptori
1131 2001 1146 2022 ,
1177 1969 1306 2015 &suis
1321 1971 1398 2011 &c-

356 2032 594 2090 specialiter
615 2034 694 2074 &c-
727 2031 783 2075 ita
812 2040 949 2075 tamen
966 2034 1044 2075 &c.
1061 2060 1074 2082 ,
1101 2040 1146 2072 ut
1175 2032 1291 2085 supra
1309 2057 1323 2079 ,
1348 2029 1401 2070 li-

357 2093 507 2136 berum
521 2093 675 2135 habere
689 2089 899 2133 recursum
912 2119 926 2140 ,
947 2093 986 2132 ὃς
1002 2089 1200 2133 acceffum
1214 2119 1229 2142 ,
1251 2090 1290 2129 δε
1311 2088 1370 2129 eis
1385 2115 1400 2140 ,

351 2152 605 2206 illorumque
625 2148 822 2192 frustibus
847 2148 901 2189 de
924 2147 1029 2193 fadio
1044 2175 1058 2196 a
1071 2148 1235 2205 propria
1261 2151 1399 2189 aueto-

352 2211 482 2258 ritate
496 2236 510 2259 a
530 2208 609 2254 fine
626 2208 793 2255 licentia
815 2206 989 2264 alicujus
1005 2208 1162 2264 Judicis
1178 2209 1254 2248 &c.
1289 2205 1399 2248 nulla

352 2270 617 2329 praecedente
638 2267 865 2313 citatione,
885 2265 1037 2323 absque
1067 2267 1170 2309 vitio
1201 2265 1398 2308 nullitatis

352 2329 504 2388 spolii,
526 2329 879 2370 &attentatorum
896 2353 910 2379 ,
925 2327 1051 2370 etiam
1064 2338 1311 2382 quacunque
1326 2325 1399 2366 lite

353 2388 564 2446 pendente
577 2413 593 2440 ,
606 2385 647 2430 se
668 2386 859 2432 investire
875 2414 891 2439 ,
926 2383 1179 2443 illorumque
1198 2383 1398 2439 poiseffio-

354 2461 452 2494 nem
475 2444 630 2491 realem
652 2445 730 2484 διε.
762 2456 914 2500 capere
942 2470 958 2493 ,
987 2445 1029 2487 &
1054 2444 1365 2498 apprehendere
1381 2471 1397 2497 ,

351 2521 402 2551 ac
415 2506 544 2552 dictos
561 2500 731 2549 fruetuS,
749 2499 771 2548 a
791 2501 938 2558 quibus
951 2514 1051 2557 opus
1068 2500 1190 2542 fuerit
1204 2527 1218 2545 2
1231 2511 1394 2555 petere,

355 2568 398 2612 ὃς
422 2566 589 2621 exigere
603 2577 680 2623 pro
703 2570 818 2612 rata,
840 2560 1125 2615 &quantitate
1148 2557 1395 2611 necessaria,

355 2627 396 2670 &
417 2634 647 2681 opportuna
671 2634 748 2679 pro
777 2618 1067 2667 sustentatione
1091 2618 1255 2668 litium,
1282 2620 1391 2660 secu-

353 2683 400 2728 ta
415 2684 514 2727 vero
537 2681 738 2727 evic‘tione
750 2692 994 2735 quacunque
1010 2707 1023 2729 ‚
1036 2678 1143 2723 dieta
1161 2678 1251 2720 loca
1273 2679 1392 2718 Mon-

354 2744 459 2789 tium
488 2740 702 2795 vendere,
726 2740 769 2783 δε
793 2739 975 2783 alienare
1001 2736 1179 2792 personae
1195 2765 1207 2786 ,
1239 2737 1277 2776 &
1303 2750 1395 2790 per-1

352 2802 458 2848 sonis
475 2828 490 2854 2
520 2814 565 2846 ac
582 2813 657 2856 pro
669 2798 809 2855 pretio
823 2826 837 2849 ,
853 2798 893 2838 &
909 2796 1053 2853 pretiis
1067 2795 1364 2855 reperibilibus
1380 2824 1393 2847 ,

356 2864 399 2910 δε.
412 2862 469 2906 eis
487 2857 687 2907 benevifis
700 2886 714 2911 2
746 2859 786 2903 &
799 2856 952 2901 dietum
969 2855 1150 2912 pretium
1167 2883 1181 2906 ,
1209 2854 1275 2897 seu
1294 2869 1391 2910 pre-

350 2923 409 2966 tia
429 2919 584 2977 pariter
604 2918 773 2973 exigere
790 2945 804 2972 ,
820 2917 860 2958 &
874 2915 928 2958 de
944 2930 996 2958 eo
1013 2944 1028 2968 ,
1044 2914 1109 2958 vel
1131 2914 1215 2967 eis,
1230 2928 1390 2960 necnon

349 2981 409 3024 de
425 2979 541 3024 distis
570 2977 765 3023 fructibus
785 3004 799 3027 ‚
829 2984 957 3034 prout
973 2989 1075 3031 opus
1092 2971 1216 3020 fuerit
1234 3001 1249 3028 ,
1265 2988 1390 3021 cum⁴

351 3039 480 3084 solitis
503 3037 688 3085 clausulis
709 3036 899 3097 quietare
912 3066 928 3088 ,
959 3039 1027 3082 seu
1058 3035 1163 3081 dista
1195 3033 1284 3076 loca
1300 3046 1390 3076 om-

350 3101 445 3152 nia,
479 3097 731 3153 illorumque
762 3095 914 3139 fructus
946 3107 1071 3150 penes
1099 3092 1139 3137 se
1169 3093 1349 3137 retinere
1374 3121 1389 3143 ,

350 3161 392 3201 δι.
405 3159 559 3202 habere
573 3187 587 3209 ,
612 3171 659 3199 ac
674 3153 922 3200 usufructare
937 3154 1032 3199 loco
1045 3154 1104 3198 rei
1120 3153 1259 3195 evir‘tae
1273 3181 1286 3202 ,
1301 3162 1391 3193 tur..

351 3221 480 3269 batae,
512 3217 577 3262 vel
607 3214 810 3273 impeditae
841 3244 855 3266 ,
879 3216 919 3260 δε
948 3212 1074 3269 usque
1111 3212 1161 3257 ad
1190 3209 1392 3258 sublatam

349 3278 596 3323 evifflonem
614 3303 628 3326 ‚
654 3275 722 3321 vel
749 3274 1116 3331 impedimentum,
1143 3270 1395 3322 molestiam,

350 3348 420 3380 aut
446 3337 755 3380 turbationem.
788 3337 853 3377 Ita
880 3344 1019 3379 tamen
1036 3362 1050 3384 ,
1082 3340 1132 3376 ut
1156 3331 1322 3377 interim
1353 3332 1392 3378 in

349 3398 426 3441 isto
454 3396 548 3440 casu
562 3395 716 3440 fructus
742 3395 782 3436 in
800 3393 950 3437 sortem
967 3391 1135 3438 minime
1150 3400 1391 3447 computen-

353 3467 420 3500 tur
436 3485 451 3509 ,
475 3459 516 3503 δε
545 3456 641 3499 alias
670 3454 725 3498 de
753 3455 812 3496 eis
836 3451 1002 3504 facere,
1031 3453 1071 3494 δε
1095 3450 1312 3508 disponere
1339 3449 1391 3496 ad

355 3529 497 3558 eorum
529 3513 865 3572 beneplacitum,
888 3514 927 3555 &
957 3512 1215 3556 voluntatem
1234 3522 1307 3567 pro
1322 3524 1394 3552 eo·-

357 3588 446 3616 rum
471 3576 720 3620 liberatione
745 3575 769 3622 a
795 3571 986 3616 molestiis
1004 3603 1019 3624 ,
1043 3586 1090 3617 ac
1118 3568 1393 3617 conservatio·

356 3647 434 3683 ne,
455 3636 494 3675 &
519 3636 773 3680 relevatione
796 3632 1075 3677 indemnitatis
1093 3632 1143 3675 ab
1158 3630 1391 3687 evictione,

356 3691 590 3748 damnisque
616 3695 726 3750 paffis
744 3707 835 3737 cum
850 3692 1028 3738 clausula
1041 3719 1056 3742 ,
1083 3692 1124 3736 δέ
1140 3688 1285 3733 effectu
1299 3706 1391 3735 con.

354 3750 519 3800 scituri,
547 3753 586 3793 &
611 3753 782 3808 precarii
802 3766 1005 3810 nunquam
1024 3749 1302 3807 praescriben.,
1319 3751 1391 3794 sed

357 3810 399 3852 in
425 3821 666 3867 perpetuum
693 3813 905 3864 duraturi,
933 3814 975 3853 &
1001 3825 1091 3857 cum
1115 3809 1200 3853 aliis
1233 3809 1391 3854 clausu-

353 3869 405 3916 lis
422 3898 436 3925 ,
461 3870 501 3915 &
525 3868 789 3918 facultatibus
811 3872 1070 3928 necessariis,
1096 3871 1136 3916 ὃ(
1151 3871 1390 3931 opportunis

1187 244 1725 339 Provincia

1471 382 1547 425 pro
1573 367 1715 426 majori
1740 367 1902 412 cautela
1925 399 1940 424 ,
1967 373 2006 414 ὅ(
2031 372 2250 417 securitate
2276 374 2384 420 dini·
2403 381 2514 426 niu.

1470 427 1669 481 strissimi,
1698 430 2092 476 &Reverendiffimi
2121 437 2173 477 D.
2186 435 2450 492 CardinaliS,
2476 443 2515 484 ὃς

1461 489 1639 547 suorum
1652 491 1730 534 &a
1753 487 1914 546 semper
1934 504 2076 536 tamen
2100 493 2181 536 sine
2195 495 2438 554 praejudicio
2459 497 2512 544 fas

1469 548 1638 592 cultatis
1656 549 1829 610 agendi,
1860 549 2008 604 vigore
2042 553 2274 611 principalis
2298 556 2516 611 obligatio-

1469 609 1556 661 nis,
1585 609 1624 654 ὃς
1641 609 1795 656 virtute
1817 606 1991 654 aliorum
2015 613 2296 658 remediorum
2314 630 2516 672 quorum-

1467 681 1647 727 cunque,
1661 682 1712 710 ex
1728 670 1806 713 hoc
1821 666 2106 724 instrumento,
2124 675 2164 715 δι
2177 673 2277 720 alias
2292 674 2510 720 undecun—

1467 743 1549 787 que
1573 725 1761 774 resultan.
1788 734 1932 771 contra
1948 731 2209 787 quoscunque
2225 763 2240 784 ,
2266 736 2305 777 ὃς
2319 749 2414 777 cum
2431 751 2507 791 po-

1468 787 1614 836 testate
1629 786 1898 833 variandi&c.
1916 789 2099 844 ita2quod
2113 789 2193 833 una
2209 791 2273 836 via
2288 794 2422 837 electa
2434 797 2513 837 &c-

1470 851 1523 892 Et
1540 847 1567 887 si
1591 846 1815 894 acciderit,
1830 847 1942 901 quod
1968 846 2098 891 difflus
2111 850 2312 895 illustriss.
2331 855 2383 895 D.
2399 858 2509 898 Car-

1468 905 1616 951 dinalis
1631 933 1644 956 ,
1678 906 1746 951 vel
1770 904 1827 950 sui
1843 907 1920 948 &c.
1946 906 2105 951 utendo
2128 910 2332 965 regreffu,
2354 915 2395 954 ἃ».
2416 927 2511 956 ma-

1472 979 1594 1013 nuum
1635 963 1859 1023 injectione
1899 966 2087 1020 praesent.
2129 968 2309 1013 vendere
2343 972 2508 1017 vellent

1471 1027 1647 1080 aliquam
1673 1035 1834 1079 partem
1860 1022 2224 1082 suprascriptorum
2247 1030 2509 1075 investimen-

1469 1096 1607 1130 torum
1634 1082 1684 1127 ad
1700 1082 1866 1128 effeetus
1889 1082 2074 1141 praefatos
2090 1114 2104 1137 ,
2131 1097 2227 1130 tunc
2244 1116 2259 1140 ,
2288 1090 2329 1130 ὃς
2347 1103 2399 1132 eo
2417 1090 2512 1134 casu

1469 1145 1594 1187 ambae
1611 1143 1756 1185 Partes
1770 1155 2058 1188 convenerunt
2073 1171 2087 1193 s
2102 1146 2212 1203 quod
2239 1147 2391 1190 fruffi’tus
2417 1149 2515 1192 refi-

1467 1203 1538 1247 dui
1563 1201 1788 1246 eorundem
1811 1202 2189 1249 investimentorum
2217 1205 2478 1266 subjiciantur
2498 1237 2513 1262 ,

1465 1267 1506 1306 δε
1538 1261 1677 1317 subjici
1707 1260 1887 1307 debeant
1913 1262 2176 1320 multiplico,
2204 1265 2341 1309 donec
2369 1281 2420 1310 ex
2451 1268 2512 1311 eis

1467 1320 1688 1378 congesta,
1714 1321 1918 1367 cumulata
1935 1352 1949 1374 ,
1975 1323 2014 1366 &
2039 1324 2240 1379 integrata
2263 1324 2390 1369 fuerit
2407 1325 2513 1368 siim-

1468 1396 1530 1425 ma
1543 1411 1559 1433 ,
1573 1395 1662 1438 quae
1674 1394 1748 1436 per
1762 1380 1909 1426 dictam
1930 1381 2248 1437 alienationem,
2265 1384 2487 1440 regress‘um
2500 1416 2513 1438 ‚

1464 1445 1504 1485 δι
1529 1454 1721 1483 manuum
1743 1440 2002 1497 injestionem
2027 1441 2246 1496 adempta,
2275 1444 2512 1488 &diminu-

1464 1513 1504 1546 ta
1530 1497 1684 1552 fuerit,
1710 1501 1748 1542 &
1778 1501 1854 1544 hoc
1885 1499 2038 1556 servari
2054 1502 2205 1545 debeat
2237 1504 2393 1554 toties,
2409 1518 2510 1559 qno-

1467 1562 1548 1606 ties
1572 1558 1685 1603 casus
1712 1559 1890 1616 praedieti
1920 1560 2155 1615 regressus,
2186 1559 2250 1602 seu
2281 1576 2511 1606 manuum„-

1466 1619 1725 1676 injeerionis.,
1756 1621 1797 1660 &
1826 1618 1997 1673 praefatae
2026 1619 2283 1664 alienationis
2312 1621 2504 1668 venerit,

1460 1682 1552 1736 quia
1581 1679 1632 1721 sic
1648 1681 1724 1721 δίς.
1762 1680 1953 1737 Qorum
1976 1678 2146 1735 quidem
2170 1681 2351 1723 omnium
2378 1682 2512 1723 Loco-

1460 1754 1552 1786 rum
1570 1738 1650 1787 fic,
1679 1747 1727 1779 ut
1748 1736 1863 1792 supra
1879 1763 1895 1785 a
1925 1751 2002 1791 pro
2018 1737 2253 1793 multiplico
2275 1737 2508 1794 hujusmodi

1461 1797 1731 1843 emendorum
1747 1793 1924 1842 fruetus,
1935 1797 1972 1836 &
1989 1793 2192 1838 frufiuum
2210 1794 2379 1848 fruistuS,
2391 1797 2506 1852 quod

1461 1855 1660 1904 sufficiant
1684 1869 1761 1910 pro
1785 1853 1965 1896 emendo
1995 1869 2103 1903 uno,
2135 1854 2203 1897 vel
2219 1855 2409 1911 pluribus
2427 1859 2510 1899 Lo-

1464 1917 1523 1962 cis
1539 1914 1742 1958 Montium
1757 1939 1772 1962 a
1803 1912 1985 1955 debeant
2007 1913 2168 1970 semper
2187 1915 2229 1956 in
2246 1917 2335 1958 ae'tu
2359 1928 2506 1957 eorum

1464 1974 1684 2022 exastionis
1707 1973 1928 2021 converti,
1951 1975 2168 2028 &erogari
2197 1974 2236 2015 in
2253 1974 2508 2030 emptionem

1462 2044 1527 2082 tot
1543 2033 1730 2079 locorum
1746 2032 1970 2081 Montium,
1983 2047 2063 2075 non
2079 2033 2342 2084 vacabilium,
2355 2032 2406 2075 ad
2422 2036 2510 2076 Ca-

1461 2107 1620 2140 meram
1633 2091 1910 2147 Apostolicam
1934 2090 2249 2141 tantummodo,
2278 2094 2319 2134 &
2343 2106 2425 2136 non
2453 2091 2505 2135 ad

1461 2154 1559 2199 alias
1576 2149 1763 2208 personas
1777 2177 1791 2199 a
1805 2161 1853 2194 ut
1866 2150 1996 2207 supra,
2011 2153 2250 2208 spectantia,
2269 2166 2363 2195 cum
2378 2150 2508 2193 stien-

1462 2214 1519 2258 tia
1533 2238 1546 2259 2
1578 2213 1618 2252 &
1642 2209 1837 2256 consensu
1864 2210 1962 2255 dicti
1976 2210 2178 2255 Illustriss.
2195 2237 2211 2261 ,
2229 2212 2270 2252 &
2290 2213 2508 2254 Reveren-

1460 2271 1602 2317 diffimi
1629 2273 1681 2313 D.
1698 2268 1933 2315 Cardinalis
1947 2297 1961 2318 2
1986 2271 2025 2316 84
2043 2269 2203 2315 suorum
2219 2272 2326 2317 &c.·,
2346 2285 2391 2313 ac
2411 2283 2504 2312 cum

1460 2329 1780 2376 declaratione,
1811 2329 1924 2384 quod
1951 2330 2118 2375 illorum
2148 2330 2326 2389 pretium
2351 2343 2505 2386 prove·

1461 2389 1575 2435 niens
1602 2401 1653 2429 ex
1674 2386 1898 2443 hujusmodi
1927 2389 2187 2445 multiplico,
2219 2403 2379 2433 necnon
2405 2401 2513 2430 cum·

1459 2446 1698 2492 conditione
1711 2472 1725 2493 a
1760 2444 1868 2500 quod
1887 2446 1987 2489 stare
2005 2446 2184 2491 debeant
2202 2462 2278 2505 pro
2294 2446 2378 2503 ipso
2392 2447 2501 2489 mule

1456 2504 1602 2559 tiplico
1625 2502 1844 2551 faciendo,
1866 2506 1905 2545 &
1926 2505 2151 2562 respestive
2173 2506 2408 2563 specialiter
2422 2508 2498 2548 &c-

1455 2562 1512 2608 ita
1540 2573 1675 2604 tamen
1691 2564 1772 2607 &c.
1799 2562 2016 2617 primario,
2040 2565 2080 2607 δε
2095 2564 2375 2619 principaliter
2395 2564 2502 2606 obli-

1457 2634 1547 2678 gata
1562 2649 1576 2670 ·,
1606 2623 1642 2662 &
1662 2622 1909 2675 hypotecata
1925 2619 1974 2663 ad
1992 2620 2169 2665 favorem
2195 2623 2290 2665 dieti
2307 2621 2495 2665 Illustris-

1456 2683 1539 2727 fimi
1567 2684 1620 2722 D.
1637 2679 1868 2722 Cardinalis
1882 2694 1956 2735 pro
1980 2681 2183 2723 evidiione
2195 2681 2292 2725 dieti
2315 2679 2408 2723 finis
2423 2707 2438 2730 ,
2453 2692 2498 2724 ut·

1454 2742 1598 2795 supra,
1626 2738 1814 2784 venditi,
1843 2738 2001 2788 modis,
2028 2742 2069 2785 &
2098 2738 2239 2783 formis
2266 2741 2495 2796 praedietis,

1453 2816 1540 2857 quae
1568 2800 1636 2842 hic
1652 2812 1725 2854 pro
1753 2798 1938 2854 repetitis
1958 2800 2183 2843 habeantur
2201 2827 2216 2848 a
2245 2802 2286 2842 δε
2313 2800 2352 2843 id
2374 2798 2490 2850 fieri,

1453 2863 1494 2906 δι
1526 2857 1825 2904 inviolabiliter
1855 2860 2006 2906 servari
2034 2859 2187 2902 debeat
2207 2886 2222 2909 ,
2245 2859 2380 2902 donec
2406 2885 2420 2907 a
2456 2860 2497 2900 &

1452 2921 1660 2979 quousque
1675 2933 1727 2960 ex
1744 2917 1945 2973 praedictis
1958 2945 1972 2968 ,
1994 2920 2032 2961 &
2055 2919 2301 2963 continuatis
2319 2918 2496 2973 emptio-

1452 2981 1570 3027 nibus
1585 3004 1599 3027 a
1626 2980 1664 3022 ,δε
1682 2977 1950 3025 investituris,
1970 2991 2055 3035 quae
2067 2992 2273 3034 nunquam
2288 2978 2493 3022 intermit-

1454 3041 1485 3082 ti
1516 3037 1782 3085 debeant2in
1811 3047 1948 3081 totum
1962 3051 2041 3080 una
2072 3052 2165 3080 cum
2195 3037 2309 3081 dicto
2335 3036 2497 3093 capitali

1452 3097 1660 3144 scutorum
1685 3096 1800 3143 mille
1814 3097 2032 3152 congesta,
2057 3100 2096 3139 &
2114 3097 2386 3152 multiplicata
2402 3092 2492 3136 fue-

1453 3159 1507 3205 rit
1526 3155 1677 3201 summa
1692 3157 1897 3201 dictorum
1915 3157 2129 3201 scutorum
2150 3157 2217 3201 sex
2229 3155 2400 3198 millium
2414 3180 2428 3200 a
2453 3156 2494 3195 δε

1453 3218 1773 3274 quingentorum
1799 3230 1875 3274 pro
1900 3220 2038 3271 pretio
2060 3215 2162 3260 dicti
2188 3211 2280 3258 situs
2296 3240 2312 3261 ,
2342 3214 2398 3255 ita
2415 3239 2429 3261 a
2455 3214 2495 3255 δε

1454 3275 1731 3331 εειΙίῐετ,ᾳυοά
1744 3274 1878 3319 dictus
1890 3272 2263 3321 Excellentiffimus
2277 3277 2372 3316 Dux
2383 3273 2498 3315 Ven-

1454 3336 1587 3384 ditor,
1605 3334 1791 3390 illiusque
1804 3335 1923 3382 Filii,
1942 3332 2270 3385 Descendentes,
2284 3330 2462 3375 haeredes
2476 3357 2491 3379 ι,

1453 3398 1494 3439 &
1519 3391 1792 3444 successores,
1817 3396 1857 3437 &
1883 3394 1949 3437 alii
1977 3395 2208 3450 quicunque
2233 3392 2426 3439 interim,
2443 3404 2490 3431 ac

1452 3455 1616 3504 donec,
1640 3457 1680 3501 ὃς
1707 3456 1914 3511 quousque
1940 3455 2101 3510 integra
2125 3451 2276 3496 summa
2308 3447 2387 3505 ipsa
2418 3463 2492 3491 ex-

1453 3512 1581 3574 pressa
1610 3513 1819 3560 cumulata
1846 3527 1925 3558 non
1951 3511 2079 3558 suerit
2100 3537 2116 3560 ‚
2145 3524 2198 3556 ex
2221 3510 2341 3553 dictis
2367 3507 2488 3551 scutis

1454 3574 1568 3621 mille
1596 3589 1675 3630 pro
1703 3573 1823 3617 dicto
1851 3572 2165 3619 investimenm,
2193 3571 2234 3615 δι
2256 3568 2489 3623 multiplico

1453 3634 1687 3683 deffinatis‚
1714 3633 1932 3680 &illorum
1952 3629 2205 3688 augmentis,
2230 3631 2270 3678 &
2286 3627 2488 3683 multipli-

1453 3694 1682 3741 cationibus
1715 3692 1803 3736 ullo
1836 3704 2011 3748 unquam
2043 3699 2232 3745 tempore
2262 3686 2404 3747 poffint
2432 3701 2484 3730 ex

1451 3753 1592 3811 quavis
1619 3751 1733 3798 causa
1752 3779 1768 3801 2
1789 3751 1915 3794 etiam
1939 3748 2049 3795 dotis
2065 3774 2080 3797 ς,
2105 3750 2146 3791 &
2160 3748 2452 3791 alimentorum
2466 3772 2482 3795 ‚

1452 3829 1498 3860 ac
1524 3813 1650 3857 etiam
1673 3810 1926 3868 quantumvis
1959 3809 2120 3866 urgenti
2140 3833 2155 3856 a
2194 3811 2230 3850 &
2258 3804 2485 3865 urgentissi-

1449 3886 1514 3919 tna
1533 3873 1627 3930 pia,
1651 3873 1691 3914 &
1706 3869 2040 3928 privilegiata,in
2056 3877 2189 3912 totum
2207 3895 2222 3919 2
2247 3869 2315 3912 vel
2332 3868 2370 3910 in
2386 3879 2482 3921 par·

2347 3937 2432 3970 tem
