<?xml version="1.0" encoding="UTF-8"?>
<!DOCTYPE html PUBLIC "-//W3C//DTD XHTML 1.0 Transitional//EN"
    "http://www.w3.org/TR/xhtml1/DTD/xhtml1-transitional.dtd">
<html xmlns="http://www.w3.org/1999/xhtml" xml:lang="en" lang="en">
 <head>
  <title>
</title>
<meta http-equiv="Content-Type" content="text/html;charset=utf-8" />
  <meta name='ocr-system' content='tesseract 3.04.00' />
  <meta name='ocr-capabilities' content='ocr_page ocr_carea ocr_par ocr_line ocrx_word'/>
</head>
<body>
  <div class='ocr_page' id='page_1' title='image "./bullariumordinis02cath/bullariumordinis02cath_0474.png"; bbox 0 0 2710 4108; ppageno 0'>
   <div class='ocr_carea' id='block_1_1' title="bbox 458 326 1262 451">
    <p class='ocr_par' dir='ltr' id='par_1_1' title="bbox 458 326 1262 451">
     <span class='ocr_line' id='line_1_1' title="bbox 458 326 1223 399; baseline -0.007 -19"><span class='ocrx_word' id='word_1_1' title='bbox 458 332 565 380; x_wconf 84' lang='lat' dir='ltr'><em>Sunt</em></span> <span class='ocrx_word' id='word_1_2' title='bbox 593 329 755 399; x_wconf 64' lang='lat' dir='ltr'><em>dqfhz‘lo</em></span> <span class='ocrx_word' id='word_1_3' title='bbox 783 333 829 381; x_wconf 79' lang='lat' dir='ltr'><em>in</em></span> <span class='ocrx_word' id='word_1_4' title='bbox 858 329 934 379; x_wconf 76' lang='lat' dir='ltr'><em>hac</em></span> <span class='ocrx_word' id='word_1_5' title='bbox 964 326 1223 378; x_wconf 76' lang='lat' dir='ltr'><em>Provincia:</em></span> 
     </span>
     <span class='ocr_line' id='line_1_2' title="bbox 583 398 1262 451; baseline -0.009 -1"><span class='ocrx_word' id='word_1_6' title='bbox 583 398 757 451; x_wconf 80' lang='lat' dir='ltr'><em>‘Domus</em></span> <span class='ocrx_word' id='word_1_7' title='bbox 787 400 983 451; x_wconf 83' lang='lat' dir='ltr'><em>Fratrum</em></span> <span class='ocrx_word' id='word_1_8' title='bbox 1019 411 1262 449; x_wconf 77' lang='lat' dir='ltr'><em>xxxvtn.</em></span> 
     </span>
    </p>
   </div>
   <div class='ocr_carea' id='block_1_2' title="bbox 1133 174 1658 275">
    <p class='ocr_par' dir='ltr' id='par_1_2' title="bbox 1133 174 1658 275">
     <span class='ocr_line' id='line_1_3' title="bbox 1133 174 1658 275; baseline -0.002 -14"><span class='ocrx_word' id='word_1_9' title='bbox 1133 174 1658 275; x_wconf 80' lang='lat' dir='ltr'><em>Provincia</em></span> 
     </span>
    </p>
   </div>
   <div class='ocr_carea' id='block_1_3' title="bbox 586 461 1802 610">
    <p class='ocr_par' dir='ltr' id='par_1_3' title="bbox 586 461 1802 610">
     <span class='ocr_line' id='line_1_4' title="bbox 586 461 1802 539; baseline -0.008 -18"><span class='ocrx_word' id='word_1_10' title='bbox 586 470 786 539; x_wconf 76' lang='lat' dir='ltr'><em>Hospitia</em></span> <span class='ocrx_word' id='word_1_11' title='bbox 808 486 886 539; x_wconf 81' lang='lat' dir='ltr'><em>pro</em></span> <span class='ocrx_word' id='word_1_12' title='bbox 911 466 1207 520; x_wconf 82' lang='lat' dir='ltr'><em>itinerantibus</em></span> <span class='ocrx_word' id='word_1_13' title='bbox 1225 501 1241 524; x_wconf 91' lang='lat'><em>,</em></span> <span class='ocrx_word' id='word_1_14' title='bbox 1279 464 1334 513; x_wconf 66' lang='lat' dir='ltr'><em>(y</em></span> <span class='ocrx_word' id='word_1_15' title='bbox 1362 461 1686 533; x_wconf 70' lang='lat' dir='ltr'><em>quaefluantibus</em></span> <span class='ocrx_word' id='word_1_16' title='bbox 1727 484 1802 518; x_wconf 71' lang='lat' dir='ltr'><em>w.</em></span> 
     </span>
     <span class='ocr_line' id='line_1_5' title="bbox 588 534 1716 610; baseline -0.012 -17"><span class='ocrx_word' id='word_1_17' title='bbox 588 539 848 610; x_wconf 68' lang='lat' dir='ltr'><em>Monalleria</em></span> <span class='ocrx_word' id='word_1_18' title='bbox 878 537 1136 591; x_wconf 84' lang='lat' dir='ltr'><em>Monialium</em></span> <span class='ocrx_word' id='word_1_19' title='bbox 1158 539 1264 590; x_wconf 70' lang='lat' dir='ltr'><em>verb</em></span> <span class='ocrx_word' id='word_1_20' title='bbox 1296 534 1613 603; x_wconf 75' lang='lat' dir='ltr'><em>Capacinarum.</em></span> <span class='ocrx_word' id='word_1_21' title='bbox 1638 554 1658 586; x_wconf 79' lang='grc' dir='ltr'>ι</span> <span class='ocrx_word' id='word_1_22' title='bbox 1673 554 1716 586; x_wconf 83' lang='lat'><em>1.</em></span> 
     </span>
    </p>
   </div>
   <div class='ocr_carea' id='block_1_4' title="bbox 652 610 1329 682">
    <p class='ocr_par' dir='ltr' id='par_1_4' title="bbox 652 610 1329 682">
     <span class='ocr_line' id='line_1_6' title="bbox 652 610 1329 682; baseline -0.01 -18"><span class='ocrx_word' id='word_1_23' title='bbox 652 614 852 664; x_wconf 79' lang='lat' dir='ltr'><em>Aliarum</em></span> <span class='ocrx_word' id='word_1_24' title='bbox 886 611 1002 682; x_wconf 68' lang='lat' dir='ltr'><em>larg?</em></span> <span class='ocrx_word' id='word_1_25' title='bbox 1023 610 1175 661; x_wconf 80' lang='lat' dir='ltr'><em>talium</em></span> <span class='ocrx_word' id='word_1_26' title='bbox 1217 627 1237 659; x_wconf 86' lang='lat'>1</span> <span class='ocrx_word' id='word_1_27' title='bbox 1253 626 1270 658; x_wconf 78' lang='grc' dir='ltr'>ι</span> <span class='ocrx_word' id='word_1_28' title='bbox 1286 626 1329 657; x_wconf 82' lang='lat'><em>1.</em></span> 
     </span>
    </p>
   </div>
   <div class='ocr_carea' id='block_1_5' title="bbox 701 760 932 774">
    <p class='ocr_par' dir='ltr' id='par_1_5' title="bbox 701 760 932 774">
     <span class='ocr_line' id='line_1_7' title="bbox 701 760 932 774; baseline 0 3334"><span class='ocrx_word' id='word_1_29' title='bbox 701 760 932 774; x_wconf 95' lang='lat' dir='ltr'><em> </em></span> 
     </span>
    </p>
   </div>
   <div class='ocr_carea' id='block_1_6' title="bbox 309 761 544 776">
    <p class='ocr_par' dir='ltr' id='par_1_6' title="bbox 309 761 544 776">
     <span class='ocr_line' id='line_1_8' title="bbox 309 761 544 776; baseline 0 3332"><span class='ocrx_word' id='word_1_30' title='bbox 309 761 544 776; x_wconf 95' lang='lat' dir='ltr'><em> </em></span> 
     </span>
    </p>
   </div>
   <div class='ocr_carea' id='block_1_7' title="bbox 308 865 1335 1275">
    <p class='ocr_par' dir='ltr' id='par_1_7' title="bbox 308 865 1335 1275">
     <span class='ocr_line' id='line_1_9' title="bbox 308 865 1332 938; baseline -0.006 -17"><span class='ocrx_word' id='word_1_31' title='bbox 308 873 373 921; x_wconf 83' lang='lat' dir='ltr'><em>A.</em></span> <span class='ocrx_word' id='word_1_32' title='bbox 408 873 512 920; x_wconf 87' lang='lat' dir='ltr'><em>RR.</em></span> <span class='ocrx_word' id='word_1_33' title='bbox 547 867 751 921; x_wconf 85' lang='lat' dir='ltr'><em>Patribus</em></span> <span class='ocrx_word' id='word_1_34' title='bbox 804 872 851 920; x_wconf 89' lang='lat' dir='ltr'><em>S.</em></span> <span class='ocrx_word' id='word_1_35' title='bbox 885 866 1128 938; x_wconf 84' lang='lat' dir='ltr'><em>Augustini</em></span> <span class='ocrx_word' id='word_1_36' title='bbox 1175 865 1332 916; x_wconf 85' lang='lat' dir='ltr'><em>Terrae</em></span> 
     </span>
     <span class='ocr_line' id='line_1_10' title="bbox 380 937 1333 1003; baseline -0.008 -13"><span class='ocrx_word' id='word_1_37' title='bbox 380 939 557 991; x_wconf 87' lang='lat' dir='ltr'><em>Montis</em></span> <span class='ocrx_word' id='word_1_38' title='bbox 595 943 642 990; x_wconf 85' lang='lat' dir='ltr'><em>S.</em></span> <span class='ocrx_word' id='word_1_39' title='bbox 661 939 814 989; x_wconf 84' lang='lat' dir='ltr'><em>Sabini</em></span> <span class='ocrx_word' id='word_1_40' title='bbox 846 956 1038 996; x_wconf 87' lang='lat' dir='ltr'><em>nemus,</em></span> <span class='ocrx_word' id='word_1_41' title='bbox 1075 956 1132 1003; x_wconf 73' lang='lat' dir='ltr'><em>ex</em></span> <span class='ocrx_word' id='word_1_42' title='bbox 1161 951 1251 1003; x_wconf 90' lang='lat' dir='ltr'><em>quo</em></span> <span class='ocrx_word' id='word_1_43' title='bbox 1288 937 1333 983; x_wconf 90' lang='lat' dir='ltr'><em>in</em></span> 
     </span>
     <span class='ocr_line' id='line_1_11' title="bbox 377 1004 1333 1075; baseline -0.004 -16"><span class='ocrx_word' id='word_1_44' title='bbox 377 1010 562 1060; x_wconf 88' lang='lat' dir='ltr'><em>hortum</em></span> <span class='ocrx_word' id='word_1_45' title='bbox 594 1009 752 1060; x_wconf 84' lang='lat' dir='ltr'><em>nostrae</em></span> <span class='ocrx_word' id='word_1_46' title='bbox 769 1013 948 1059; x_wconf 87' lang='lat' dir='ltr'><em>Domus</em></span> <span class='ocrx_word' id='word_1_47' title='bbox 966 1009 1133 1059; x_wconf 84' lang='lat' dir='ltr'><em>ibidem</em></span> <span class='ocrx_word' id='word_1_48' title='bbox 1150 1004 1333 1075; x_wconf 88' lang='lat' dir='ltr'><em>patebat</em></span> 
     </span>
     <span class='ocr_line' id='line_1_12' title="bbox 377 1075 1334 1147; baseline -0.005 -19"><span class='ocrx_word' id='word_1_49' title='bbox 377 1079 595 1147; x_wconf 67' lang='lat' dir='ltr'><em>inspet‘tus</em></span> <span class='ocrx_word' id='word_1_50' title='bbox 613 1116 628 1139; x_wconf 86' lang='lat'><em>,</em></span> <span class='ocrx_word' id='word_1_51' title='bbox 647 1082 781 1130; x_wconf 90' lang='lat' dir='ltr'><em>vendi</em></span> <span class='ocrx_word' id='word_1_52' title='bbox 801 1115 817 1138; x_wconf 88' lang='lat'>‚</span> <span class='ocrx_word' id='word_1_53' title='bbox 833 1078 881 1130; x_wconf 73' lang='grc' dir='ltr'>ἃ</span> <span class='ocrx_word' id='word_1_54' title='bbox 894 1082 985 1129; x_wconf 85' lang='lat' dir='ltr'><em>alio</em></span> <span class='ocrx_word' id='word_1_55' title='bbox 1007 1094 1135 1128; x_wconf 85' lang='lat' dir='ltr'><em>terrae</em></span> <span class='ocrx_word' id='word_1_56' title='bbox 1164 1077 1289 1144; x_wconf 88' lang='lat' dir='ltr'><em>petio</em></span> <span class='ocrx_word' id='word_1_57' title='bbox 1308 1075 1334 1125; x_wconf 69' lang='grc' dir='ltr'><em>ὃ,</em></span> 
     </span>
     <span class='ocr_line' id='line_1_13' title="bbox 378 1146 1335 1220; baseline -0.004 -19"><span class='ocrx_word' id='word_1_58' title='bbox 378 1153 724 1202; x_wconf 88' lang='lat' dir='ltr'><em>Communitate</em></span> <span class='ocrx_word' id='word_1_59' title='bbox 738 1148 904 1203; x_wconf 88' lang='lat' dir='ltr'><em>ibidem</em></span> <span class='ocrx_word' id='word_1_60' title='bbox 918 1146 1196 1220; x_wconf 87' lang='lat' dir='ltr'><em>compensari</em></span> <span class='ocrx_word' id='word_1_61' title='bbox 1212 1163 1335 1197; x_wconf 83' lang='lat' dir='ltr'><em>com-</em></span> 
     </span>
     <span class='ocr_line' id='line_1_14' title="bbox 379 1236 609 1275; baseline 0.004 -4"><span class='ocrx_word' id='word_1_62' title='bbox 379 1236 528 1273; x_wconf 80' lang='lat' dir='ltr'><em>mittit</em></span> <span class='ocrx_word' id='word_1_63' title='bbox 548 1259 560 1272; x_wconf 90' lang='lat'><strong>.</strong></span> <span class='ocrx_word' id='word_1_64' title='bbox 604 1271 609 1275; x_wconf 22' lang='grc'><em>1</em></span> 
     </span>
    </p>
   </div>
   <div class='ocr_carea' id='block_1_8' title="bbox 525 1299 574 1325">
    <p class='ocr_par' dir='ltr' id='par_1_8' title="bbox 525 1299 574 1325">
     <span class='ocr_line' id='line_1_15' title="bbox 525 1299 574 1325; baseline 0 -6"><span class='ocrx_word' id='word_1_65' title='bbox 525 1299 574 1325; x_wconf 57' lang='grc' dir='ltr'><em>,Γ</em></span> 
     </span>
    </p>
   </div>
   <div class='ocr_carea' id='block_1_9' title="bbox 308 1383 1337 1560">
    <p class='ocr_par' dir='ltr' id='par_1_9' title="bbox 308 1383 1337 1560">
     <span class='ocr_line' id='line_1_16' title="bbox 308 1383 1337 1442; baseline -0.007 -11"><span class='ocrx_word' id='word_1_66' title='bbox 308 1388 344 1431; x_wconf 83' lang='grc' dir='ltr'><strong>Α</strong></span> <span class='ocrx_word' id='word_1_67' title='bbox 363 1396 507 1442; x_wconf 81' lang='lat' dir='ltr'><em>tergo:</em></span> <span class='ocrx_word' id='word_1_68' title='bbox 548 1385 764 1429; x_wconf 82' lang='lat' dir='ltr'><em>Venerabili</em></span> <span class='ocrx_word' id='word_1_69' title='bbox 783 1385 924 1430; x_wconf 81' lang='lat' dir='ltr'><em>Fratri</em></span> <span class='ocrx_word' id='word_1_70' title='bbox 953 1383 1130 1441; x_wconf 69' lang='lat' dir='ltr'><em>Episcopo</em></span> <span class='ocrx_word' id='word_1_71' title='bbox 1147 1385 1310 1426; x_wconf 87' lang='lat' dir='ltr'><em>Aretino</em></span> <span class='ocrx_word' id='word_1_72' title='bbox 1323 1409 1337 1434; x_wconf 86' lang='lat'><em>,</em></span> 
     </span>
     <span class='ocr_line' id='line_1_17' title="bbox 424 1441 1219 1498; baseline -0.001 -14"><span class='ocrx_word' id='word_1_73' title='bbox 424 1446 472 1493; x_wconf 64' lang='lat'><em>(5</em></span> <span class='ocrx_word' id='word_1_74' title='bbox 509 1445 661 1487; x_wconf 60' lang='lat' dir='ltr'><em>DileeJo</em></span> <span class='ocrx_word' id='word_1_75' title='bbox 677 1447 781 1489; x_wconf 85' lang='lat' dir='ltr'><em>Filio</em></span> <span class='ocrx_word' id='word_1_76' title='bbox 795 1472 809 1494; x_wconf 83' lang='lat'>‚</span> <span class='ocrx_word' id='word_1_77' title='bbox 825 1442 1017 1486; x_wconf 79' lang='lat' dir='ltr'><em>obtinenti</em></span> <span class='ocrx_word' id='word_1_78' title='bbox 1035 1441 1219 1498; x_wconf 83' lang='lat' dir='ltr'><em>primam</em></span> 
     </span>
     <span class='ocr_line' id='line_1_18' title="bbox 477 1501 1163 1560; baseline -0.003 -16"><span class='ocrx_word' id='word_1_79' title='bbox 477 1501 712 1559; x_wconf 75' lang='lat' dir='ltr'><em>dignitatem</em></span> <span class='ocrx_word' id='word_1_80' title='bbox 735 1508 776 1547; x_wconf 81' lang='lat' dir='ltr'><em>in</em></span> <span class='ocrx_word' id='word_1_81' title='bbox 791 1502 953 1560; x_wconf 76' lang='lat' dir='ltr'><em>Ecclesia</em></span> <span class='ocrx_word' id='word_1_82' title='bbox 969 1505 1136 1548; x_wconf 75' lang='lat' dir='ltr'><em>Aretina</em></span> <span class='ocrx_word' id='word_1_83' title='bbox 1150 1529 1163 1542; x_wconf 89' lang='grc'><strong>.</strong></span> 
     </span>
    </p>
   </div>
   <div class='ocr_carea' id='block_1_10' title="bbox 308 1622 1337 1676">
    <p class='ocr_par' dir='ltr' id='par_1_10' title="bbox 308 1622 1337 1676">
     <span class='ocr_line' id='line_1_19' title="bbox 308 1622 1337 1676; baseline -0.005 -2"><span class='ocrx_word' id='word_1_84' title='bbox 308 1623 673 1676; x_wconf 84' lang='lat' dir='ltr'><strong>PIUS</strong></span> <span class='ocrx_word' id='word_1_85' title='bbox 815 1624 1130 1673; x_wconf 90' lang='lat' dir='ltr'>PAPA</span> <span class='ocrx_word' id='word_1_86' title='bbox 1273 1622 1337 1670; x_wconf 87' lang='lat' dir='ltr'><em>V.</em></span> 
     </span>
    </p>
   </div>
   <div class='ocr_carea' id='block_1_11' title="bbox 319 1747 1338 1867">
    <p class='ocr_par' dir='ltr' id='par_1_11' title="bbox 319 1747 1338 1867">
     <span class='ocr_line' id='line_1_20' title="bbox 319 1747 1338 1805; baseline -0.004 -11"><span class='ocrx_word' id='word_1_87' title='bbox 319 1747 549 1794; x_wconf 81' lang='lat' dir='ltr'><em>Venerabilis</em></span> <span class='ocrx_word' id='word_1_88' title='bbox 577 1754 724 1793; x_wconf 81' lang='lat' dir='ltr'><em>Frater</em></span> <span class='ocrx_word' id='word_1_89' title='bbox 738 1780 752 1802; x_wconf 89' lang='lat'>‚</span> <span class='ocrx_word' id='word_1_90' title='bbox 782 1750 829 1799; x_wconf 54' lang='grc' dir='ltr'>ὅ</span> <span class='ocrx_word' id='word_1_91' title='bbox 860 1748 1011 1790; x_wconf 71' lang='grc' dir='ltr'><em>Βὶῖσὲῗε</em></span> <span class='ocrx_word' id='word_1_92' title='bbox 1038 1748 1120 1792; x_wconf 85' lang='lat' dir='ltr'><em>Fili</em></span> <span class='ocrx_word' id='word_1_93' title='bbox 1136 1748 1308 1805; x_wconf 76' lang='lat' dir='ltr'><em>salutem</em></span> <span class='ocrx_word' id='word_1_94' title='bbox 1325 1775 1338 1799; x_wconf 90' lang='lat'><em>,</em></span> 
     </span>
     <span class='ocr_line' id='line_1_21' title="bbox 492 1807 1165 1867; baseline -0.003 -16"><span class='ocrx_word' id='word_1_95' title='bbox 492 1808 541 1857; x_wconf 69' lang='lat'><em>&amp;⁹</em></span> <span class='ocrx_word' id='word_1_96' title='bbox 563 1809 816 1867; x_wconf 83' lang='lat' dir='ltr'><em>Apostolicam</em></span> <span class='ocrx_word' id='word_1_97' title='bbox 837 1807 1165 1852; x_wconf 70' lang='lat' dir='ltr'><em>Benedibi&#39;ionem.</em></span> 
     </span>
    </p>
   </div>
   <div class='ocr_carea' id='block_1_12' title="bbox 296 1923 1338 2804">
    <p class='ocr_par' dir='ltr' id='par_1_12' title="bbox 402 1923 1338 1982">
     <span class='ocr_line' id='line_1_22' title="bbox 402 1923 1338 1982; baseline 0 -17"><span class='ocrx_word' id='word_1_98' title='bbox 402 1924 561 1979; x_wconf 57' lang='lat' dir='ltr'><em>&#39;Xponi</em></span> <span class='ocrx_word' id='word_1_99' title='bbox 577 1926 702 1968; x_wconf 89' lang='lat' dir='ltr'><em>Nobis</em></span> <span class='ocrx_word' id='word_1_100' title='bbox 724 1939 854 1982; x_wconf 83' lang='lat' dir='ltr'><strong>nuper</strong></span> <span class='ocrx_word' id='word_1_101' title='bbox 883 1926 1068 1968; x_wconf 90' lang='lat' dir='ltr'><em>fecerunt</em></span> <span class='ocrx_word' id='word_1_102' title='bbox 1100 1923 1246 1967; x_wconf 73' lang='lat' dir='ltr'><em>Dilecsti</em></span> <span class='ocrx_word' id='word_1_103' title='bbox 1272 1923 1338 1966; x_wconf 78' lang='lat' dir='ltr'><em>Fi-</em></span> 
     </span>
    </p>

    <p class='ocr_par' dir='ltr' id='par_1_13' title="bbox 435 1983 1338 2036">
     <span class='ocr_line' id='line_1_23' title="bbox 435 1983 1338 2036; baseline -0.001 -12"><span class='ocrx_word' id='word_1_104' title='bbox 435 1983 478 2026; x_wconf 87' lang='lat' dir='ltr'><em>lii</em></span> <span class='ocrx_word' id='word_1_105' title='bbox 494 2010 506 2031; x_wconf 79' lang='grc'>,</span> <span class='ocrx_word' id='word_1_106' title='bbox 523 1986 602 2028; x_wconf 87' lang='lat' dir='ltr'><em>Uni</em></span> <span class='ocrx_word' id='word_1_107' title='bbox 608 1988 770 2027; x_wconf 73' lang='lat' dir='ltr'><em>versitas</em></span> <span class='ocrx_word' id='word_1_108' title='bbox 781 2015 795 2036; x_wconf 90' lang='lat'><em>,</em></span> <span class='ocrx_word' id='word_1_109' title='bbox 811 1987 850 2026; x_wconf 90' lang='lat'>&amp;</span> <span class='ocrx_word' id='word_1_110' title='bbox 861 1985 1054 2027; x_wconf 88' lang='lat' dir='ltr'><strong>Homines</strong></span> <span class='ocrx_word' id='word_1_111' title='bbox 1068 1986 1204 2026; x_wconf 89' lang='lat' dir='ltr'><em>Terrae</em></span> <span class='ocrx_word' id='word_1_112' title='bbox 1218 1986 1338 2026; x_wconf 89' lang='lat' dir='ltr'><em>Mon-</em></span> 
     </span>
    </p>

    <p class='ocr_par' dir='ltr' id='par_1_14' title="bbox 296 2041 1335 2804">
     <span class='ocr_line' id='line_1_24' title="bbox 305 2041 1335 2099; baseline -0.002 -15"><span class='ocrx_word' id='word_1_113' title='bbox 305 2044 356 2084; x_wconf 84' lang='lat' dir='ltr'><em>tis</em></span> <span class='ocrx_word' id='word_1_114' title='bbox 386 2046 426 2083; x_wconf 74' lang='lat' dir='ltr'><em>S.</em></span> <span class='ocrx_word' id='word_1_115' title='bbox 447 2044 759 2086; x_wconf 88' lang='lat' dir='ltr'><em>SabiniAretin.</em></span> <span class='ocrx_word' id='word_1_116' title='bbox 779 2044 913 2086; x_wconf 88' lang='lat' dir='ltr'><em>Dioec.</em></span> <span class='ocrx_word' id='word_1_117' title='bbox 940 2042 1047 2099; x_wconf 90' lang='lat' dir='ltr'><em>quod</em></span> <span class='ocrx_word' id='word_1_118' title='bbox 1063 2072 1077 2095; x_wconf 89' lang='lat'><em>,</em></span> <span class='ocrx_word' id='word_1_119' title='bbox 1108 2057 1197 2085; x_wconf 91' lang='lat' dir='ltr'><em>cum</em></span> <span class='ocrx_word' id='word_1_120' title='bbox 1222 2043 1259 2083; x_wconf 91' lang='lat' dir='ltr'><em>in</em></span> <span class='ocrx_word' id='word_1_121' title='bbox 1276 2041 1335 2083; x_wconf 87' lang='lat' dir='ltr'><em>di·</em></span> 
     </span>
     <span class='ocr_line' id='line_1_25' title="bbox 303 2100 1334 2157; baseline 0 -15"><span class='ocrx_word' id='word_1_122' title='bbox 303 2103 363 2143; x_wconf 65' lang='lat' dir='ltr'><em>&amp;a</em></span> <span class='ocrx_word' id='word_1_123' title='bbox 383 2103 509 2143; x_wconf 82' lang='lat' dir='ltr'><em>Terra</em></span> <span class='ocrx_word' id='word_1_124' title='bbox 526 2100 568 2144; x_wconf 85' lang='lat' dir='ltr'><em>fit</em></span> <span class='ocrx_word' id='word_1_125' title='bbox 583 2102 785 2157; x_wconf 85' lang='lat' dir='ltr'>quoddam</span> <span class='ocrx_word' id='word_1_126' title='bbox 801 2115 938 2144; x_wconf 88' lang='lat' dir='ltr'><em>nemus</em></span> <span class='ocrx_word' id='word_1_127' title='bbox 951 2128 965 2151; x_wconf 90' lang='lat'><em>,</em></span> <span class='ocrx_word' id='word_1_128' title='bbox 983 2101 1032 2144; x_wconf 88' lang='lat' dir='ltr'><em>ad</em></span> <span class='ocrx_word' id='word_1_129' title='bbox 1046 2102 1334 2145; x_wconf 81' lang='lat' dir='ltr'><em>Monasterium</em></span> 
     </span>
     <span class='ocr_line' id='line_1_26' title="bbox 301 2159 1332 2215; baseline 0 -13"><span class='ocrx_word' id='word_1_130' title='bbox 301 2163 345 2202; x_wconf 87' lang='lat' dir='ltr'><em>S.</em></span> <span class='ocrx_word' id='word_1_131' title='bbox 361 2159 570 2215; x_wconf 87' lang='lat' dir='ltr'><em>Augustini</em></span> <span class='ocrx_word' id='word_1_132' title='bbox 586 2161 698 2203; x_wconf 73' lang='lat' dir='ltr'><em>diecae</em></span> <span class='ocrx_word' id='word_1_133' title='bbox 715 2164 849 2204; x_wconf 85' lang='lat' dir='ltr'><em>Terrae</em></span> <span class='ocrx_word' id='word_1_134' title='bbox 864 2160 1015 2203; x_wconf 91' lang='lat' dir='ltr'><em>Montis</em></span> <span class='ocrx_word' id='word_1_135' title='bbox 1041 2165 1082 2204; x_wconf 86' lang='lat' dir='ltr'><em>S.</em></span> <span class='ocrx_word' id='word_1_136' title='bbox 1094 2161 1227 2204; x_wconf 89' lang='lat' dir='ltr'><em>Sabini</em></span> <span class='ocrx_word' id='word_1_137' title='bbox 1249 2161 1332 2215; x_wconf 88' lang='lat' dir='ltr'><em>spe-</em></span> 
     </span>
     <span class='ocr_line' id='line_1_27' title="bbox 303 2218 1329 2275; baseline -0.001 -15"><span class='ocrx_word' id='word_1_138' title='bbox 303 2221 429 2267; x_wconf 51' lang='lat' dir='ltr'><em>crans,</em></span> <span class='ocrx_word' id='word_1_139' title='bbox 445 2220 484 2260; x_wconf 87' lang='lat'>&amp;</span> <span class='ocrx_word' id='word_1_140' title='bbox 498 2221 703 2274; x_wconf 84' lang='lat' dir='ltr'><em>pertinens</em></span> <span class='ocrx_word' id='word_1_141' title='bbox 719 2246 732 2267; x_wconf 70' lang='lat' dir='ltr'>a</span> <span class='ocrx_word' id='word_1_142' title='bbox 763 2221 1001 2274; x_wconf 84' lang='lat' dir='ltr'><em>contiguum</em></span> <span class='ocrx_word' id='word_1_143' title='bbox 1015 2248 1029 2271; x_wconf 90' lang='lat'><em>,</em></span> <span class='ocrx_word' id='word_1_144' title='bbox 1059 2221 1098 2261; x_wconf 75' lang='grc' dir='ltr'><em>δι</em></span> <span class='ocrx_word' id='word_1_145' title='bbox 1110 2218 1329 2275; x_wconf 85' lang='lat' dir='ltr'><em>superstans</em></span> 
     </span>
     <span class='ocr_line' id='line_1_28' title="bbox 302 2278 1333 2323; baseline 0 -3"><span class='ocrx_word' id='word_1_146' title='bbox 302 2278 550 2320; x_wconf 84' lang='lat' dir='ltr'><em>Monasterio</em></span> <span class='ocrx_word' id='word_1_147' title='bbox 568 2280 818 2323; x_wconf 65' lang='lat' dir='ltr'><em>Dilectorum</em></span> <span class='ocrx_word' id='word_1_148' title='bbox 835 2279 1029 2322; x_wconf 83' lang='lat' dir='ltr'><em>Filiorum</em></span> <span class='ocrx_word' id='word_1_149' title='bbox 1046 2281 1234 2322; x_wconf 86' lang='lat' dir='ltr'><em>Fratrum</em></span> <span class='ocrx_word' id='word_1_150' title='bbox 1250 2281 1333 2321; x_wconf 86' lang='lat' dir='ltr'><em>Ca-</em></span> 
     </span>
     <span class='ocr_line' id='line_1_29' title="bbox 300 2337 1333 2394; baseline -0.001 -16"><span class='ocrx_word' id='word_1_151' title='bbox 300 2337 542 2394; x_wconf 90' lang='lat' dir='ltr'><em>pucinorum</em></span> <span class='ocrx_word' id='word_1_152' title='bbox 557 2338 667 2381; x_wconf 65' lang='lat' dir='ltr'><em>dietae</em></span> <span class='ocrx_word' id='word_1_153' title='bbox 687 2340 849 2389; x_wconf 86' lang='lat' dir='ltr'><em>Terrae,</em></span> <span class='ocrx_word' id='word_1_154' title='bbox 879 2351 930 2379; x_wconf 87' lang='lat' dir='ltr'><em>ex</em></span> <span class='ocrx_word' id='word_1_155' title='bbox 945 2351 1027 2392; x_wconf 87' lang='lat' dir='ltr'><em>quo</em></span> <span class='ocrx_word' id='word_1_156' title='bbox 1053 2337 1148 2380; x_wconf 69' lang='lat' dir='ltr'><em>dicti</em></span> <span class='ocrx_word' id='word_1_157' title='bbox 1174 2340 1333 2380; x_wconf 77' lang='lat' dir='ltr'><em>Fratres</em></span> 
     </span>
     <span class='ocr_line' id='line_1_30' title="bbox 302 2396 1333 2453; baseline -0.001 -15"><span class='ocrx_word' id='word_1_158' title='bbox 302 2396 498 2449; x_wconf 90' lang='lat' dir='ltr'><em>Capucini</em></span> <span class='ocrx_word' id='word_1_159' title='bbox 527 2410 604 2438; x_wconf 92' lang='lat' dir='ltr'><em>non</em></span> <span class='ocrx_word' id='word_1_160' title='bbox 636 2408 820 2453; x_wconf 77' lang='lat' dir='ltr'><em>poterant</em></span> <span class='ocrx_word' id='word_1_161' title='bbox 847 2397 886 2438; x_wconf 91' lang='lat' dir='ltr'><em>in</em></span> <span class='ocrx_word' id='word_1_162' title='bbox 914 2398 1033 2437; x_wconf 90' lang='lat' dir='ltr'><em>horto</em></span> <span class='ocrx_word' id='word_1_163' title='bbox 1049 2396 1211 2440; x_wconf 76' lang='lat' dir='ltr'><em>honeste</em></span> <span class='ocrx_word' id='word_1_164' title='bbox 1238 2410 1333 2439; x_wconf 91' lang='lat' dir='ltr'><em>con-</em></span> 
     </span>
     <span class='ocr_line' id='line_1_31' title="bbox 302 2451 1333 2511; baseline 0.005 -18"><span class='ocrx_word' id='word_1_165' title='bbox 302 2451 481 2505; x_wconf 87' lang='lat' dir='ltr'><em>versari,</em></span> <span class='ocrx_word' id='word_1_166' title='bbox 511 2455 604 2510; x_wconf 92' lang='lat' dir='ltr'><em>quin</em></span> <span class='ocrx_word' id='word_1_167' title='bbox 630 2455 832 2500; x_wconf 69' lang='lat' dir='ltr'><em>adiverfis</em></span> <span class='ocrx_word' id='word_1_168' title='bbox 845 2454 1027 2499; x_wconf 76' lang='lat' dir='ltr'><em>personis</em></span> <span class='ocrx_word' id='word_1_169' title='bbox 1044 2453 1247 2511; x_wconf 89' lang='lat' dir='ltr'><em>utriusque</em></span> <span class='ocrx_word' id='word_1_170' title='bbox 1275 2454 1333 2498; x_wconf 87' lang='lat' dir='ltr'><em>se-</em></span> 
     </span>
     <span class='ocr_line' id='line_1_32' title="bbox 298 2512 1331 2567; baseline 0.003 -14"><span class='ocrx_word' id='word_1_171' title='bbox 298 2525 371 2553; x_wconf 86' lang='lat' dir='ltr'><em>xus</em></span> <span class='ocrx_word' id='word_1_172' title='bbox 390 2540 402 2562; x_wconf 85' lang='lat'><em>,</em></span> <span class='ocrx_word' id='word_1_173' title='bbox 429 2514 466 2554; x_wconf 88' lang='lat'>&amp;</span> <span class='ocrx_word' id='word_1_174' title='bbox 492 2512 707 2567; x_wconf 77' lang='lat' dir='ltr'><em>praesertim</em></span> <span class='ocrx_word' id='word_1_175' title='bbox 733 2513 971 2558; x_wconf 73' lang='lat' dir='ltr'><em>Muneribus</em></span> <span class='ocrx_word' id='word_1_176' title='bbox 995 2514 1259 2564; x_wconf 85' lang='lat' dir='ltr'><em>viderentur,</em></span> <span class='ocrx_word' id='word_1_177' title='bbox 1292 2514 1331 2556; x_wconf 91' lang='lat' dir='ltr'><em>in</em></span> 
     </span>
     <span class='ocr_line' id='line_1_33' title="bbox 299 2568 1331 2629; baseline 0.001 -17"><span class='ocrx_word' id='word_1_178' title='bbox 299 2568 532 2612; x_wconf 82' lang='lat' dir='ltr'><em>scandalum</em></span> <span class='ocrx_word' id='word_1_179' title='bbox 558 2572 786 2629; x_wconf 79' lang='lat' dir='ltr'><em>Religionis</em></span> <span class='ocrx_word' id='word_1_180' title='bbox 808 2602 822 2624; x_wconf 92' lang='lat'><em>,</em></span> <span class='ocrx_word' id='word_1_181' title='bbox 853 2573 1070 2616; x_wconf 87' lang='lat' dir='ltr'><em>honestatis</em></span> <span class='ocrx_word' id='word_1_182' title='bbox 1095 2602 1109 2625; x_wconf 92' lang='lat'><em>,</em></span> <span class='ocrx_word' id='word_1_183' title='bbox 1139 2575 1177 2614; x_wconf 88' lang='lat'>&amp;</span> <span class='ocrx_word' id='word_1_184' title='bbox 1209 2573 1331 2615; x_wconf 82' lang='lat' dir='ltr'><em>Chri-</em></span> 
     </span>
     <span class='ocr_line' id='line_1_34' title="bbox 296 2627 1331 2687; baseline 0.001 -16"><span class='ocrx_word' id='word_1_185' title='bbox 296 2627 426 2673; x_wconf 82' lang='lat' dir='ltr'><em>stianae</em></span> <span class='ocrx_word' id='word_1_186' title='bbox 456 2631 547 2674; x_wconf 87' lang='lat' dir='ltr'><em>vitae</em></span> <span class='ocrx_word' id='word_1_187' title='bbox 575 2630 746 2687; x_wconf 87' lang='lat' dir='ltr'><em>ipsorum</em></span> <span class='ocrx_word' id='word_1_188' title='bbox 774 2633 991 2675; x_wconf 86' lang='lat' dir='ltr'><em>Fratrum:</em></span> <span class='ocrx_word' id='word_1_189' title='bbox 1024 2632 1074 2674; x_wconf 87' lang='lat' dir='ltr'><em>ad</em></span> <span class='ocrx_word' id='word_1_190' title='bbox 1103 2645 1247 2674; x_wconf 89' lang='lat' dir='ltr'><em>eorum</em></span> <span class='ocrx_word' id='word_1_191' title='bbox 1270 2631 1331 2673; x_wconf 87' lang='lat' dir='ltr'><em>in-</em></span> 
     </span>
     <span class='ocr_line' id='line_1_35' title="bbox 299 2686 1333 2746; baseline 0.003 -17"><span class='ocrx_word' id='word_1_192' title='bbox 299 2686 483 2730; x_wconf 85' lang='lat' dir='ltr'><em>stantiam</em></span> <span class='ocrx_word' id='word_1_193' title='bbox 519 2701 592 2743; x_wconf 87' lang='lat' dir='ltr'><em>per</em></span> <span class='ocrx_word' id='word_1_194' title='bbox 630 2689 943 2735; x_wconf 84' lang='lat' dir='ltr'><em>Univerlitatem</em></span> <span class='ocrx_word' id='word_1_195' title='bbox 982 2691 1208 2746; x_wconf 66' lang='lat' dir='ltr'><em>praediftam</em></span> <span class='ocrx_word' id='word_1_196' title='bbox 1249 2701 1333 2732; x_wconf 87' lang='lat' dir='ltr'><em>tra-</em></span> 
     </span>
     <span class='ocr_line' id='line_1_36' title="bbox 297 2748 1332 2804; baseline 0.003 -15"><span class='ocrx_word' id='word_1_197' title='bbox 297 2748 472 2799; x_wconf 76' lang='lat' dir='ltr'><em>etatum,</em></span> <span class='ocrx_word' id='word_1_198' title='bbox 503 2748 845 2791; x_wconf 88' lang='lat' dir='ltr'><em>&amp;concordatum</em></span> <span class='ocrx_word' id='word_1_199' title='bbox 862 2749 937 2792; x_wconf 88' lang='lat' dir='ltr'><em>suit</em></span> <span class='ocrx_word' id='word_1_200' title='bbox 959 2777 973 2799; x_wconf 84' lang='lat'><em>,</em></span> <span class='ocrx_word' id='word_1_201' title='bbox 998 2749 1107 2804; x_wconf 87' lang='lat' dir='ltr'><em>quod</em></span> <span class='ocrx_word' id='word_1_202' title='bbox 1127 2749 1220 2790; x_wconf 74' lang='lat' dir='ltr'><em>die‘ti</em></span> <span class='ocrx_word' id='word_1_203' title='bbox 1240 2752 1332 2792; x_wconf 82' lang='lat' dir='ltr'><em>Fra-</em></span> 
     </span>
    </p>
   </div>
   <div class='ocr_carea' id='block_1_13' title="bbox 297 2807 1346 2864">
    <p class='ocr_par' dir='ltr' id='par_1_15' title="bbox 297 2807 1346 2864">
     <span class='ocr_line' id='line_1_37' title="bbox 297 2807 1346 2864; baseline 0.003 -18"><span class='ocrx_word' id='word_1_204' title='bbox 297 2813 382 2848; x_wconf 86' lang='lat' dir='ltr'><em>tres</em></span> <span class='ocrx_word' id='word_1_205' title='bbox 416 2808 455 2847; x_wconf 87' lang='lat' dir='ltr'><em>S.</em></span> <span class='ocrx_word' id='word_1_206' title='bbox 471 2807 709 2862; x_wconf 85' lang='lat' dir='ltr'><em>Augustini,</em></span> <span class='ocrx_word' id='word_1_207' title='bbox 741 2809 807 2850; x_wconf 89' lang='lat' dir='ltr'><em>seu</em></span> <span class='ocrx_word' id='word_1_208' title='bbox 834 2823 908 2864; x_wconf 89' lang='lat' dir='ltr'><em>pro</em></span> <span class='ocrx_word' id='word_1_209' title='bbox 930 2807 986 2850; x_wconf 87' lang='lat' dir='ltr'><em>eis</em></span> <span class='ocrx_word' id='word_1_210' title='bbox 1006 2810 1188 2852; x_wconf 60' lang='lat' dir='ltr'><em>Dilectus</em></span> <span class='ocrx_word' id='word_1_211' title='bbox 1206 2808 1346 2850; x_wconf 80' lang='lat' dir='ltr'><em>Filius</em></span> 
     </span>
    </p>
   </div>
   <div class='ocr_carea' id='block_1_14' title="bbox 292 2865 1337 3802">
    <p class='ocr_par' dir='ltr' id='par_1_16' title="bbox 292 2865 1337 3802">
     <span class='ocr_line' id='line_1_38' title="bbox 297 2865 1329 2924; baseline 0.001 -17"><span class='ocrx_word' id='word_1_212' title='bbox 297 2866 518 2909; x_wconf 85' lang='lat' dir='ltr'><em>Generalis</em></span> <span class='ocrx_word' id='word_1_213' title='bbox 544 2895 558 2917; x_wconf 92' lang='lat'><em>,</em></span> <span class='ocrx_word' id='word_1_214' title='bbox 588 2865 657 2910; x_wconf 89' lang='lat' dir='ltr'><em>seu</em></span> <span class='ocrx_word' id='word_1_215' title='bbox 686 2869 799 2911; x_wconf 85' lang='lat' dir='ltr'><em>Prior</em></span> <span class='ocrx_word' id='word_1_216' title='bbox 817 2867 868 2909; x_wconf 91' lang='lat' dir='ltr'><em>ad</em></span> <span class='ocrx_word' id='word_1_217' title='bbox 896 2868 1063 2924; x_wconf 86' lang='lat' dir='ltr'><em>praesens</em></span> <span class='ocrx_word' id='word_1_218' title='bbox 1090 2865 1329 2910; x_wconf 72' lang='lat' dir='ltr'><em>Conventus</em></span> 
     </span>
     <span class='ocr_line' id='line_1_39' title="bbox 296 2924 1331 2978; baseline 0.002 -12"><span class='ocrx_word' id='word_1_219' title='bbox 296 2925 340 2966; x_wconf 81' lang='lat' dir='ltr'><em>S.</em></span> <span class='ocrx_word' id='word_1_220' title='bbox 371 2924 582 2978; x_wconf 86' lang='lat' dir='ltr'><em>Augustini</em></span> <span class='ocrx_word' id='word_1_221' title='bbox 609 2924 721 2968; x_wconf 65' lang='lat' dir='ltr'><em>distae</em></span> <span class='ocrx_word' id='word_1_222' title='bbox 755 2926 890 2969; x_wconf 88' lang='lat' dir='ltr'><em>Terrae</em></span> <span class='ocrx_word' id='word_1_223' title='bbox 920 2940 1012 2968; x_wconf 89' lang='lat' dir='ltr'><em>cum</em></span> <span class='ocrx_word' id='word_1_224' title='bbox 1046 2925 1237 2968; x_wconf 83' lang='lat' dir='ltr'><em>consensu</em></span> <span class='ocrx_word' id='word_1_225' title='bbox 1276 2927 1331 2968; x_wconf 89' lang='lat' dir='ltr'><em>sui</em></span> 
     </span>
     <span class='ocr_line' id='line_1_40' title="bbox 297 2982 1332 3035; baseline 0.005 -12"><span class='ocrx_word' id='word_1_226' title='bbox 297 2982 554 3035; x_wconf 81' lang='lat' dir='ltr'><em>Superioris,</em></span> <span class='ocrx_word' id='word_1_227' title='bbox 585 2985 624 3027; x_wconf 76' lang='grc' dir='ltr'><em>δι</em></span> <span class='ocrx_word' id='word_1_228' title='bbox 644 2986 826 3027; x_wconf 88' lang='lat' dir='ltr'><em>omnium</em></span> <span class='ocrx_word' id='word_1_229' title='bbox 855 2985 1016 3027; x_wconf 91' lang='lat' dir='ltr'><em>suorum</em></span> <span class='ocrx_word' id='word_1_230' title='bbox 1046 2987 1261 3035; x_wconf 81' lang='lat' dir='ltr'><em>Fratrum,</em></span> <span class='ocrx_word' id='word_1_231' title='bbox 1289 2996 1332 3028; x_wconf 89' lang='lat' dir='ltr'><em>ut</em></span> 
     </span>
     <span class='ocr_line' id='line_1_41' title="bbox 296 3037 1332 3099; baseline 0.004 -18"><span class='ocrx_word' id='word_1_232' title='bbox 296 3037 455 3083; x_wconf 73' lang='lat' dir='ltr'><em>asseruit</em></span> <span class='ocrx_word' id='word_1_233' title='bbox 472 3072 485 3092; x_wconf 88' lang='lat'>‚</span> <span class='ocrx_word' id='word_1_234' title='bbox 519 3044 775 3094; x_wconf 82' lang='lat' dir='ltr'><em>venderent,</em></span> <span class='ocrx_word' id='word_1_235' title='bbox 807 3054 927 3099; x_wconf 87' lang='lat' dir='ltr'><em>prout</em></span> <span class='ocrx_word' id='word_1_236' title='bbox 950 3043 1128 3087; x_wconf 86' lang='lat' dir='ltr'><em>vendere</em></span> <span class='ocrx_word' id='word_1_237' title='bbox 1144 3043 1332 3098; x_wconf 88' lang='lat' dir='ltr'><em>promise-</em></span> 
     </span>
     <span class='ocr_line' id='line_1_42' title="bbox 296 3101 1334 3150; baseline 0.001 -8"><span class='ocrx_word' id='word_1_238' title='bbox 296 3109 392 3142; x_wconf 88' lang='lat' dir='ltr'><em>runt</em></span> <span class='ocrx_word' id='word_1_239' title='bbox 408 3101 543 3143; x_wconf 86' lang='lat' dir='ltr'><em>eidem</em></span> <span class='ocrx_word' id='word_1_240' title='bbox 560 3101 818 3144; x_wconf 79' lang='lat' dir='ltr'><em>Universitati</em></span> <span class='ocrx_word' id='word_1_241' title='bbox 833 3103 983 3144; x_wconf 67' lang='lat' dir='ltr'><em>dietum</em></span> <span class='ocrx_word' id='word_1_242' title='bbox 1001 3116 1141 3146; x_wconf 83' lang='lat' dir='ltr'><em>nemus</em></span> <span class='ocrx_word' id='word_1_243' title='bbox 1157 3130 1169 3150; x_wconf 87' lang='lat'>‚</span> <span class='ocrx_word' id='word_1_244' title='bbox 1187 3101 1334 3145; x_wconf 89' lang='lat' dir='ltr'><em>obten-</em></span> 
     </span>
     <span class='ocr_line' id='line_1_43' title="bbox 295 3157 1331 3215; baseline 0.004 -14"><span class='ocrx_word' id='word_1_245' title='bbox 295 3158 337 3202; x_wconf 69' lang='lat' dir='ltr'><em>ta</em></span> <span class='ocrx_word' id='word_1_246' title='bbox 364 3157 528 3203; x_wconf 67' lang='lat' dir='ltr'><em>licentia</em></span> <span class='ocrx_word' id='word_1_247' title='bbox 554 3161 574 3200; x_wconf 72' lang='lat' dir='ltr'><em>a</em></span> <span class='ocrx_word' id='word_1_248' title='bbox 602 3161 759 3211; x_wconf 86' lang='lat' dir='ltr'><em>Nobis,</em></span> <span class='ocrx_word' id='word_1_249' title='bbox 791 3163 830 3204; x_wconf 74' lang='grc' dir='ltr'><em>δι</em></span> <span class='ocrx_word' id='word_1_250' title='bbox 861 3160 968 3204; x_wconf 84' lang='lat' dir='ltr'><em>Sede</em></span> <span class='ocrx_word' id='word_1_251' title='bbox 994 3161 1253 3215; x_wconf 83' lang='lat' dir='ltr'><em>Apostolica,</em></span> <span class='ocrx_word' id='word_1_252' title='bbox 1284 3174 1331 3205; x_wconf 82' lang='lat' dir='ltr'><em>ac</em></span> 
     </span>
     <span class='ocr_line' id='line_1_44' title="bbox 292 3217 1332 3274; baseline 0.003 -16"><span class='ocrx_word' id='word_1_253' title='bbox 292 3217 400 3259; x_wconf 88' lang='lat' dir='ltr'><em>datis</em></span> <span class='ocrx_word' id='word_1_254' title='bbox 418 3217 486 3260; x_wconf 85' lang='lat' dir='ltr'><em>fibi</em></span> <span class='ocrx_word' id='word_1_255' title='bbox 508 3234 583 3274; x_wconf 89' lang='lat' dir='ltr'><em>pro</em></span> <span class='ocrx_word' id='word_1_256' title='bbox 609 3218 868 3274; x_wconf 78' lang='lat' dir='ltr'><em>recompensa</em></span> <span class='ocrx_word' id='word_1_257' title='bbox 886 3230 947 3261; x_wconf 90' lang='lat' dir='ltr'><em>tot</em></span> <span class='ocrx_word' id='word_1_258' title='bbox 968 3220 1080 3263; x_wconf 87' lang='lat' dir='ltr'><em>bonis</em></span> <span class='ocrx_word' id='word_1_259' title='bbox 1100 3220 1212 3262; x_wconf 64' lang='lat' dir='ltr'><em>distae</em></span> <span class='ocrx_word' id='word_1_260' title='bbox 1230 3220 1332 3262; x_wconf 90' lang='lat' dir='ltr'><em>Uni-</em></span> 
     </span>
     <span class='ocr_line' id='line_1_45' title="bbox 294 3276 1329 3334; baseline 0.003 -16"><span class='ocrx_word' id='word_1_261' title='bbox 294 3277 495 3320; x_wconf 68' lang='lat' dir='ltr'><em>versitatis</em></span> <span class='ocrx_word' id='word_1_262' title='bbox 512 3307 524 3328; x_wconf 90' lang='lat'>‚</span> <span class='ocrx_word' id='word_1_263' title='bbox 556 3292 642 3332; x_wconf 89' lang='lat' dir='ltr'><em>quae</em></span> <span class='ocrx_word' id='word_1_264' title='bbox 662 3278 925 3320; x_wconf 78' lang='lat' dir='ltr'><em>ascenderent</em></span> <span class='ocrx_word' id='word_1_265' title='bbox 943 3279 991 3322; x_wconf 89' lang='lat' dir='ltr'><em>ad</em></span> <span class='ocrx_word' id='word_1_266' title='bbox 1011 3278 1189 3321; x_wconf 83' lang='lat' dir='ltr'><em>valorem</em></span> <span class='ocrx_word' id='word_1_267' title='bbox 1215 3276 1329 3334; x_wconf 85' lang='lat' dir='ltr'><em>ipsius</em></span> 
     </span>
     <span class='ocr_line' id='line_1_46' title="bbox 295 3336 1333 3382; baseline 0.003 -5"><span class='ocrx_word' id='word_1_268' title='bbox 295 3336 486 3378; x_wconf 84' lang='lat' dir='ltr'><em>Nemoris</em></span> <span class='ocrx_word' id='word_1_269' title='bbox 504 3336 764 3379; x_wconf 68' lang='lat' dir='ltr'><em>aestimatione</em></span> <span class='ocrx_word' id='word_1_270' title='bbox 787 3337 958 3380; x_wconf 88' lang='lat' dir='ltr'><em>duorum</em></span> <span class='ocrx_word' id='word_1_271' title='bbox 975 3338 1194 3382; x_wconf 89' lang='lat' dir='ltr'><em>amicorum</em></span> <span class='ocrx_word' id='word_1_272' title='bbox 1221 3351 1333 3380; x_wconf 89' lang='lat' dir='ltr'><em>com-</em></span> 
     </span>
     <span class='ocr_line' id='line_1_47' title="bbox 292 3395 1330 3446; baseline 0.002 -11"><span class='ocrx_word' id='word_1_273' title='bbox 292 3396 472 3436; x_wconf 88' lang='lat' dir='ltr'><em>munium</em></span> <span class='ocrx_word' id='word_1_274' title='bbox 486 3422 499 3444; x_wconf 84' lang='lat'><em>,</em></span> <span class='ocrx_word' id='word_1_275' title='bbox 531 3396 636 3437; x_wconf 91' lang='lat' dir='ltr'><em>intra</em></span> <span class='ocrx_word' id='word_1_276' title='bbox 654 3395 859 3439; x_wconf 83' lang='lat' dir='ltr'><em>biennium</em></span> <span class='ocrx_word' id='word_1_277' title='bbox 875 3424 888 3446; x_wconf 91' lang='lat'><em>,</em></span> <span class='ocrx_word' id='word_1_278' title='bbox 919 3397 958 3438; x_wconf 90' lang='lat'>&amp;</span> <span class='ocrx_word' id='word_1_279' title='bbox 973 3410 1050 3437; x_wconf 89' lang='lat' dir='ltr'><em>non</em></span> <span class='ocrx_word' id='word_1_280' title='bbox 1067 3396 1188 3438; x_wconf 86' lang='lat' dir='ltr'><em>aliter</em></span> <span class='ocrx_word' id='word_1_281' title='bbox 1206 3422 1220 3444; x_wconf 68' lang='lat' dir='ltr'><em>a</em></span> <span class='ocrx_word' id='word_1_282' title='bbox 1252 3409 1330 3437; x_wconf 85' lang='lat' dir='ltr'><em>nec</em></span> 
     </span>
     <span class='ocr_line' id='line_1_48' title="bbox 292 3453 1333 3511; baseline 0.002 -16"><span class='ocrx_word' id='word_1_283' title='bbox 292 3454 372 3495; x_wconf 86' lang='lat' dir='ltr'><em>alio</em></span> <span class='ocrx_word' id='word_1_284' title='bbox 390 3453 538 3507; x_wconf 87' lang='lat' dir='ltr'><em>modo,</em></span> <span class='ocrx_word' id='word_1_285' title='bbox 563 3457 603 3497; x_wconf 92' lang='lat'>&amp;</span> <span class='ocrx_word' id='word_1_286' title='bbox 624 3455 719 3497; x_wconf 75' lang='lat' dir='ltr'><em>alias</em></span> <span class='ocrx_word' id='word_1_287' title='bbox 737 3484 751 3506; x_wconf 87' lang='lat'><em>,</em></span> <span class='ocrx_word' id='word_1_288' title='bbox 781 3464 904 3511; x_wconf 86' lang='lat' dir='ltr'><em>prout</em></span> <span class='ocrx_word' id='word_1_289' title='bbox 920 3455 958 3497; x_wconf 89' lang='lat' dir='ltr'><em>in</em></span> <span class='ocrx_word' id='word_1_290' title='bbox 973 3454 1266 3502; x_wconf 80' lang='lat' dir='ltr'><em>instrumento,</em></span> <span class='ocrx_word' id='word_1_291' title='bbox 1292 3456 1333 3497; x_wconf 89' lang='lat'>&amp;</span> 
     </span>
     <span class='ocr_line' id='line_1_49' title="bbox 294 3511 1330 3569; baseline 0 -13"><span class='ocrx_word' id='word_1_292' title='bbox 294 3513 502 3569; x_wconf 86' lang='lat' dir='ltr'><em>scripturis</em></span> <span class='ocrx_word' id='word_1_293' title='bbox 525 3540 538 3561; x_wconf 72' lang='lat'>2</span> <span class='ocrx_word' id='word_1_294' title='bbox 569 3516 609 3556; x_wconf 90' lang='lat'>&amp;</span> <span class='ocrx_word' id='word_1_295' title='bbox 636 3513 908 3557; x_wconf 87' lang='lat' dir='ltr'><em>instrumentis</em></span> <span class='ocrx_word' id='word_1_296' title='bbox 937 3513 1108 3568; x_wconf 76' lang='lat' dir='ltr'><em>desuper</em></span> <span class='ocrx_word' id='word_1_297' title='bbox 1136 3511 1330 3557; x_wconf 60' lang='lat' dir='ltr'><em>confectis</em></span> 
     </span>
     <span class='ocr_line' id='line_1_50' title="bbox 293 3573 1219 3624; baseline -0.003 -7"><span class='ocrx_word' id='word_1_298' title='bbox 293 3573 359 3617; x_wconf 90' lang='lat' dir='ltr'><em>seu</em></span> <span class='ocrx_word' id='word_1_299' title='bbox 385 3573 644 3617; x_wconf 85' lang='lat' dir='ltr'><em>conficiendis</em></span> <span class='ocrx_word' id='word_1_300' title='bbox 669 3574 787 3617; x_wconf 78' lang='lat' dir='ltr'><em>latius</em></span> <span class='ocrx_word' id='word_1_301' title='bbox 811 3573 960 3616; x_wconf 84' lang='lat' dir='ltr'><em>dicitur</em></span> <span class='ocrx_word' id='word_1_302' title='bbox 987 3573 1219 3624; x_wconf 88' lang='lat' dir='ltr'><em>contineri,</em></span> 
     </span>
     <span class='ocr_line' id='line_1_51' title="bbox 353 3630 1335 3688; baseline -0.003 -12"><span class='ocrx_word' id='word_1_303' title='bbox 353 3637 461 3676; x_wconf 88' lang='lat' dir='ltr'><em>Cum</em></span> <span class='ocrx_word' id='word_1_304' title='bbox 492 3643 630 3674; x_wconf 85' lang='lat' dir='ltr'><em>autem</em></span> <span class='ocrx_word' id='word_1_305' title='bbox 657 3662 670 3684; x_wconf 97' lang='lat'><em>,</em></span> <span class='ocrx_word' id='word_1_306' title='bbox 714 3632 813 3676; x_wconf 80' lang='lat' dir='ltr'><em>sicut</em></span> <span class='ocrx_word' id='word_1_307' title='bbox 846 3631 992 3675; x_wconf 84' lang='lat' dir='ltr'><em>eadem</em></span> <span class='ocrx_word' id='word_1_308' title='bbox 1032 3631 1230 3688; x_wconf 79' lang='lat' dir='ltr'><em>expolitio</em></span> <span class='ocrx_word' id='word_1_309' title='bbox 1264 3630 1335 3674; x_wconf 88' lang='lat' dir='ltr'><em>sub</em></span> 
     </span>
     <span class='ocr_line' id='line_1_52' title="bbox 293 3686 1337 3752; baseline -0.006 -14"><span class='ocrx_word' id='word_1_310' title='bbox 293 3695 489 3752; x_wconf 86' lang='lat' dir='ltr'><em>jungebat</em></span> <span class='ocrx_word' id='word_1_311' title='bbox 505 3720 518 3742; x_wconf 82' lang='lat'><em>,</em></span> <span class='ocrx_word' id='word_1_312' title='bbox 550 3691 663 3733; x_wconf 80' lang='lat' dir='ltr'><em>datio</em></span> <span class='ocrx_word' id='word_1_313' title='bbox 678 3694 713 3733; x_wconf 89' lang='lat'>&amp;</span> <span class='ocrx_word' id='word_1_314' title='bbox 729 3690 926 3735; x_wconf 74' lang='lat' dir='ltr'><em>concessio</em></span> <span class='ocrx_word' id='word_1_315' title='bbox 942 3686 1165 3747; x_wconf 87' lang='lat' dir='ltr'><em>hujusmodi</em></span> <span class='ocrx_word' id='word_1_316' title='bbox 1192 3691 1230 3733; x_wconf 92' lang='lat' dir='ltr'><em>in</em></span> <span class='ocrx_word' id='word_1_317' title='bbox 1247 3691 1337 3733; x_wconf 87' lang='lat' dir='ltr'><em>evi-</em></span> 
     </span>
     <span class='ocr_line' id='line_1_53' title="bbox 294 3747 1335 3802; baseline -0.005 -4"><span class='ocrx_word' id='word_1_318' title='bbox 294 3757 461 3799; x_wconf 80' lang='lat' dir='ltr'><em>dentem</em></span> <span class='ocrx_word' id='word_1_319' title='bbox 484 3751 577 3795; x_wconf 67' lang='lat' dir='ltr'><em>dieti</em></span> <span class='ocrx_word' id='word_1_320' title='bbox 592 3752 823 3794; x_wconf 77' lang='lat' dir='ltr'><em>Monasterii</em></span> <span class='ocrx_word' id='word_1_321' title='bbox 843 3747 1028 3795; x_wconf 67' lang='lat' dir='ltr'><em>cesserint</em></span> <span class='ocrx_word' id='word_1_322' title='bbox 1044 3778 1058 3802; x_wconf 87' lang='lat'><em>,</em></span> <span class='ocrx_word' id='word_1_323' title='bbox 1089 3751 1128 3791; x_wconf 89' lang='lat'>&amp;</span> <span class='ocrx_word' id='word_1_324' title='bbox 1146 3751 1301 3796; x_wconf 78' lang='lat' dir='ltr'><em>cedant</em></span> <span class='ocrx_word' id='word_1_325' title='bbox 1321 3777 1335 3802; x_wconf 88' lang='lat'><em>,</em></span> 
     </span>
    </p>
   </div>
   <div class='ocr_carea' id='block_1_15' title="bbox 1858 755 2090 771">
    <p class='ocr_par' dir='ltr' id='par_1_17' title="bbox 1858 755 2090 771">
     <span class='ocr_line' id='line_1_54' title="bbox 1858 755 2090 771; baseline 0 3337"><span class='ocrx_word' id='word_1_326' title='bbox 1858 755 2090 771; x_wconf 95' lang='lat' dir='ltr'><em> </em></span> 
     </span>
    </p>
   </div>
   <div class='ocr_carea' id='block_1_16' title="bbox 1389 859 2439 2332">
    <p class='ocr_par' dir='ltr' id='par_1_18' title="bbox 1389 859 2436 1330">
     <span class='ocr_line' id='line_1_55' title="bbox 1389 859 2432 919; baseline -0.003 -12"><span class='ocrx_word' id='word_1_327' title='bbox 1389 862 1613 907; x_wconf 84' lang='lat' dir='ltr'><em>utilitatem</em></span> <span class='ocrx_word' id='word_1_328' title='bbox 1629 889 1642 914; x_wconf 89' lang='lat'>‚</span> <span class='ocrx_word' id='word_1_329' title='bbox 1677 864 1717 905; x_wconf 76' lang='grc' dir='ltr'><em>δι</em></span> <span class='ocrx_word' id='word_1_330' title='bbox 1733 874 1949 919; x_wconf 79' lang='lat' dir='ltr'><em>propterea</em></span> <span class='ocrx_word' id='word_1_331' title='bbox 1975 870 2060 905; x_wconf 86' lang='lat' dir='ltr'><em>tam</em></span> <span class='ocrx_word' id='word_1_332' title='bbox 2084 859 2358 911; x_wconf 77' lang='lat' dir='ltr'><em>Univerfitas,</em></span> <span class='ocrx_word' id='word_1_333' title='bbox 2391 863 2432 904; x_wconf 88' lang='lat'>&amp;</span> 
     </span>
     <span class='ocr_line' id='line_1_56' title="bbox 1389 921 2433 977; baseline -0.001 -13"><span class='ocrx_word' id='word_1_334' title='bbox 1389 922 1587 964; x_wconf 90' lang='lat' dir='ltr'><em>Homines</em></span> <span class='ocrx_word' id='word_1_335' title='bbox 1612 921 1727 976; x_wconf 85' lang='lat' dir='ltr'><em>ipfius</em></span> <span class='ocrx_word' id='word_1_336' title='bbox 1754 923 1919 973; x_wconf 87' lang='lat' dir='ltr'><em>Terrae,</em></span> <span class='ocrx_word' id='word_1_337' title='bbox 1950 923 2070 977; x_wconf 70' lang='lat' dir='ltr'><em>quam</em></span> <span class='ocrx_word' id='word_1_338' title='bbox 2098 923 2257 963; x_wconf 85' lang='lat' dir='ltr'><em>Fratres</em></span> <span class='ocrx_word' id='word_1_339' title='bbox 2286 922 2328 962; x_wconf 90' lang='lat' dir='ltr'><em>S.</em></span> <span class='ocrx_word' id='word_1_340' title='bbox 2346 922 2433 963; x_wconf 90' lang='lat' dir='ltr'><em>Au-</em></span> 
     </span>
     <span class='ocr_line' id='line_1_57' title="bbox 1393 978 2436 1036; baseline -0.003 -14"><span class='ocrx_word' id='word_1_341' title='bbox 1393 981 1535 1036; x_wconf 87' lang='lat' dir='ltr'><em>gustini</em></span> <span class='ocrx_word' id='word_1_342' title='bbox 1554 978 1706 1035; x_wconf 88' lang='lat' dir='ltr'><em>praefati</em></span> <span class='ocrx_word' id='word_1_343' title='bbox 1725 1008 1739 1032; x_wconf 90' lang='lat'><em>,</em></span> <span class='ocrx_word' id='word_1_344' title='bbox 1769 980 2014 1031; x_wconf 83' lang='lat' dir='ltr'><em>afferentes,</em></span> <span class='ocrx_word' id='word_1_345' title='bbox 2050 979 2226 1023; x_wconf 85' lang='lat' dir='ltr'><em>valorem</em></span> <span class='ocrx_word' id='word_1_346' title='bbox 2246 978 2308 1020; x_wconf 90' lang='lat' dir='ltr'><em>rei</em></span> <span class='ocrx_word' id='word_1_347' title='bbox 2337 992 2436 1020; x_wconf 79' lang='lat' dir='ltr'><em>ven-</em></span> 
     </span>
     <span class='ocr_line' id='line_1_58' title="bbox 1393 1036 2434 1096; baseline -0.003 -16"><span class='ocrx_word' id='word_1_348' title='bbox 1393 1039 1512 1090; x_wconf 84' lang='lat' dir='ltr'><em>ditae,</em></span> <span class='ocrx_word' id='word_1_349' title='bbox 1543 1048 1609 1080; x_wconf 89' lang='lat' dir='ltr'><em>aut</em></span> <span class='ocrx_word' id='word_1_350' title='bbox 1641 1037 1858 1083; x_wconf 75' lang='lat' dir='ltr'><em>vendendae</em></span> <span class='ocrx_word' id='word_1_351' title='bbox 1871 1037 2098 1096; x_wconf 88' lang='lat' dir='ltr'><em>hujusmodi</em></span> <span class='ocrx_word' id='word_1_352' title='bbox 2127 1036 2317 1078; x_wconf 89' lang='lat' dir='ltr'><em>summam</em></span> <span class='ocrx_word' id='word_1_353' title='bbox 2334 1051 2434 1078; x_wconf 86' lang='lat' dir='ltr'><em>cen-</em></span> 
     </span>
     <span class='ocr_line' id='line_1_59' title="bbox 1394 1095 2433 1148; baseline -0.004 -7"><span class='ocrx_word' id='word_1_354' title='bbox 1394 1108 1481 1141; x_wconf 87' lang='lat' dir='ltr'><em>tum</em></span> <span class='ocrx_word' id='word_1_355' title='bbox 1494 1097 1730 1141; x_wconf 85' lang='lat' dir='ltr'><em>ducatorum</em></span> <span class='ocrx_word' id='word_1_356' title='bbox 1749 1110 1827 1140; x_wconf 90' lang='lat' dir='ltr'><em>non</em></span> <span class='ocrx_word' id='word_1_357' title='bbox 1846 1097 2064 1148; x_wconf 79' lang='lat' dir='ltr'><em>excedere,</em></span> <span class='ocrx_word' id='word_1_358' title='bbox 2083 1096 2210 1139; x_wconf 88' lang='lat' dir='ltr'><em>Nobis</em></span> <span class='ocrx_word' id='word_1_359' title='bbox 2225 1095 2433 1139; x_wconf 87' lang='lat' dir='ltr'><em>humiliter</em></span> 
     </span>
     <span class='ocr_line' id='line_1_60' title="bbox 1395 1153 2434 1214; baseline -0.004 -15"><span class='ocrx_word' id='word_1_360' title='bbox 1395 1156 1609 1212; x_wconf 78' lang='lat' dir='ltr'><em>supplicari</em></span> <span class='ocrx_word' id='word_1_361' title='bbox 1632 1154 1849 1205; x_wconf 82' lang='lat' dir='ltr'><em>fecerunt,</em></span> <span class='ocrx_word' id='word_1_362' title='bbox 1881 1165 2076 1214; x_wconf 88' lang='lat' dir='ltr'><em>quatenus</em></span> <span class='ocrx_word' id='word_1_363' title='bbox 2116 1154 2183 1198; x_wconf 84' lang='lat' dir='ltr'><em>fibi</em></span> <span class='ocrx_word' id='word_1_364' title='bbox 2220 1153 2337 1211; x_wconf 89' lang='lat' dir='ltr'><em>super</em></span> <span class='ocrx_word' id='word_1_365' title='bbox 2373 1154 2434 1196; x_wconf 90' lang='lat' dir='ltr'><em>his</em></span> 
     </span>
     <span class='ocr_line' id='line_1_61' title="bbox 1393 1213 2436 1273; baseline -0.004 -14"><span class='ocrx_word' id='word_1_366' title='bbox 1393 1214 1623 1272; x_wconf 72' lang='lat' dir='ltr'><em>opportune</em></span> <span class='ocrx_word' id='word_1_367' title='bbox 1635 1213 1854 1273; x_wconf 90' lang='lat' dir='ltr'><em>providere</em></span> <span class='ocrx_word' id='word_1_368' title='bbox 1867 1243 1882 1267; x_wconf 87' lang='lat'><em>,</em></span> <span class='ocrx_word' id='word_1_369' title='bbox 1897 1216 1950 1258; x_wconf 85' lang='lat' dir='ltr'><em>de</em></span> <span class='ocrx_word' id='word_1_370' title='bbox 1964 1215 2216 1271; x_wconf 75' lang='lat' dir='ltr'><em>benignitate</em></span> <span class='ocrx_word' id='word_1_371' title='bbox 2230 1213 2436 1272; x_wconf 88' lang='lat' dir='ltr'><em>Apostoli-</em></span> 
     </span>
     <span class='ocr_line' id='line_1_62' title="bbox 1396 1273 1752 1330; baseline -0.003 -12"><span class='ocrx_word' id='word_1_372' title='bbox 1396 1289 1443 1318; x_wconf 92' lang='lat' dir='ltr'><em>ca</em></span> <span class='ocrx_word' id='word_1_373' title='bbox 1466 1273 1726 1330; x_wconf 84' lang='lat' dir='ltr'><em>dignaremur</em></span> <span class='ocrx_word' id='word_1_374' title='bbox 1741 1304 1752 1316; x_wconf 89' lang='lat'><strong>.</strong></span> 
     </span>
    </p>

    <p class='ocr_par' dir='ltr' id='par_1_19' title="bbox 1391 1331 2439 2332">
     <span class='ocr_line' id='line_1_63' title="bbox 1455 1331 2431 1389; baseline 0.001 -14"><span class='ocrx_word' id='word_1_375' title='bbox 1455 1336 1540 1375; x_wconf 90' lang='lat' dir='ltr'><em>Nos</em></span> <span class='ocrx_word' id='word_1_376' title='bbox 1568 1333 1694 1389; x_wconf 90' lang='lat' dir='ltr'><em>igitur</em></span> <span class='ocrx_word' id='word_1_377' title='bbox 1719 1332 1774 1376; x_wconf 90' lang='lat' dir='ltr'><em>de</em></span> <span class='ocrx_word' id='word_1_378' title='bbox 1801 1332 2000 1389; x_wconf 84' lang='lat' dir='ltr'><em>praemiffis</em></span> <span class='ocrx_word' id='word_1_379' title='bbox 2021 1342 2175 1376; x_wconf 84' lang='lat' dir='ltr'><em>certam</em></span> <span class='ocrx_word' id='word_1_380' title='bbox 2200 1331 2431 1376; x_wconf 69' lang='lat' dir='ltr'><em>notitiam-³</em></span> 
     </span>
     <span class='ocr_line' id='line_1_64' title="bbox 1398 1391 2433 1447; baseline -0.003 -12"><span class='ocrx_word' id='word_1_381' title='bbox 1398 1404 1476 1435; x_wconf 90' lang='lat' dir='ltr'><em>non</em></span> <span class='ocrx_word' id='word_1_382' title='bbox 1491 1391 1687 1436; x_wconf 84' lang='lat' dir='ltr'><em>habentes</em></span> <span class='ocrx_word' id='word_1_383' title='bbox 1701 1421 1714 1443; x_wconf 87' lang='lat'><em>,</em></span> <span class='ocrx_word' id='word_1_384' title='bbox 1743 1406 1789 1434; x_wconf 85' lang='lat' dir='ltr'><em>ac</em></span> <span class='ocrx_word' id='word_1_385' title='bbox 1805 1392 1996 1435; x_wconf 67' lang='lat' dir='ltr'><em>dictarum</em></span> <span class='ocrx_word' id='word_1_386' title='bbox 2017 1391 2218 1447; x_wconf 80' lang='lat' dir='ltr'><em>petiarum</em></span> <span class='ocrx_word' id='word_1_387' title='bbox 2233 1402 2433 1434; x_wconf 83' lang='lat' dir='ltr'><em>terrarum</em></span> 
     </span>
     <span class='ocr_line' id='line_1_65' title="bbox 1397 1448 2436 1506; baseline -0.004 -13"><span class='ocrx_word' id='word_1_388' title='bbox 1397 1448 1628 1494; x_wconf 77' lang='lat' dir='ltr'><em>situationes</em></span> <span class='ocrx_word' id='word_1_389' title='bbox 1643 1476 1657 1498; x_wconf 70' lang='lat' dir='ltr'>a</span> <span class='ocrx_word' id='word_1_390' title='bbox 1689 1449 1892 1500; x_wconf 85' lang='lat' dir='ltr'><em>confines,</em></span> <span class='ocrx_word' id='word_1_391' title='bbox 1912 1451 2128 1506; x_wconf 85' lang='lat' dir='ltr'><em>qualitates</em></span> <span class='ocrx_word' id='word_1_392' title='bbox 2142 1476 2156 1498; x_wconf 81' lang='lat'><strong>‚</strong></span> <span class='ocrx_word' id='word_1_393' title='bbox 2186 1451 2224 1491; x_wconf 73' lang='grc' dir='ltr'>ἃ</span> <span class='ocrx_word' id='word_1_394' title='bbox 2241 1452 2436 1506; x_wconf 78' lang='lat' dir='ltr'><em>quantita.</em></span> 
     </span>
     <span class='ocr_line' id='line_1_66' title="bbox 1397 1509 2437 1561; baseline -0.001 -10"><span class='ocrx_word' id='word_1_395' title='bbox 1397 1520 1487 1561; x_wconf 88' lang='lat' dir='ltr'><em>tes,</em></span> <span class='ocrx_word' id='word_1_396' title='bbox 1517 1510 1715 1559; x_wconf 75' lang='lat' dir='ltr'><em>&amp;vei-os,</em></span> <span class='ocrx_word' id='word_1_397' title='bbox 1741 1523 1788 1552; x_wconf 92' lang='lat' dir='ltr'><em>ac</em></span> <span class='ocrx_word' id='word_1_398' title='bbox 1801 1523 1952 1552; x_wconf 86' lang='lat' dir='ltr'><em>annuos</em></span> <span class='ocrx_word' id='word_1_399' title='bbox 1980 1510 2165 1556; x_wconf 79' lang='lat' dir='ltr'><em>valores,</em></span> <span class='ocrx_word' id='word_1_400' title='bbox 2198 1521 2355 1552; x_wconf 86' lang='lat' dir='ltr'><em>necnon</em></span> <span class='ocrx_word' id='word_1_401' title='bbox 2373 1509 2437 1550; x_wconf 85' lang='lat' dir='ltr'><em>in-</em></span> 
     </span>
     <span class='ocr_line' id='line_1_67' title="bbox 1397 1564 2438 1623; baseline -0.001 -13"><span class='ocrx_word' id='word_1_402' title='bbox 1397 1569 1608 1611; x_wconf 89' lang='lat' dir='ltr'><em>strumenti</em></span> <span class='ocrx_word' id='word_1_403' title='bbox 1627 1565 1778 1623; x_wconf 84' lang='lat' dir='ltr'><em>praefati</em></span> <span class='ocrx_word' id='word_1_404' title='bbox 1795 1595 1810 1618; x_wconf 83' lang='lat'><em>,</em></span> <span class='ocrx_word' id='word_1_405' title='bbox 1839 1570 1877 1610; x_wconf 89' lang='lat'>&amp;</span> <span class='ocrx_word' id='word_1_406' title='bbox 1897 1569 2079 1611; x_wconf 80' lang='lat' dir='ltr'><em>veriores</em></span> <span class='ocrx_word' id='word_1_407' title='bbox 2093 1577 2257 1610; x_wconf 88' lang='lat' dir='ltr'><em>tenores</em></span> <span class='ocrx_word' id='word_1_408' title='bbox 2274 1564 2438 1623; x_wconf 73' lang='lat' dir='ltr'><em>prae&#39;sen-</em></span> 
     </span>
     <span class='ocr_line' id='line_1_68' title="bbox 1398 1623 2438 1683; baseline -0.003 -14"><span class='ocrx_word' id='word_1_409' title='bbox 1398 1626 1572 1671; x_wconf 81' lang='lat' dir='ltr'><em>semibus</em></span> <span class='ocrx_word' id='word_1_410' title='bbox 1589 1641 1665 1683; x_wconf 88' lang='lat' dir='ltr'><em>pro</em></span> <span class='ocrx_word' id='word_1_411' title='bbox 1684 1625 1869 1681; x_wconf 82' lang='lat' dir='ltr'><em>expreffis</em></span> <span class='ocrx_word' id='word_1_412' title='bbox 1888 1627 2028 1670; x_wconf 86' lang='lat' dir='ltr'><em>haberi</em></span> <span class='ocrx_word' id='word_1_413' title='bbox 2056 1630 2243 1672; x_wconf 79' lang='lat' dir='ltr'><em>volentes</em></span> <span class='ocrx_word' id='word_1_414' title='bbox 2259 1655 2273 1677; x_wconf 90' lang='lat'><em>,</em></span> <span class='ocrx_word' id='word_1_415' title='bbox 2304 1623 2438 1682; x_wconf 87' lang='lat' dir='ltr'><em>hujus-</em></span> 
     </span>
     <span class='ocr_line' id='line_1_69' title="bbox 1399 1683 2435 1742; baseline -0.004 -12"><span class='ocrx_word' id='word_1_416' title='bbox 1399 1687 1506 1730; x_wconf 87' lang='lat' dir='ltr'><em>modi</em></span> <span class='ocrx_word' id='word_1_417' title='bbox 1543 1685 1902 1742; x_wconf 88' lang='lat' dir='ltr'><em>supplicationibus</em></span> <span class='ocrx_word' id='word_1_418' title='bbox 1931 1685 2115 1729; x_wconf 86' lang='lat' dir='ltr'><em>inclinati</em></span> <span class='ocrx_word' id='word_1_419' title='bbox 2141 1713 2156 1735; x_wconf 85' lang='lat'><em>,</em></span> <span class='ocrx_word' id='word_1_420' title='bbox 2189 1683 2435 1728; x_wconf 85' lang='lat' dir='ltr'><em>Discretioni</em></span> 
     </span>
     <span class='ocr_line' id='line_1_70' title="bbox 1399 1742 2438 1801; baseline -0.004 -12"><span class='ocrx_word' id='word_1_421' title='bbox 1399 1746 1548 1789; x_wconf 87' lang='lat' dir='ltr'><em>Vestrae</em></span> <span class='ocrx_word' id='word_1_422' title='bbox 1572 1758 1646 1801; x_wconf 89' lang='lat' dir='ltr'><em>per</em></span> <span class='ocrx_word' id='word_1_423' title='bbox 1673 1742 1884 1799; x_wconf 80' lang='lat' dir='ltr'><em>praesentes</em></span> <span class='ocrx_word' id='word_1_424' title='bbox 1909 1744 2199 1788; x_wconf 82' lang='lat' dir='ltr'><em>committimus</em></span> <span class='ocrx_word' id='word_1_425' title='bbox 2217 1771 2232 1794; x_wconf 87' lang='lat'><em>,</em></span> <span class='ocrx_word' id='word_1_426' title='bbox 2260 1743 2300 1785; x_wconf 76' lang='grc' dir='ltr'><em>δι</em></span> <span class='ocrx_word' id='word_1_427' title='bbox 2322 1756 2438 1786; x_wconf 85' lang='lat' dir='ltr'><em>man-</em></span> 
     </span>
     <span class='ocr_line' id='line_1_71' title="bbox 1399 1800 2436 1860; baseline -0.005 -13"><span class='ocrx_word' id='word_1_428' title='bbox 1399 1804 1572 1854; x_wconf 83' lang='lat' dir='ltr'><em>damus,</em></span> <span class='ocrx_word' id='word_1_429' title='bbox 1601 1813 1800 1860; x_wconf 85' lang='lat' dir='ltr'><em>quatenus</em></span> <span class='ocrx_word' id='word_1_430' title='bbox 1824 1804 1943 1857; x_wconf 90' lang='lat' dir='ltr'><em>petiis</em></span> <span class='ocrx_word' id='word_1_431' title='bbox 1974 1812 2178 1846; x_wconf 81' lang='lat' dir='ltr'><em>terrarum</em></span> <span class='ocrx_word' id='word_1_432' title='bbox 2208 1800 2436 1858; x_wconf 82' lang='lat' dir='ltr'><em>hujusmodi</em></span> 
     </span>
     <span class='ocr_line' id='line_1_72' title="bbox 1401 1859 2436 1921; baseline -0.003 -17"><span class='ocrx_word' id='word_1_433' title='bbox 1401 1865 1506 1921; x_wconf 87' lang='lat' dir='ltr'><em>prius</em></span> <span class='ocrx_word' id='word_1_434' title='bbox 1519 1876 1653 1904; x_wconf 88' lang='lat' dir='ltr'><em>coram</em></span> <span class='ocrx_word' id='word_1_435' title='bbox 1670 1862 1795 1902; x_wconf 91' lang='lat' dir='ltr'><em>Vobis</em></span> <span class='ocrx_word' id='word_1_436' title='bbox 1811 1860 2064 1917; x_wconf 83' lang='lat' dir='ltr'><em>specificatis,</em></span> <span class='ocrx_word' id='word_1_437' title='bbox 2080 1862 2118 1904; x_wconf 79' lang='grc' dir='ltr'><em>δι</em></span> <span class='ocrx_word' id='word_1_438' title='bbox 2137 1862 2289 1904; x_wconf 87' lang='lat' dir='ltr'><em>vocatis</em></span> <span class='ocrx_word' id='word_1_439' title='bbox 2304 1860 2353 1902; x_wconf 87' lang='lat' dir='ltr'><em>ad</em></span> <span class='ocrx_word' id='word_1_440' title='bbox 2368 1859 2408 1901; x_wconf 88' lang='lat' dir='ltr'><em>id</em></span> <span class='ocrx_word' id='word_1_441' title='bbox 2421 1886 2436 1908; x_wconf 84' lang='lat'><em>,</em></span> 
     </span>
     <span class='ocr_line' id='line_1_73' title="bbox 1398 1915 2435 1979; baseline -0.005 -14"><span class='ocrx_word' id='word_1_442' title='bbox 1398 1924 1464 1979; x_wconf 87' lang='lat' dir='ltr'><em>qui</em></span> <span class='ocrx_word' id='word_1_443' title='bbox 1481 1920 1631 1964; x_wconf 88' lang='lat' dir='ltr'><em>fuerint</em></span> <span class='ocrx_word' id='word_1_444' title='bbox 1656 1919 1857 1972; x_wconf 86' lang='lat' dir='ltr'><em>vocandi,</em></span> <span class='ocrx_word' id='word_1_445' title='bbox 1892 1920 1945 1962; x_wconf 91' lang='lat' dir='ltr'><em>de</em></span> <span class='ocrx_word' id='word_1_446' title='bbox 1969 1918 2164 1975; x_wconf 83' lang='lat' dir='ltr'><em>praemiffis</em></span> <span class='ocrx_word' id='word_1_447' title='bbox 2188 1920 2370 1963; x_wconf 73' lang='lat' dir='ltr'><em>omnibus</em></span> <span class='ocrx_word' id='word_1_448' title='bbox 2394 1915 2435 1960; x_wconf 71' lang='grc' dir='ltr'><em>δι</em></span> 
     </span>
     <span class='ocr_line' id='line_1_74' title="bbox 1399 1977 2436 2037; baseline -0.005 -13"><span class='ocrx_word' id='word_1_449' title='bbox 1399 1981 1559 2037; x_wconf 83' lang='lat' dir='ltr'><em>singulis</em></span> <span class='ocrx_word' id='word_1_450' title='bbox 1584 1981 1668 2023; x_wconf 87' lang='lat' dir='ltr'><em>Vos</em></span> <span class='ocrx_word' id='word_1_451' title='bbox 1691 1977 1916 2033; x_wconf 82' lang='lat' dir='ltr'><em>diligenter</em></span> <span class='ocrx_word' id='word_1_452' title='bbox 1941 1979 2199 2030; x_wconf 88' lang='lat' dir='ltr'><em>informetis,</em></span> <span class='ocrx_word' id='word_1_453' title='bbox 2229 1979 2268 2020; x_wconf 78' lang='grc' dir='ltr'><em>δι</em></span> <span class='ocrx_word' id='word_1_454' title='bbox 2295 1979 2436 2022; x_wconf 84' lang='lat' dir='ltr'><em>verita.</em></span> 
     </span>
     <span class='ocr_line' id='line_1_75' title="bbox 1397 2035 2436 2095; baseline -0.006 -12"><span class='ocrx_word' id='word_1_455' title='bbox 1397 2052 1480 2083; x_wconf 90' lang='lat' dir='ltr'><em>tem</em></span> <span class='ocrx_word' id='word_1_456' title='bbox 1494 2038 1719 2095; x_wconf 72' lang='lat' dir='ltr'><em>inquiratiS,</em></span> <span class='ocrx_word' id='word_1_457' title='bbox 1734 2038 1773 2078; x_wconf 87' lang='lat'>&amp;</span> <span class='ocrx_word' id='word_1_458' title='bbox 1791 2037 1813 2079; x_wconf 83' lang='lat' dir='ltr'>fi</span> <span class='ocrx_word' id='word_1_459' title='bbox 1832 2052 1903 2093; x_wconf 90' lang='lat' dir='ltr'><em>per</em></span> <span class='ocrx_word' id='word_1_460' title='bbox 1919 2035 2247 2080; x_wconf 77' lang='lat' dir='ltr'><em>informationem</em></span> <span class='ocrx_word' id='word_1_461' title='bbox 2262 2035 2436 2092; x_wconf 85' lang='lat' dir='ltr'><em>desuper</em></span> 
     </span>
     <span class='ocr_line' id='line_1_76' title="bbox 1396 2094 2434 2152; baseline -0.007 -9"><span class='ocrx_word' id='word_1_462' title='bbox 1396 2099 1565 2143; x_wconf 85' lang='lat' dir='ltr'><em>servatis</em></span> <span class='ocrx_word' id='word_1_463' title='bbox 1581 2096 1783 2141; x_wconf 82' lang='lat' dir='ltr'><em>servandis</em></span> <span class='ocrx_word' id='word_1_464' title='bbox 1798 2125 1812 2148; x_wconf 86' lang='lat'><em>,</em></span> <span class='ocrx_word' id='word_1_465' title='bbox 1825 2111 1896 2152; x_wconf 87' lang='lat' dir='ltr'><em>per</em></span> <span class='ocrx_word' id='word_1_466' title='bbox 1911 2099 1994 2139; x_wconf 90' lang='lat' dir='ltr'><em>Vos</em></span> <span class='ocrx_word' id='word_1_467' title='bbox 2010 2096 2238 2139; x_wconf 84' lang='lat' dir='ltr'><em>habendam</em></span> <span class='ocrx_word' id='word_1_468' title='bbox 2255 2123 2269 2146; x_wconf 89' lang='lat'><em>,</em></span> <span class='ocrx_word' id='word_1_469' title='bbox 2299 2094 2434 2138; x_wconf 85' lang='lat' dir='ltr'><em>datio-</em></span> 
     </span>
     <span class='ocr_line' id='line_1_77' title="bbox 1393 2153 2433 2211; baseline -0.006 -11"><span class='ocrx_word' id='word_1_470' title='bbox 1393 2173 1510 2208; x_wconf 82' lang='lat' dir='ltr'><em>nem,</em></span> <span class='ocrx_word' id='word_1_471' title='bbox 1536 2159 1577 2199; x_wconf 88' lang='lat'>&amp;</span> <span class='ocrx_word' id='word_1_472' title='bbox 1602 2155 1894 2199; x_wconf 86' lang='lat' dir='ltr'><em>conceffionem</em></span> <span class='ocrx_word' id='word_1_473' title='bbox 1922 2156 2126 2211; x_wconf 68' lang='lat' dir='ltr'><em>praedistas</em></span> <span class='ocrx_word' id='word_1_474' title='bbox 2144 2155 2183 2196; x_wconf 89' lang='lat' dir='ltr'><em>in</em></span> <span class='ocrx_word' id='word_1_475' title='bbox 2198 2153 2433 2197; x_wconf 79' lang='lat' dir='ltr'><em>evidentem</em></span> 
     </span>
     <span class='ocr_line' id='line_1_78' title="bbox 1391 2212 2439 2271; baseline -0.005 -10"><span class='ocrx_word' id='word_1_476' title='bbox 1391 2218 1484 2261; x_wconf 69' lang='lat' dir='ltr'><em>dieti</em></span> <span class='ocrx_word' id='word_1_477' title='bbox 1493 2214 1722 2259; x_wconf 81' lang='lat' dir='ltr'><em>Monasserii</em></span> <span class='ocrx_word' id='word_1_478' title='bbox 1734 2214 1953 2257; x_wconf 88' lang='lat' dir='ltr'><em>utilitatem</em></span> <span class='ocrx_word' id='word_1_479' title='bbox 1964 2213 2260 2268; x_wconf 68' lang='lat' dir='ltr'><em>cedere-,Vobis</em></span> <span class='ocrx_word' id='word_1_480' title='bbox 2271 2212 2439 2271; x_wconf 85' lang='lat' dir='ltr'><em>conjun-</em></span> 
     </span>
     <span class='ocr_line' id='line_1_79' title="bbox 1393 2273 2436 2332; baseline -0.005 -13"><span class='ocrx_word' id='word_1_481' title='bbox 1393 2279 1484 2320; x_wconf 70' lang='lat' dir='ltr'><em>etim</em></span> <span class='ocrx_word' id='word_1_482' title='bbox 1501 2273 2021 2332; x_wconf 70' lang='lat' dir='ltr'><em>procedentibus,legitime</em></span> <span class='ocrx_word' id='word_1_483' title='bbox 2034 2274 2270 2316; x_wconf 90' lang='lat' dir='ltr'><em>constiuerit</em></span> <span class='ocrx_word' id='word_1_484' title='bbox 2292 2300 2306 2323; x_wconf 89' lang='lat'><em>,</em></span> <span class='ocrx_word' id='word_1_485' title='bbox 2318 2277 2436 2328; x_wconf 76' lang='lat' dir='ltr'><em>{uper</em></span> 
     </span>
    </p>
   </div>
   <div class='ocr_carea' id='block_1_17' title="bbox 1356 2331 2432 2391">
    <p class='ocr_par' dir='ltr' id='par_1_20' title="bbox 1356 2331 2432 2391">
     <span class='ocr_line' id='line_1_80' title="bbox 1356 2331 2432 2391; baseline -0.004 -14"><span class='ocrx_word' id='word_1_486' title='bbox 1356 2341 1358 2343; x_wconf 82' lang='lat'>&#39;</span> <span class='ocrx_word' id='word_1_487' title='bbox 1394 2350 1474 2391; x_wconf 92' lang='lat' dir='ltr'><em>quo</em></span> <span class='ocrx_word' id='word_1_488' title='bbox 1490 2334 1658 2378; x_wconf 81' lang='lat' dir='ltr'><em>vestram</em></span> <span class='ocrx_word' id='word_1_489' title='bbox 1673 2332 1960 2376; x_wconf 80' lang='lat' dir='ltr'><em>conscientiam</em></span> <span class='ocrx_word' id='word_1_490' title='bbox 1970 2331 2432 2384; x_wconf 85' lang='lat' dir='ltr'><em>oneramus‚dationem,</em></span> 
     </span>
    </p>
   </div>
   <div class='ocr_carea' id='block_1_18' title="bbox 1390 2388 2434 3618">
    <p class='ocr_par' dir='ltr' id='par_1_21' title="bbox 1390 2388 2434 3449">
     <span class='ocr_line' id='line_1_81' title="bbox 1394 2388 2430 2447; baseline -0.004 -10"><span class='ocrx_word' id='word_1_491' title='bbox 1394 2397 1434 2437; x_wconf 79' lang='grc' dir='ltr'><em>δι</em></span> <span class='ocrx_word' id='word_1_492' title='bbox 1449 2391 1745 2436; x_wconf 85' lang='lat' dir='ltr'><em>conceffionem</em></span> <span class='ocrx_word' id='word_1_493' title='bbox 1759 2390 2012 2447; x_wconf 84' lang='lat' dir='ltr'><em>hujusmodi,</em></span> <span class='ocrx_word' id='word_1_494' title='bbox 2030 2392 2055 2432; x_wconf 82' lang='lat' dir='ltr'>fi</span> <span class='ocrx_word' id='word_1_495' title='bbox 2075 2389 2317 2435; x_wconf 64' lang='lat' dir='ltr'><em>forsanfaetae</em></span> <span class='ocrx_word' id='word_1_496' title='bbox 2333 2388 2403 2433; x_wconf 84' lang='lat' dir='ltr'><em>fint</em></span> <span class='ocrx_word' id='word_1_497' title='bbox 2415 2419 2430 2443; x_wconf 91' lang='lat'><em>,</em></span> 
     </span>
     <span class='ocr_line' id='line_1_82' title="bbox 1395 2449 2434 2505; baseline -0.006 -9"><span class='ocrx_word' id='word_1_498' title='bbox 1395 2464 1565 2497; x_wconf 84' lang='lat' dir='ltr'><em>autcum</em></span> <span class='ocrx_word' id='word_1_499' title='bbox 1584 2452 1755 2505; x_wconf 73' lang='lat' dir='ltr'><em>primum</em></span> <span class='ocrx_word' id='word_1_500' title='bbox 1773 2449 1879 2492; x_wconf 65' lang='lat' dir='ltr'><em>faelae</em></span> <span class='ocrx_word' id='word_1_501' title='bbox 1900 2449 2154 2501; x_wconf 82' lang='lat' dir='ltr'><em>fuerint,illas</em></span> <span class='ocrx_word' id='word_1_502' title='bbox 2167 2480 2183 2502; x_wconf 88' lang='lat'><em>,</em></span> <span class='ocrx_word' id='word_1_503' title='bbox 2199 2463 2355 2492; x_wconf 83' lang='lat' dir='ltr'><em>necnon</em></span> <span class='ocrx_word' id='word_1_504' title='bbox 2372 2450 2434 2490; x_wconf 87' lang='lat' dir='ltr'><em>in-</em></span> 
     </span>
     <span class='ocr_line' id='line_1_83' title="bbox 1393 2507 2428 2565; baseline -0.006 -9"><span class='ocrx_word' id='word_1_505' title='bbox 1393 2512 1655 2556; x_wconf 74' lang='lat' dir='ltr'><em>strum‘entum</em></span> <span class='ocrx_word' id='word_1_506' title='bbox 1669 2539 1683 2559; x_wconf 93' lang='lat'><em>,</em></span> <span class='ocrx_word' id='word_1_507' title='bbox 1716 2511 1755 2552; x_wconf 66' lang='grc' dir='ltr'><em>ὃ(</em></span> <span class='ocrx_word' id='word_1_508' title='bbox 1773 2510 2031 2551; x_wconf 66' lang='lat' dir='ltr'><em>instrumenta</em></span> <span class='ocrx_word' id='word_1_509' title='bbox 2045 2507 2216 2565; x_wconf 82' lang='lat' dir='ltr'><em>desuper</em></span> <span class='ocrx_word' id='word_1_510' title='bbox 2243 2510 2428 2550; x_wconf 63' lang='lat' dir='ltr'><em>confecta</em></span> 
     </span>
     <span class='ocr_line' id='line_1_84' title="bbox 1390 2567 2432 2626; baseline -0.006 -12"><span class='ocrx_word' id='word_1_511' title='bbox 1390 2574 1431 2614; x_wconf 73' lang='grc' dir='ltr'><em>δε</em></span> <span class='ocrx_word' id='word_1_512' title='bbox 1445 2569 1693 2613; x_wconf 82' lang='lat' dir='ltr'><em>conficienda</em></span> <span class='ocrx_word' id='word_1_513' title='bbox 1707 2567 1868 2626; x_wconf 70' lang='lat' dir='ltr'><em>praef‘ata</em></span> <span class='ocrx_word' id='word_1_514' title='bbox 1881 2595 1896 2618; x_wconf 74' lang='lat'>‚</span> <span class='ocrx_word' id='word_1_515' title='bbox 1927 2568 2027 2611; x_wconf 88' lang='lat' dir='ltr'><em>acin</em></span> <span class='ocrx_word' id='word_1_516' title='bbox 2044 2567 2102 2610; x_wconf 87' lang='lat' dir='ltr'><em>eis</em></span> <span class='ocrx_word' id='word_1_517' title='bbox 2118 2576 2308 2611; x_wconf 87' lang='lat' dir='ltr'><em>contenta</em></span> <span class='ocrx_word' id='word_1_518' title='bbox 2323 2580 2432 2622; x_wconf 86' lang='lat' dir='ltr'><em>quae·</em></span> 
     </span>
     <span class='ocr_line' id='line_1_85' title="bbox 1393 2626 2430 2686; baseline -0.007 -13"><span class='ocrx_word' id='word_1_519' title='bbox 1393 2643 1551 2686; x_wconf 89' lang='lat' dir='ltr'><em>cunque</em></span> <span class='ocrx_word' id='word_1_520' title='bbox 1569 2658 1581 2680; x_wconf 90' lang='lat'><em>,</em></span> <span class='ocrx_word' id='word_1_521' title='bbox 1604 2629 1805 2684; x_wconf 81' lang='lat' dir='ltr'><em>perpetuo</em></span> <span class='ocrx_word' id='word_1_522' title='bbox 1818 2626 2059 2671; x_wconf 84' lang='lat' dir='ltr'><em>confirmare</em></span> <span class='ocrx_word' id='word_1_523' title='bbox 2073 2656 2087 2677; x_wconf 83' lang='lat'><em>,</em></span> <span class='ocrx_word' id='word_1_524' title='bbox 2118 2628 2156 2669; x_wconf 89' lang='lat'>&amp;</span> <span class='ocrx_word' id='word_1_525' title='bbox 2173 2627 2398 2680; x_wconf 81' lang='lat' dir='ltr'><em>approbare</em></span> <span class='ocrx_word' id='word_1_526' title='bbox 2415 2652 2430 2676; x_wconf 88' lang='lat'><em>,</em></span> 
     </span>
     <span class='ocr_line' id='line_1_86' title="bbox 1393 2683 2433 2743; baseline -0.006 -12"><span class='ocrx_word' id='word_1_527' title='bbox 1393 2703 1439 2731; x_wconf 84' lang='lat' dir='ltr'><em>ac</em></span> <span class='ocrx_word' id='word_1_528' title='bbox 1469 2689 1548 2731; x_wconf 90' lang='lat' dir='ltr'><em>illis</em></span> <span class='ocrx_word' id='word_1_529' title='bbox 1574 2687 1787 2743; x_wconf 69' lang='lat' dir='ltr'><em>plenariae,</em></span> <span class='ocrx_word' id='word_1_530' title='bbox 1817 2685 2122 2729; x_wconf 88' lang='lat' dir='ltr'><em>&amp;inviolabilis</em></span> <span class='ocrx_word' id='word_1_531' title='bbox 2139 2683 2338 2728; x_wconf 87' lang='lat' dir='ltr'><em>firmitatis</em></span> <span class='ocrx_word' id='word_1_532' title='bbox 2365 2698 2433 2737; x_wconf 83' lang='lat' dir='ltr'><em>ro·</em></span> 
     </span>
     <span class='ocr_line' id='line_1_87' title="bbox 1393 2741 2429 2802; baseline -0.007 -11"><span class='ocrx_word' id='word_1_533' title='bbox 1393 2749 1467 2791; x_wconf 92' lang='lat' dir='ltr'><em>bur</em></span> <span class='ocrx_word' id='word_1_534' title='bbox 1492 2746 1698 2800; x_wconf 80' lang='lat' dir='ltr'><em>adjicere,</em></span> <span class='ocrx_word' id='word_1_535' title='bbox 1729 2745 1975 2802; x_wconf 85' lang='lat' dir='ltr'><em>omnesque,</em></span> <span class='ocrx_word' id='word_1_536' title='bbox 2005 2746 2045 2787; x_wconf 78' lang='grc' dir='ltr'><em>δι</em></span> <span class='ocrx_word' id='word_1_537' title='bbox 2067 2743 2238 2801; x_wconf 69' lang='lat' dir='ltr'><em>singulos</em></span> <span class='ocrx_word' id='word_1_538' title='bbox 2264 2753 2349 2786; x_wconf 85' lang='lat' dir='ltr'><em>tam</em></span> <span class='ocrx_word' id='word_1_539' title='bbox 2365 2741 2429 2799; x_wconf 80' lang='lat' dir='ltr'><em>ju-</em></span> 
     </span>
     <span class='ocr_line' id='line_1_88' title="bbox 1392 2800 2432 2863; baseline -0.006 -14"><span class='ocrx_word' id='word_1_540' title='bbox 1392 2807 1445 2850; x_wconf 87' lang='lat' dir='ltr'><em>ris</em></span> <span class='ocrx_word' id='word_1_541' title='bbox 1476 2819 1594 2863; x_wconf 87' lang='lat' dir='ltr'><em>quam</em></span> <span class='ocrx_word' id='word_1_542' title='bbox 1618 2802 1708 2846; x_wconf 61' lang='lat' dir='ltr'><em>fasti</em></span> <span class='ocrx_word' id='word_1_543' title='bbox 1731 2801 1939 2853; x_wconf 66' lang='lat' dir='ltr'><em>defectus,</em></span> <span class='ocrx_word' id='word_1_544' title='bbox 1972 2803 1995 2845; x_wconf 79' lang='lat' dir='ltr'><em>si</em></span> <span class='ocrx_word' id='word_1_545' title='bbox 2014 2804 2081 2861; x_wconf 89' lang='lat' dir='ltr'><em>qui</em></span> <span class='ocrx_word' id='word_1_546' title='bbox 2099 2800 2229 2845; x_wconf 85' lang='lat' dir='ltr'><em>forsan</em></span> <span class='ocrx_word' id='word_1_547' title='bbox 2248 2801 2432 2843; x_wconf 84' lang='lat' dir='ltr'><em>interve-</em></span> 
     </span>
     <span class='ocr_line' id='line_1_89' title="bbox 1391 2859 2434 2920; baseline -0.009 -11"><span class='ocrx_word' id='word_1_548' title='bbox 1391 2865 1530 2910; x_wconf 86' lang='lat' dir='ltr'><em>nerint</em></span> <span class='ocrx_word' id='word_1_549' title='bbox 1546 2862 1876 2920; x_wconf 77' lang='lat' dir='ltr'><em>quomodolibet,</em></span> <span class='ocrx_word' id='word_1_550' title='bbox 1895 2863 1932 2905; x_wconf 89' lang='lat' dir='ltr'><em>in</em></span> <span class='ocrx_word' id='word_1_551' title='bbox 1946 2862 2096 2906; x_wconf 86' lang='lat' dir='ltr'><em>eisdem</em></span> <span class='ocrx_word' id='word_1_552' title='bbox 2114 2861 2318 2918; x_wconf 87' lang='lat' dir='ltr'><em>supplere,</em></span> <span class='ocrx_word' id='word_1_553' title='bbox 2335 2859 2434 2902; x_wconf 84' lang='lat' dir='ltr'><em>alia-</em></span> 
     </span>
     <span class='ocr_line' id='line_1_90' title="bbox 1394 2917 2432 2980; baseline -0.007 -14"><span class='ocrx_word' id='word_1_554' title='bbox 1394 2937 1473 2980; x_wconf 91' lang='lat' dir='ltr'><em>que</em></span> <span class='ocrx_word' id='word_1_555' title='bbox 1486 2921 1622 2966; x_wconf 88' lang='lat' dir='ltr'><em>facere</em></span> <span class='ocrx_word' id='word_1_556' title='bbox 1639 2950 1653 2973; x_wconf 85' lang='lat'><em>,</em></span> <span class='ocrx_word' id='word_1_557' title='bbox 1682 2920 1821 2963; x_wconf 89' lang='lat' dir='ltr'><em>dicere</em></span> <span class='ocrx_word' id='word_1_558' title='bbox 1840 2951 1851 2970; x_wconf 96' lang='lat'><strong>‚</strong></span> <span class='ocrx_word' id='word_1_559' title='bbox 1883 2923 1923 2963; x_wconf 77' lang='grc' dir='ltr'><em>δι</em></span> <span class='ocrx_word' id='word_1_560' title='bbox 1936 2923 2081 2978; x_wconf 84' lang='lat' dir='ltr'><em>exequi</em></span> <span class='ocrx_word' id='word_1_561' title='bbox 2100 2921 2140 2961; x_wconf 90' lang='lat' dir='ltr'><em>in</em></span> <span class='ocrx_word' id='word_1_562' title='bbox 2156 2917 2351 2976; x_wconf 82' lang='lat' dir='ltr'><em>praemissis</em></span> <span class='ocrx_word' id='word_1_563' title='bbox 2366 2947 2380 2970; x_wconf 85' lang='lat'><em>,</em></span> <span class='ocrx_word' id='word_1_564' title='bbox 2393 2919 2432 2959; x_wconf 77' lang='grc' dir='ltr'><em>δι</em></span> 
     </span>
     <span class='ocr_line' id='line_1_91' title="bbox 1393 2978 2434 3036; baseline -0.006 -11"><span class='ocrx_word' id='word_1_565' title='bbox 1393 2984 1498 3027; x_wconf 90' lang='lat' dir='ltr'><em>circa</em></span> <span class='ocrx_word' id='word_1_566' title='bbox 1514 2995 1560 3023; x_wconf 87' lang='lat' dir='ltr'><em>ea</em></span> <span class='ocrx_word' id='word_1_567' title='bbox 1577 2978 1793 3025; x_wconf 78' lang='lat' dir='ltr'><em>neceffaria</em></span> <span class='ocrx_word' id='word_1_568' title='bbox 1806 3006 1820 3027; x_wconf 80' lang='lat'>‚</span> <span class='ocrx_word' id='word_1_569' title='bbox 1837 2979 1898 3023; x_wconf 90' lang='lat' dir='ltr'><em>seu</em></span> <span class='ocrx_word' id='word_1_570' title='bbox 1915 2978 2223 3036; x_wconf 83' lang='lat' dir='ltr'><em>quomodolibet</em></span> <span class='ocrx_word' id='word_1_571' title='bbox 2236 2987 2434 3034; x_wconf 88' lang='lat' dir='ltr'><em>opportu-</em></span> 
     </span>
     <span class='ocr_line' id='line_1_92' title="bbox 1396 3036 2430 3089; baseline -0.008 -4"><span class='ocrx_word' id='word_1_572' title='bbox 1396 3041 1702 3089; x_wconf 70' lang='lat' dir='ltr'><em>na‚auetoritate</em></span> <span class='ocrx_word' id='word_1_573' title='bbox 1717 3038 1846 3081; x_wconf 82' lang='lat' dir='ltr'><em>vestra</em></span> <span class='ocrx_word' id='word_1_574' title='bbox 1861 3040 2012 3083; x_wconf 82' lang='lat' dir='ltr'><em>curetis</em></span> <span class='ocrx_word' id='word_1_575' title='bbox 2026 3067 2037 3081; x_wconf 86' lang='lat'><strong>.</strong></span> <span class='ocrx_word' id='word_1_576' title='bbox 2072 3042 2166 3081; x_wconf 87' lang='lat' dir='ltr'><em>Non</em></span> <span class='ocrx_word' id='word_1_577' title='bbox 2183 3036 2430 3080; x_wconf 84' lang='lat' dir='ltr'><em>obstantibus</em></span> 
     </span>
     <span class='ocr_line' id='line_1_93' title="bbox 1396 3094 2432 3156; baseline -0.008 -15"><span class='ocrx_word' id='word_1_578' title='bbox 1396 3097 1593 3156; x_wconf 83' lang='lat' dir='ltr'><em>praemiffis</em></span> <span class='ocrx_word' id='word_1_579' title='bbox 1609 3128 1623 3150; x_wconf 87' lang='lat'><em>,</em></span> <span class='ocrx_word' id='word_1_580' title='bbox 1654 3113 1700 3142; x_wconf 81' lang='lat' dir='ltr'><em>ac</em></span> <span class='ocrx_word' id='word_1_581' title='bbox 1728 3095 1798 3141; x_wconf 87' lang='lat' dir='ltr'><em>fel.</em></span> <span class='ocrx_word' id='word_1_582' title='bbox 1814 3112 1894 3140; x_wconf 87' lang='lat' dir='ltr'><em>rec.</em></span> <span class='ocrx_word' id='word_1_583' title='bbox 1928 3097 2040 3140; x_wconf 90' lang='lat' dir='ltr'><em>Pauli</em></span> <span class='ocrx_word' id='word_1_584' title='bbox 2058 3099 2113 3140; x_wconf 88' lang='lat'><em>11.</em></span> <span class='ocrx_word' id='word_1_585' title='bbox 2130 3127 2146 3149; x_wconf 92' lang='lat'><em>,</em></span> <span class='ocrx_word' id='word_1_586' title='bbox 2175 3098 2211 3139; x_wconf 74' lang='grc' dir='ltr'><em>δι</em></span> <span class='ocrx_word' id='word_1_587' title='bbox 2229 3094 2432 3140; x_wconf 84' lang='lat' dir='ltr'><em>PauliIV.</em></span> 
     </span>
     <span class='ocr_line' id='line_1_94' title="bbox 1394 3154 2430 3207; baseline -0.006 -4"><span class='ocrx_word' id='word_1_588' title='bbox 1394 3164 1679 3206; x_wconf 84' lang='lat' dir='ltr'><em>Romanorum</em></span> <span class='ocrx_word' id='word_1_589' title='bbox 1698 3154 1966 3207; x_wconf 87' lang='lat' dir='ltr'><em>Pontificum,</em></span> <span class='ocrx_word' id='word_1_590' title='bbox 1993 3155 2327 3200; x_wconf 82' lang='lat' dir='ltr'><em>Praedecefforum</em></span> <span class='ocrx_word' id='word_1_591' title='bbox 2357 3169 2430 3197; x_wconf 88' lang='lat' dir='ltr'><em>no-</em></span> 
     </span>
     <span class='ocr_line' id='line_1_95' title="bbox 1392 3210 2431 3264; baseline -0.006 -3"><span class='ocrx_word' id='word_1_592' title='bbox 1392 3220 1560 3262; x_wconf 85' lang='lat' dir='ltr'><em>strorum</em></span> <span class='ocrx_word' id='word_1_593' title='bbox 1577 3243 1590 3264; x_wconf 71' lang='lat' dir='ltr'>a</span> <span class='ocrx_word' id='word_1_594' title='bbox 1607 3216 1660 3258; x_wconf 84' lang='lat' dir='ltr'><em>de</em></span> <span class='ocrx_word' id='word_1_595' title='bbox 1674 3215 1795 3258; x_wconf 88' lang='lat' dir='ltr'><em>rebus</em></span> <span class='ocrx_word' id='word_1_596' title='bbox 1813 3215 2000 3257; x_wconf 81' lang='lat' dir='ltr'><em>Ecclesiae</em></span> <span class='ocrx_word' id='word_1_597' title='bbox 2015 3228 2093 3257; x_wconf 87' lang='lat' dir='ltr'><em>non</em></span> <span class='ocrx_word' id='word_1_598' title='bbox 2115 3210 2335 3256; x_wconf 85' lang='lat' dir='ltr'><em>alienandis</em></span> <span class='ocrx_word' id='word_1_599' title='bbox 2352 3240 2366 3263; x_wconf 92' lang='lat'><em>,</em></span> <span class='ocrx_word' id='word_1_600' title='bbox 2393 3215 2431 3255; x_wconf 76' lang='grc' dir='ltr'><em>δε</em></span> 
     </span>
     <span class='ocr_line' id='line_1_96' title="bbox 1392 3270 2432 3329; baseline -0.009 -7"><span class='ocrx_word' id='word_1_601' title='bbox 1392 3275 1578 3322; x_wconf 86' lang='lat' dir='ltr'><em>alienatis</em></span> <span class='ocrx_word' id='word_1_602' title='bbox 1597 3272 1881 3328; x_wconf 86' lang='lat' dir='ltr'><em>recuperandis</em></span> <span class='ocrx_word' id='word_1_603' title='bbox 1896 3303 1910 3324; x_wconf 78' lang='lat'><em>,</em></span> <span class='ocrx_word' id='word_1_604' title='bbox 1941 3276 1981 3319; x_wconf 86' lang='lat'>&amp;</span> <span class='ocrx_word' id='word_1_605' title='bbox 1994 3272 2194 3329; x_wconf 84' lang='lat' dir='ltr'><em>quibusvis</em></span> <span class='ocrx_word' id='word_1_606' title='bbox 2209 3270 2297 3313; x_wconf 81' lang='lat' dir='ltr'><em>aliis</em></span> <span class='ocrx_word' id='word_1_607' title='bbox 2315 3273 2432 3314; x_wconf 88' lang='lat' dir='ltr'><em>Con-</em></span> 
     </span>
     <span class='ocr_line' id='line_1_97' title="bbox 1393 3329 2430 3387; baseline -0.006 -8"><span class='ocrx_word' id='word_1_608' title='bbox 1393 3334 1667 3379; x_wconf 82' lang='lat' dir='ltr'><em>stitutionibus</em></span> <span class='ocrx_word' id='word_1_609' title='bbox 1687 3361 1701 3384; x_wconf 64' lang='lat' dir='ltr'>a</span> <span class='ocrx_word' id='word_1_610' title='bbox 1742 3334 1782 3377; x_wconf 75' lang='grc' dir='ltr'><em>δε</em></span> <span class='ocrx_word' id='word_1_611' title='bbox 1810 3332 2143 3377; x_wconf 86' lang='lat' dir='ltr'><em>Ordinationibus</em></span> <span class='ocrx_word' id='word_1_612' title='bbox 2159 3329 2398 3387; x_wconf 81' lang='lat' dir='ltr'><em>Apostolicis</em></span> <span class='ocrx_word' id='word_1_613' title='bbox 2414 3360 2430 3385; x_wconf 92' lang='lat'><em>,</em></span> 
     </span>
     <span class='ocr_line' id='line_1_98' title="bbox 1393 3391 2200 3449; baseline -0.01 -10"><span class='ocrx_word' id='word_1_614' title='bbox 1393 3393 1627 3449; x_wconf 84' lang='lat' dir='ltr'><em>caeterisque</em></span> <span class='ocrx_word' id='word_1_615' title='bbox 1641 3391 1855 3435; x_wconf 88' lang='lat' dir='ltr'><em>contrariis</em></span> <span class='ocrx_word' id='word_1_616' title='bbox 1869 3391 2171 3448; x_wconf 83' lang='lat' dir='ltr'><em>quibuscunque</em></span> <span class='ocrx_word' id='word_1_617' title='bbox 2189 3419 2200 3432; x_wconf 90' lang='lat'><strong>.</strong></span> 
     </span>
    </p>

    <p class='ocr_par' dir='ltr' id='par_1_22' title="bbox 1392 3450 2430 3618">
     <span class='ocr_line' id='line_1_99' title="bbox 1451 3450 2430 3507; baseline -0.003 -11"><span class='ocrx_word' id='word_1_618' title='bbox 1451 3456 1603 3496; x_wconf 85' lang='lat' dir='ltr'><em>Datum</em></span> <span class='ocrx_word' id='word_1_619' title='bbox 1633 3454 1771 3495; x_wconf 76' lang='lat' dir='ltr'><em>Roma:</em></span> <span class='ocrx_word' id='word_1_620' title='bbox 1801 3451 1908 3507; x_wconf 85' lang='lat' dir='ltr'><em>apud</em></span> <span class='ocrx_word' id='word_1_621' title='bbox 1938 3451 2126 3493; x_wconf 67' lang='lat' dir='ltr'><em>sanetum</em></span> <span class='ocrx_word' id='word_1_622' title='bbox 2159 3451 2328 3493; x_wconf 89' lang='lat' dir='ltr'><em>Petrum</em></span> <span class='ocrx_word' id='word_1_623' title='bbox 2361 3450 2430 3496; x_wconf 88' lang='lat' dir='ltr'><em>sub</em></span> 
     </span>
     <span class='ocr_line' id='line_1_100' title="bbox 1392 3508 2426 3558; baseline -0.003 -3"><span class='ocrx_word' id='word_1_624' title='bbox 1392 3511 1558 3555; x_wconf 83' lang='lat' dir='ltr'><em>Annulo</em></span> <span class='ocrx_word' id='word_1_625' title='bbox 1575 3510 1789 3553; x_wconf 86' lang='lat' dir='ltr'><em>Piscatoris</em></span> <span class='ocrx_word' id='word_1_626' title='bbox 1805 3536 1820 3558; x_wconf 79' lang='lat'><em>,</em></span> <span class='ocrx_word' id='word_1_627' title='bbox 1835 3511 1910 3552; x_wconf 89' lang='lat' dir='ltr'><em>Die</em></span> <span class='ocrx_word' id='word_1_628' title='bbox 1926 3523 1997 3552; x_wconf 82' lang='lat' dir='ltr'><em>vn.</em></span> <span class='ocrx_word' id='word_1_629' title='bbox 2022 3508 2231 3552; x_wconf 85' lang='lat' dir='ltr'><em>Februarii</em></span> <span class='ocrx_word' id='word_1_630' title='bbox 2247 3524 2426 3554; x_wconf 64' lang='lat' dir='ltr'><em>monxxi.</em></span> 
     </span>
     <span class='ocr_line' id='line_1_101' title="bbox 1395 3567 2100 3618; baseline -0.006 -4"><span class='ocrx_word' id='word_1_631' title='bbox 1395 3568 1659 3618; x_wconf 85' lang='lat' dir='ltr'><em>Pontificatus</em></span> <span class='ocrx_word' id='word_1_632' title='bbox 1672 3568 1795 3614; x_wconf 86' lang='lat' dir='ltr'><em>nostri</em></span> <span class='ocrx_word' id='word_1_633' title='bbox 1817 3569 1936 3612; x_wconf 84' lang='lat' dir='ltr'><em>Anno</em></span> <span class='ocrx_word' id='word_1_634' title='bbox 1962 3567 2075 3612; x_wconf 84' lang='lat' dir='ltr'><em>sexto</em></span> <span class='ocrx_word' id='word_1_635' title='bbox 2089 3597 2100 3610; x_wconf 88' lang='lat'><strong>.</strong></span> 
     </span>
    </p>
   </div>
   <div class='ocr_carea' id='block_1_19' title="bbox 1455 3686 2329 3748">
    <p class='ocr_par' dir='ltr' id='par_1_23' title="bbox 1455 3686 2329 3748">
     <span class='ocr_line' id='line_1_102' title="bbox 1455 3686 2329 3748; baseline -0.002 -16"><span class='ocrx_word' id='word_1_636' title='bbox 1455 3693 1580 3732; x_wconf 82' lang='lat' dir='ltr'><em>Breve</em></span> <span class='ocrx_word' id='word_1_637' title='bbox 1597 3686 1824 3748; x_wconf 86' lang='lat' dir='ltr'><em>formatum</em></span> <span class='ocrx_word' id='word_1_638' title='bbox 1844 3686 1888 3728; x_wconf 86' lang='lat' dir='ltr'><em>in</em></span> <span class='ocrx_word' id='word_1_639' title='bbox 1904 3686 2074 3730; x_wconf 83' lang='lat' dir='ltr'><em>Archivo</em></span> <span class='ocrx_word' id='word_1_640' title='bbox 2088 3690 2304 3733; x_wconf 78' lang='lat' dir='ltr'><em>Conventus</em></span> <span class='ocrx_word' id='word_1_641' title='bbox 2318 3718 2329 3730; x_wconf 86' lang='lat'>.</span> 
     </span>
    </p>
   </div>
   <div class='ocr_carea' id='block_1_20' title="bbox 2299 3809 2378 3849">
    <p class='ocr_par' dir='ltr' id='par_1_24' title="bbox 2299 3809 2378 3849">
     <span class='ocr_line' id='line_1_103' title="bbox 2299 3809 2378 3849; baseline -0.013 0"><span class='ocrx_word' id='word_1_642' title='bbox 2299 3809 2378 3849; x_wconf 83' lang='lat' dir='ltr'><em>Ec·</em></span> 
     </span>
    </p>
   </div>
  </div>
 </body>
</html>
