2762 4088
829 205 1827 307 ISeAGOGES.
2122 234 2327 317 xxjjj,

271 336 426 403 dum
488 329 794 399 affirmant
840 373 859 403 ,
934 328 1039 392 alii
1083 350 1314 418 negant
1346 382 1363 409 ‚
1420 333 1480 398 8<
1533 337 1757 400 melius
1801 335 1904 402 alii
1964 341 2342 433 distinguunt
2375 395 2391 411 .

273 427 620 516 Affirmant
677 417 940 504 Hqslien.
999 423 1071 487 in
1118 424 1346 508 fiemm.
1399 428 1472 491 in
1523 430 1620 494 tit.
1678 428 1750 495 de
1808 425 1946 512 offic.
2003 431 2207 522 Deleg.
2274 442 2391 503 ina

273 522 398 589 rub.
431 515 504 583 de
522 513 708 598 reczgll
725 511 907 590 Βαλᾶ.
925 513 996 577 in
1028 514 1066 578 l.
1080 517 1518 601 juriy’urandi
1555 543 1613 584 n.
1640 542 1690 600 5.
1721 519 1793 585 de
1820 520 2084 606 testibus.
2113 528 2392 597 Arienoch.

270 610 424 697 cons
459 629 598 677 100.
641 629 700 671 n.
731 611 838 692 78.
884 603 1210 692 Mastard.
1253 609 1325 675 de
1360 610 1530 696 prob.
1570 613 1748 677 concl.
1781 633 1922 695 140.
1968 637 2026 678 n.
2057 637 2138 692 1.‚
2185 618 2262 686 ἐφ’)
2299 642 2391 702 ¹4·

270 702 428 790 verss
465 701 889 767 contrarium.
937 698 1155 765 Simon
1193 700 1264 766 de
1302 701 1491 768 Praet.
1536 723 1660 770 con.
1682 727 1787 786 40.
1820 728 1982 771 num.
2004 730 2063 788 4
2112 708 2392 776 Alonald.

268 797 426 885 const
450 815 591 880 109.
635 816 692 857 n.
713 818 769 877 9.
815 791 886 856 in
928 812 983 854 2.
1005 788 1297 859 Furinae.
1326 794 1397 860 de
1427 793 1666 881 testibus
1692 798 1886 884 quaest.
1907 807 2010 879 63.
2037 823 2096 866 n.
2116 810 2216 866 60.
2249 826 2395 890 quos

269 889 485 977 refert.
510 882 838 973 Altograd.
875 881 1159 971 Conslzz.
1203 887 1238 951 l.
1271 910 1319 951 1.
1365 909 1590 968 n.45..,
1655 887 1733 956 δῦ
1755 892 2075 978 fich-cum
2122 893 2268 959 aljis
2307 918 2399 960 re.

271 986 381 1050 lat.
415 1000 532 1070 per
568 978 719 1045 Gen.
787 975 859 1045 de
894 979 1084 1066 strip.
1112 983 1383 1067 privata
1430 981 1467 1045 l.
1487 1003 1545 1062 3.
1592 997 1637 1046 t.
1673 979 1744 1046 de
1784 982 1943 1049 Litt.
1982 984 2179 1071 qusl.
2226 1009 2284 1050 n.
2308 1014 2400 1073 9.,

274 1075 353 1147 ὃ)
391 1098 491 1141 2ο.
533 1071 756 1138 suffulti
795 1074 1004 1159 regula
1044 1074 1458 1139 communiter
1499 1077 1534 1138 εἳ
1571 1073 1951 1140 Βοξὶοτὶὺυε
1997 1076 2401 1165 comprobata

271 1172 333 1236 ἃ
365 1169 619 1235 fundata
656 1170 724 1230 in
757 1163 1059 1253 dignitate
1080 1216 1097 1242 ‚
1139 1167 1207 1231 in
1240 1188 1364 1255 qua
1399 1166 1748 1232 Cardinalis
1777 1166 1863 1230 est
1898 1167 2258 1235 constitutus
2281 1220 2298 1246 ‚
2344 1170 2404 1234 8<

277 1262 364 1328 ob
399 1284 590 1418 cauam
615 1261 812 1344 juxta
847 1254 1027 1350 quffi
1043 1308 1061 1334 ,
1113 1257 1191 1329 ὃ)
1222 1256 1393 1326 Βοᾶ.
1436 1263 1507 1326 in
1552 1277 1677 1346 cap.
1714 1256 2111 1344 Nobiliffi'mus
2147 1288 2249 1349 97.
2277 1263 2403 1350 dfi.

271 1358 330 1421 ei
372 1378 406 1419 e
498 1350 876 1419 credendum
907 1399 925 1426 ,
982 1352 1310 1443 praestrtim
1346 1400 1363 1427 ,
1410 1376 1555 1419 cum
1598 1353 1665 1417 in
1704 1356 2071 1419 executione
2117 1357 2343 1423 indulti
2385 1403 2403 1431 ,

255 1449 439 1515 ‘vivae
475 1448 668 1513 Vocis
705 1444 976 1510 Oraculo
1013 1442 1278 1511 conceffi
1320 1468 1451 1510 non
1489 1444 1800 1511 censeatur
1855 1444 2115 1539 simplex
2163 1447 2363 1514 Testis
2384 1497 2401 1524 ,

278 1540 384 1608 ssd
418 1537 681 1606 Persona
721 1535 970 1626 publica
989 1588 1007 1616 ,
1055 1538 1116 1603 &
1152 1536 1507 1604 authentica
1526 1586 1541 1602 .

457 1634 584 1716 Quj
612 1632 971 1719 negativam
997 1649 1246 1698 tuentur
1275 1629 1637 1705 sententiam
1657 1680 1674 1707 ‚
1721 1630 1854 1697 sunt
1878 1630 2108 1698 Donat.
2129 1633 2198 1698 in
2218 1635 2408 1721 praxi

276 1745 323 1795 t.
352 1750 400 1792 1.
446 1720 632 1793 trad.
659 1733 754 1791 16.
812 1723 1010 1813 quoest.
1043 1746 1090 1787 1.
1139 1724 1354 1790 Abbas
1393 1727 1463 1790 in
1507 1743 1631 1812 cap.
1656 1774 1673 1801 ,
1722 1724 1886 1814 quod
1925 1743 2117 1812 nuper
2161 1750 2326 1794 num.
2355 1747 2404 1801 ς.

280 1818 575 1910 very-'fid
589 1817 662 1903 st
703 1816 967 1893 diceret,
1011 1816 1082 1883 de
1118 1815 1250 1883 Fid.
1291 1819 1560 1907 hgsirum.
1588 1818 1862 1886 Roman.
1903 1819 2058 1905 cons
2085 1827 2230 1901 387.
2280 1842 2406 1898 n.7.

282 1915 440 2002 verjsl
468 1928 722 1986 tamen,
767 1907 847 1979 δέ’
891 1911 1044 1986 alii,
1092 1932 1238 1998 quos
1272 1912 1482 2000 refert.
1518 1910 1756 1977 [Marta
1806 1914 1878 1978 in
1923 1928 2059 1978 voto
2079 1913 2192 2001 fito
2239 1914 2409 2001 Pisa-

278 2030 358 2078 no
396 2012 495 2072 86.
542 2027 707 2069 num.
736 2026 836 2086 24.
880 2026 997 2068 nec
1044 2004 1159 2068 alia
1199 2007 1436 2070 ratione
1477 2006 1869 2080 muniuntur,
1912 2009 2100 2096 quam
2134 2007 2309 2098 quod
2345 2008 2411 2069 in

278 2099 462 2167 rebus
494 2098 738 2163 muneri
770 2097 1119 2162 Cardinalis
1148 2121 1281 2162 non
1324 2099 1580 2163 annexis
1602 2145 1618 2171 ,
1666 2095 1946 2187 expresse
1985 2098 2258 2163 constare
2305 2098 2410 2162 de·

279 2193 420 2260 beat
457 2194 538 2257 de
572 2191 872 2256 mandato
895 2238 912 2266 ‚
942 2189 1017 2254 ἃ
1059 2189 1304 2279 speciali
1344 2188 1779 2256 commissione
1808 2213 1951 2255 cum
1991 2191 2296 2257 narrativa
2328 2187 2410 2255 fa-

280 2288 397 2361 ai,
435 2286 495 2352 81
531 2282 813 2373 specifica
845 2281 997 2348 dieti
1027 2282 1277 2364 Oraculi
1311 2285 1663 2357 mentione,
1708 2283 1791 2347 ita
1832 2285 1984 2348 ultra
2024 2284 2248 2349 relatos
2275 2305 2413 2347 cen-

284 2379 452 2444 sente
514 2377 584 2443 de
629 2376 804 2442 Luca
844 2375 926 2457 ‘de
953 2375 1001 2457 J
1004 2374 1184 2461 urg'l'd.
1233 2375 1368 2462 dish.
1411 2381 1507 2441 82.
1566 2398 1728 2441 num.
1751 2399 1804 2439 2.
1846 2375 2106 2464 Pignat.
2150 2392 2294 2442 tom.
2320 2396 2411 2439 10.

280 2473 556 2559 const33.
601 2492 660 2532 n.
684 2491 776 2555 19.
802 2493 900 2551 23.
924 2517 941 2543 ,
971 2465 1166 2553 &22
2127 2477 2133 2484 '

465 2562 754 2627 Medium
798 2579 1014 2628 tenent
1033 2608 1051 2637 ,
1098 2563 1159 2626 δί
1180 2563 1444 2628 validius
1464 2585 1604 2629 cum
1635 2554 2027 2628 distinetione
2065 2560 2412 2653 procedunt

283 2659 422 2735 alii,
468 2656 530 2720 δί
574 2656 862 2745 quidem.
897 2665 909 2674 '

466 2748 510 2812 1.
555 2745 1065 2838 Qotiescunque
1104 2750 1303 2836 agitur
1347 2749 1427 2811 de
1458 2742 1929 2811 alienationibus
1967 2742 2274 2809 bonorum
2296 2743 2409 2805 Ec·

286 2840 473 2910 clefiae
493 2889 511 2918 ,
555 2841 953 2907 Cardinalem
1001 2841 1081 2904 de
1118 2842 1340 2910 literis,
1392 2839 1452 2902 8<
1484 2834 1907 2903 commiffione
1947 2837 2171 2900 docere
2220 2833 2407 2899 debe-

286 2960 352 3002 re
394 2936 626 3023 docent
666 2935 745 2999 ad
776 2934 997 2997 tradita
1022 2950 1138 3018 per
1179 2931 1479 3020 Castrens'
1515 2933 1586 2996 in
1621 2930 1656 2992 l.
1686 2952 1732 2992 1.
1779 2926 1840 2991 C.
1875 2928 1945 2993 de
1976 2926 2181 2991 mand.
2202 2926 2409 2992 Princ.

292 3026 506 3094 Mart.
542 3043 664 3094 vot.
699 3027 929 3092 dec.82.
976 3047 1034 3088 n.
1062 3047 1159 3089 20.
1203 3049 1344 3090 cum
1379 3021 1764 3086 alienationis
1796 3017 2163 3108 dispensatio
2191 3014 2262 3080 fit
2286 3014 2409 3079 stri-

288 3122 389 3188 ἃὲ
431 3122 691 3185 Summo
723 3114 1013 3183 Pontifici
1058 3113 1357 3181 reservata
1378 3163 1395 3190 ‚
1441 3112 1749 3202 roburque
1785 3112 2008 3199 accipit
2039 3109 2167 3174 haec
2194 3107 2409 3172 condi-

291 3213 381 3281 tio
427 3213 494 3277 in
527 3211 699 3287 casu,
757 3230 884 3299 quo
925 3224 1024 3272 aut
1056 3230 1169 3297 per
1207 3209 1605 3272 alienationes
1626 3201 1897 3269 Ecclesia:
1921 3200 2173 3267 infertur
2203 3198 2411 3288 praeju-

291 3305 527 3372 dicium
553 3352 568 3379 ‚
613 3325 751 3367 cum
780 3319 927 3365 tunc
955 3322 1071 3365 nec
1091 3300 1410 3365 Cardinali
1429 3301 1663 3385 Legato
1682 3295 1982 3361 deferatur
2002 3342 2018 3368 ‚
2064 3311 2128 3357 ut
2147 3290 2234 3355 ad
2259 3288 2418 3376 qul?

275 3401 401 3488 fin.
434 3399 504 3463 in
536 3419 580 3463 c.
593 3395 759 3481 sicut
790 3394 964 3458 ⁴nobis
1002 3392 1073 3458 de
1091 3393 1255 3477 fint.
1288 3412 1531 3465 excom„
1577 3385 1744 3454 autfi
1780 3387 2065 3452 alienatio
2100 3382 2254 3447 faeta
2288 3381 2409 3447 fue-

295 3493 375 3557 rit
411 3489 623 3555 favore
660 3485 1157 3574 Consanguinei,
1200 3507 1340 3551 curn
1375 3481 1612 3570 semper
1642 3480 1823 3545 dolus
1854 3474 2268 3568 praesumatur,
2301 3473 2412 3540 nisi

296 3582 531 3649 constet
576 3584 655 3648 de
701 3579 976 3646 evidenti
1014 3575 1289 3642 Ecclefiae
1327 3576 1585 3641 utilitate
1619 3572 1786 3658 juxta
1816 3569 2077 3634 dedueta
2103 3586 2217 3654 per
2245 3568 2413 3635 Prae-

291 3676 551 3762 positum
593 3678 664 3742 in
710 3696 754 3739 c.
780 3695 901 3740 non
943 3673 1124 3737 liceat
1157 3692 1249 3735 12.
1291 3667 1561 3758 quaesta.
1607 3664 1710 3732 ubi
1757 3664 1929 3729 addit
1966 3709 1982 3736 ‚
2027 3683 2232 3749 neque
2279 3660 2413 3724 stari

2193 3775 2324 3816 Ver-
