2762 4108
351 321 685 378 Monasterium
715 321 763 370 S.
792 321 1075 385 Hieronymi
1106 321 1150 369 in
1180 321 1384 370 Civitate

419 389 713 450 Vicentina,d
740 392 1020 441 Monasterio
1041 396 1255 440 Fratrum
1274 395 1384 444 San·

415 461 497 511 &ae
526 465 691 512 Mariae
722 464 991 512 Gratiarum
1031 459 1383 519 dismembrati,

414 534 697 602 Regularem
725 531 890 583 statum
919 531 1111 583 Ordinis
1138 536 1184 582 S.
1215 533 1383 583 Hiero·

413 606 548 670 nymi
565 605 609 652 in
631 605 713 653 illo
732 603 984 672 supprimi,
1010 603 1267 671 prophanos
1285 605 1381 653 Ha-

413 671 629 723 bitatores
661 691 718 722 ex
749 691 804 723 eo
831 676 1023 742 expelli,
1058 691 1110 722 ac
1143 671 1378 723 Fratribus

411 743 591 793 Nostris
617 779 633 802 ‚
669 761 754 813 pro
769 758 987 815 perpetuo
1007 741 1089 793 usu
1107 743 1153 794 id
1171 742 1376 803 concedi,

411 815 600 865 mandat
618 849 632 865 .

346 947 381 988 Α
396 954 514 1000 tergo
531 973 542 984 .
585 942 796 986 Venerabili
824 943 967 987 Fratri
991 942 1169 999 Epssopo
1190 943 1380 985 Vicenti'no

421 1004 497 1066 ſsu
521 1000 675 1044 Duc-²20
703 1000 807 1044 Filio
833 1001 912 1058 ejus
936 1000 980 1043 in
1012 999 1293 1056 spiritualibus

669 1063 817 1105 vicario
839 1061 1024 1103 Generalt'
1037 1090 1048 1101 .

335 1200 376 1248 ,P
446 1200 471 1246 Ῑ
545 1197 598 1251 U
669 1198 700 1244 S
814 1196 849 1243 P
922 1198 967 1243 A
1041 1197 1076 1243 P
1153 1199 1196 1245 A
1308 1198 1370 1246 V.

346 1322 577 1370 Venerabilis
606 1325 779 1371 Frater,
799 1323 870 1376 stu
893 1320 1044 1364 Dilcffe
1073 1322 1153 1365 Fili
1167 1322 1371 1380 filatem,

511 1382 558 1431 δ’
583 1381 838 1437 Apostolicam
866 1380 1193 1423 Benediblionem.

439 1501 476 1540 X
512 1497 688 1553 injuncto
728 1499 856 1541 Nobis
880 1497 1120 1554 Apostolicae
1162 1497 1367 1543 servitutis

466 1556 612 1598 officio
629 1583 644 1605 ,
674 1555 723 1597 ad
741 1569 786 1597 ea
805 1558 983 1600 libenter
998 1555 1246 1600 intendimus
1262 1589 1275 1611 ,
1294 1574 1365 1615 per

343 1631 430 1671 quae
460 1613 646 1658 Ecclefiae
671 1643 685 1665 ,
728 1615 765 1654 δε
802 1615 1042 1659 Monasteria
1074 1617 1261 1671 quaelibet
1289 1619 1364 1659 de-

339 1674 431 1716 bitis
458 1670 770 1728 frequententur
798 1675 1046 1725 honoribus,
1076 1676 1137 1726 &,
1174 1686 1215 1716 ut
1247 1676 1285 1720 id
1303 1675 1361 1718 fe·

342 1732 459 1773 licius
489 1732 667 1787 subsequi
699 1731 813 1786 possit
839 1760 853 1783 ,
884 1746 1165 1787 nonnunquam
1194 1735 1362 1778 illorum

337 1790 537 1833 Ordinum
563 1790 740 1845 personis
762 1792 968 1847 provideri
998 1805 1211 1844 curamus,
1244 1804 1362 1849 prout

339 1848 378 1891 in
407 1851 584 1890 Domino
609 1847 870 1903 conspicimus
898 1850 1107 1892 salubriter
1136 1852 1359 1905 expedire..

396 1909 637 1961 Accepimus
666 1905 756 1949 sane
782 1922 914 1964 nuper
934 1938 949 1959 ,
982 1907 1090 1964 quod
1109 1937 1122 1959 ,
1155 1910 1357 1965 postquam

334 1965 604 2021 superioribus
630 1965 771 2007 diebus
787 1968 866 2017 Tu,
886 1969 1025 2009 Frater
1044 1968 1238 2023 Episcope
1256 1997 1268 2019 ,
1292 1971 1359 2023 qui

335 2036 451 2066 antea
475 2023 737 2067 intellexeras
771 2024 1059 2068 Monasterium
1097 2053 1110 2075 ,
1141 2027 1178 2066 &
1209 2027 1355 2069 Eccle-

333 2082 427 2124 fiam
443 2083 570 2125 Sancti·
590 2082 823 2137 Hieronymi
855 2084 891 2124 in
906 2084 1103 2126 Vinarolo
1129 2099 1283 2140 prope,
1315 2087 1355 2127 &

331 2152 445 2182 extra
474 2154 607 2183 muros
621 2140 823 2183 Vicentin.
840 2140 992 2184 dudum
1014 2145 1037 2187 a
1057 2140 1219 2187 Dilec‘tis
1239 2144 1353 2187 Filiis

331 2200 537 2244 Fratribus
566 2202 715 2240 sanetae
741 2200 876 2242 Mariae
906 2203 1166 2250 Gratiarum,
1198 2203 1350 2247 etiam-2

331 2257 535 2299 Vicentin.
553 2254 732 2311 ejusdem
753 2258 1165 2314 SanctiHieronymi,
1198 2262 1263 2304 vel
1291 2263 1353 2305 al—

334 2316 460 2358 terius
479 2314 646 2357 Ordinis
663 2317 857 2360 derelicta
874 2315 986 2360 fuisse
1003 2348 1016 2369 ,
1048 2318 1199 2375 illaque
1216 2319 1235 2362 a
1255 2323 1353 2363 Per-

330 2373 433 2417 fiinis
466 2375 607 2423 laicis,
637 2375 677 2415 δι
701 2375 942 2427 infamibus,
972 2393 1017 2420 ac
1034 2380 1210 2420 uxoratis
1243 2380 1350 2422 inha-

331 2432 450 2475 bitari
477 2460 491 2483 ‚
523 2432 756 2488 ibidemque
778 2434 901 2476 multa
932 2436 1090 2490 turpia,
1121 2438 1160 2478 &
1186 2439 1350 2481 inhone-

330 2491 384 2532 sta
412 2491 613 2533 committi
630 2492 669 2532 in
689 2506 811 2548 grave
827 2493 1020 2535 dictorum
1039 2496 1225 2539 Fratrum
1238 2497 1347 2539 dam-

328 2563 428 2594 num
454 2577 468 2599 ,
510 2550 549 2593 δι
577 2547 805 2592 scandalum
835 2552 1101 2606 plurimorum
1124 2581 1138 2602 ,
1181 2559 1348 2609 cupiens

324 2623 400 2665 pro
425 2606 501 2649 Tui
533 2607 737 2662 pastoralis
755 2609 890 2652 Officii
914 2610 1053 2655 debito
1083 2613 1121 2654 in
1150 2614 1346 2668 praemlffis

322 2665 567 2721 providere,
599 2677 694 2707 tunc
720 2667 905 2711 existenti
922 2671 1039 2723 Tuo,
1071 2672 1110 2713 in
1128 2673 1353 2727 Spirituali-

323 2726 398 2768 bus
416 2724 578 2770 Vicario
605 2725 799 2769 Generali
817 2727 1002 2779 ,verb0,
1034 2729 1099 2771 vel
1129 2733 1167 2772 in
1195 2732 1350 2785 scriptis

325 2783 619 2833 mandaveras,
651 2795 693 2825 ut
712 2786 1030 2838 Monasterium,
1060 2790 1097 2830 δι
1129 2788 1346 2832 Ecclefiam

326 2842 457 2886 sanni
481 2843 719 2896 Hieronymi
747 2844 968 2897 hujusmodi
994 2847 1171 2889 visitaret
1199 2877 1212 2898 ,
1245 2847 1346 2901 ipse-

321 2901 589 2953 queVicarius
607 2901 896 2947 MandatoTuo
910 2904 1136 2963 hujusmodi
1157 2907 1207 2949 ad
1225 2908 1346 2963 ipsum

321 2956 607 3003 Monasterium
626 2988 638 3007 ,
670 2962 707 3001 &
744 2962 991 3015 Ecclefiam,
1022 2963 1134 3007 causa
1162 2966 1230 3008 illa
1259 2964 1346 3007 vili-

322 3017 433 3060 tandi
453 3017 717 3071 persinaliter
740 3021 957 3065 accesserat
973 3051 987 3073 ,
1017 3023 1056 3064 in
1082 3023 1344 3069 visitatione)

322 3075 546 3132 hujusmodi
577 3076 792 3119 Ecclesiam
815 3080 934 3134 ipsam
963 3081 1130 3124 mirifice
1163 3083 1343 3125 constru-

320 3138 420 3177 etam
445 3160 459 3181 ,
492 3134 556 3176 sed
586 3135 848 3179 immunditiis
877 3139 1034 3193 plenam
1061 3170 1075 3192 ,
1108 3143 1156 3182 ab
1182 3141 1343 3196 eiusque

320 3192 501 3235 fenestris
527 3193 707 3247 lapides,
738 3196 777 3235 &
808 3209 942 3238 crates
969 3198 1122 3241 serre-as
1157 3201 1309 3243 ablatas
1326 3230 1339 3251 ,

319 3265 392 3293 nec
408 3266 484 3292 non
500 3253 631 3295 omnia
656 3253 759 3294 illius
785 3267 1022 3300 ornamenta
1051 3257 1254 3311 (excepta
1281 3270 1342 3300 ta-

319 3323 412 3350 men
428 3311 598 3365 quadam
626 3311 727 3365 palla
756 3315 937 3359 veteri&
958 3315 1152 3370 corrosa)
1182 3316 1340 3369 deleta,

320 3382 364 3408 ac
392 3369 440 3408 ab
467 3369 799 3413 illiusAltai-ibus
818 3372 969 3427 lapides
996 3372 1127 3416 steros
1156 3375 1338 3418 similiter

318 3425 471 3467 ablatos
496 3429 678 3477 invenit,
711 3444 754 3470 ac
779 3429 800 3471 ἃ
823 3432 918 3472 dieti
934 3433 1163 3475 Monasterii
1183 3433 1336 3478 habita-

320 3485 470 3527 toribus
515 3488 702 3542 accepit,
735 3489 772 3530 in
815 3489 918 3531 dicta
945 3490 1124 3534 Ecclesia
1153 3492 1240 3546 pilae
1276 3493 1339 3534 lu·

318 3541 407 3592 suS,
439 3545 593 3599 aliaque
620 3545 779 3599 profana
799 3548 1015 3598 exerceri,
1051 3550 1230 3605 inibique
1258 3552 1335 3594 tria

317 3599 460 3643 altaria
476 3613 670 3656 ,quatuor
684 3604 915 3658 sepulchra,
932 3607 1183 3664 eandemque
1198 3611 1342 3652 Eccle-

319 3661 409 3700 siam
427 3688 439 3709 ‚
472 3674 647 3714 magnam
675 3664 851 3719 alioquin
878 3665 1180 3709 venerationem
1200 3671 1341 3723 praese·

317 3715 426 3761 ferre
449 3748 463 3768 ,
494 3720 531 3759 &
556 3723 776 3774 campanile
805 3722 899 3766 satis
927 3724 1165 3766 honorabile
1194 3755 1206 3777 ,
1240 3727 1338 3769 licet

314 3777 516 3834 campanis
542 3777 773 3823 destitutum
791 3782 942 3825 habere
959 3810 973 3832 ,
1007 3784 1043 3824 in
1065 3782 1247 3841 illiusque
1264 3790 1337 3830 Sa-

1160 204 1697 291 Provincia

1446 321 1582 363 crario
1595 319 1812 378 quemdam
1829 322 1971 366 Virum
1997 322 2257 379 conjugatum
2285 323 2360 367 una
2379 340 2471 369 cum

1445 379 1560 435 ipsius
1574 394 1700 423 uxore
1714 409 1730 433 ,
1760 382 1800 422 ὅτ.
1826 380 1916 424 filiis
1933 383 2206 431 commorari,
2237 382 2477 440 ibidemque

1444 439 1570 481 etiam
1595 439 1703 482 suem
1723 440 1896 488 nutriri,
1929 442 1966 483 in
1984 442 2099 496 ipsius
2117 443 2216 485 vero
2240 443 2473 485 Monasterii

1443 497 1604 541 cellulis
1631 497 1822 540 mulieres
1837 501 1983 554 partim
2002 501 2139 545 viduas
2155 527 2170 550 ,
2201 502 2349 556 partim
2373 515 2475 544 con-

1439 555 1595 613 jugatas
1610 586 1624 608 ,
1655 558 1695 598 δε
1718 556 1817 599 alias
1845 560 1968 601 etiam
2000 573 2076 601 non
2094 558 2332 615 conjugatas
2349 573 2474 614 repe—

1440 616 1542 667 riri,
1572 617 1612 657 &
1627 629 1702 671 per
1715 629 1807 658 eum
1824 616 2025 659 nonnullis
2039 619 2138 661 inibi
2154 619 2324 662 testibus
2341 647 2354 669 ,
2387 632 2474 660 me-

1437 672 1508 716 dio
1533 673 1765 730 juramento
1792 676 2029 718 examinatis
2055 706 2070 727 ‚
2113 678 2235 720 etiam
2278 676 2473 719 mulieres

1437 733 1681 776 meretrices
1709 732 1794 777 illic
1820 733 2036 786 habitare,
2067 750 2115 777 ex
2145 751 2287 780 eorum
2313 737 2473 792 depofi-
2518 745 2521 748 ’

1437 792 1552 834 tione
1574 794 1769 847 cognovit
1797 821 1813 843 ,
1844 805 1889 833 ac
1915 803 1995 834 tarn
2022 794 2060 835 in
2087 792 2267 838 Ecclesia
2292 824 2306 847 ,
2347 808 2470 851 quam

1438 850 1686 894 Monasterio
1702 849 1923 907 hujusmodi
1951 851 2076 894 multa
2100 854 2305 896 inhonesta
2320 868 2470 909 perpe-

1442 910 1570 960 trari,
1604 909 1783 965 quinimo
1811 909 1848 950 in
1866 908 2031 964 ipsamet
2055 911 2157 953 lusus
2181 914 2396 960 exerceri,
2428 914 2469 953 &

1439 968 1633 1024 quosdam
1662 968 1872 1010 histriones
1896 967 2111 1024 aliquando
2134 969 2268 1021 suam,
2300 971 2366 1012 vel
2383 967 2465 1012 suas

1437 1027 1557 1082 egisse
1576 1026 1726 1068 ibidem
1742 1026 1990 1077 comoedias,
2022 1031 2060 1071 &
2082 1029 2179 1072 alias
2200 1056 2215 1079 ,
2244 1039 2365 1085 prout
2391 1029 2460 1071 iri-2

1436 1087 1699 1129 instrumento
1722 1084 1954 1128 visitationis
1983 1087 2239 1143 hujusmodi,
2270 1089 2307 1130 ὃ(
2336 1087 2464 1129 dieto·

1434 1159 1527 1187 rum
1554 1143 1713 1187 testium
1739 1143 1990 1199 depolitione
2013 1146 2133 1190 latius
2158 1145 2308 1189 dicitur
2330 1145 2464 1188 conti—

1433 1219 1544 1249 neri.

1495 1267 1582 1306 Nos
1601 1271 1755 1304 tantam
1778 1263 2120 1305 abominationem
2137 1290 2150 1312 ,
2180 1265 2220 1305 δι
2243 1262 2464 1306 desolatio-

1432 1337 1551 1372 nem,
1586 1333 1630 1364 ut
1648 1320 1855 1372 Ecclesia,
1886 1335 1971 1375 quae
1988 1321 2131 1363 domus
2156 1321 2391 1372 Orationis,
2422 1323 2460 1363 8:

1432 1381 1721 1424 Monasterium
1751 1409 1764 1429 ,
1795 1379 1901 1435 quod
1932 1379 2158 1434 Religionis
2189 1380 2459 1423 habitaculum

1430 1451 1575 1490 erant,
1607 1438 1755 1480 nedum
1783 1437 1805 1480 a*
1835 1438 2008 1494 personis
2028 1435 2204 1495 profanis
2233 1439 2460 1481 inhabiten—

1427 1510 1524 1550 tur,
1555 1497 1622 1538 sed
1655 1499 1692 1538 &
1724 1497 1829 1552 quafi
1858 1497 2058 1553 publicum
2084 1496 2347 1551 prostibulum
2374 1525 2389 1548 ,
2418 1498 2459 1538 δι

1426 1558 1680 1606 histrionum,
1695 1555 1942 1612 aliarumque
1970 1556 2225 1611 personarum
2247 1553 2457 1598 infamium

1425 1614 1728 1672 receptaculum
1757 1611 1855 1657 faeta
1879 1613 1968 1664 sint,
1992 1614 2303 1656 conniventibus
2329 1612 2456 1656 oculis

1424 1687 1678 1731 nequaquam
1695 1673 1907 1729 preterire
1923 1702 1938 1724 ,
1969 1672 2051 1715 imo
2065 1686 2113 1714 ex
2133 1670 2310 1727 injuneto
2325 1672 2451 1716 Nobis

1424 1732 1666 1789 Apostolicae
1711 1731 1916 1773 servitutis
1943 1729 2090 1772 Officio
2115 1760 2130 1781 ,
2173 1732 2214 1773 in
2252 1731 2449 1787 praemiffis

1424 1791 1650 1836 remedium
1680 1801 1953 1846 opportunum
1984 1789 2208 1841 adhibere,
2237 1804 2313 1832 nec
2344 1805 2455 1834 non.»

1421 1851 1681 1906 Religionem
1709 1877 1723 1900 ,
1768 1851 1807 1890 δι
1835 1848 2027 1892 Divinum
2056 1848 2211 1889 cultum
2234 1849 2274 1891 in
2302 1848 2456 1892 eisdem

1420 1908 1670 1953 Monasterio
1686 1936 1698 1957 ,
1721 1909 1765 1950 ,δι
1785 1906 1963 1951 Ecclesia
1980 1906 2197 1949 instaurare
2214 1937 2228 1958 ,
2263 1921 2450 1949 omnem-

1419 1983 1497 2025 que
1522 1967 1768 2008 immundum
1788 1996 1799 2015 ‚
1832 1971 1872 2010 δι
1899 1963 2112 2019 profanum
2137 1965 2278 2007 statum
2304 1966 2453 2009 exinde

1419 2028 1579 2081 penitus
1606 2026 1814 2068 eliminare
1843 2025 2060 2073 volentes,
2091 2026 2127 2065 &
2144 2025 2446 2067 considerantes

1416 2085 1454 2128 id
1479 2101 1555 2128 non
1585 2081 1690 2140 poffe
1722 2085 1847 2141 magis
1873 2098 1924 2126 ex
1940 2083 2060 2125 animi
2090 2083 2223 2124 Nostri
2246 2080 2451 2126 sententia

1415 2144 1659 2193 succedere,
1691 2157 1835 2197 quam,
1859 2142 1882 2184 si
1903 2141 2038 2183 dilecti
2058 2141 2146 2183 Filii
2179 2143 2336 2183 Fratres
2366 2144 2451 2183 Or—

1412 2204 1516 2245 dinis
1535 2202 1660 2244 Sancti
1682 2201 2098 2255 Francisci,Capucini
2117 2201 2358 2255 nuncupati,
2374 2200 2440 2253 qui

1413 2263 1450 2305 in
1481 2259 1659 2316 quodam
1689 2259 1781 2300 loco
1812 2269 1926 2301 extra
1952 2259 2098 2300 dieitam
2117 2259 2345 2301 Civitatem
2373 2258 2446 2298 Vi-

1414 2321 1617 2364 centinam
1648 2319 1778 2359 minus
1802 2316 2018 2359 commode
2041 2318 2220 2359 habitant
2241 2345 2254 2367 ,
2287 2317 2335 2359 ad
2359 2321 2449 2360 Mo-

1413 2379 1623 2426 nasterium
1651 2407 1666 2428 ,
1710 2378 1750 2418 ἃ.
1776 2376 1995 2419 Ecclesiam
2029 2377 2160 2419 Sancti
2193 2376 2456 2431 Hieronymi>

1411 2437 1634 2491 hujurmodi
1650 2433 2122 2490 transferantiir,ipsaque
2137 2435 2441 2486 Monasterium,

1407 2499 1447 2539 &
1487 2494 1660 2538 Ecclefia
1705 2495 1835 2536 Sane'ti
1876 2493 2117 2548 Hieronymi
2143 2495 2200 2535 eis
2232 2495 2435 2547 pei-petuo

1409 2555 1715 2604 concedantur,
1747 2567 1790 2595 ac
1807 2565 2024 2608 propterea
2055 2564 2136 2593 tam
2150 2550 2311 2592 eosdem
2339 2553 2441 2593 Fra-

1407 2625 1490 2657 tres
1507 2614 1761 2667 Capucinos,
1783 2626 1908 2666 »quam
1939 2621 2068 2653 totam
2091 2623 2231 2653 eorum
2249 2612 2442 2664 Congre-

1414 2675 1619 2729 gationem
1639 2669 1876 2726 specialibus
1903 2667 2112 2711 favoribus
2135 2670 2174 2710 &
2189 2668 2326 2723 gratiis
2344 2682 2440 2722 pro—

1413 2733 1521 2787 sequi
1551 2731 1760 2786 cupientes
1776 2758 1789 2780 ,
1819 2727 1968 2783 eosque
1994 2729 2034 2768 &
2057 2741 2197 2771 eorum
2213 2727 2440 2783 quemlibet

1408 2790 1429 2833 ἃ
1447 2789 1650 2847 quibusvis
1665 2786 2094 2830 excommunicationis
2109 2815 2122 2837 ,
2139 2789 2216 2828 &c.
2233 2784 2436 2840 absolutos

1406 2849 1494 2892 fore
1521 2850 1735 2891 censentes
1763 2876 1775 2896 ,
1806 2861 1880 2889 nec
1911 2860 1989 2887 non
2022 2845 2269 2888 instrumenti
2289 2843 2442 2886 Visita-

1408 2908 1530 2951 tionis
1560 2906 1784 2955 huiusmodi
1813 2918 1999 2947 tenorem
2029 2932 2043 2954 ,
2076 2903 2331 2958 praesentibus
2360 2916 2436 2957 pro

1406 2964 1587 3022 expresso
1605 2966 1802 3008 habentes
1819 2992 1832 3014 ,
1863 2974 1974 3005 motu
1995 2964 2156 3018 proprio
2170 2990 2187 3013 ,.
2219 2977 2297 3005 non
2313 2960 2362 3002 ad
2382 2961 2436 3015 ip-

1405 3025 1536 3068 sorum
1568 3027 1751 3067 Fratrum
1778 3022 2080 3077 Capucinorum
2108 3048 2120 3070 ,
2165 3020 2231 3063 vel
2257 3018 2430 3070 alicujus

1402 3083 1675 3127 eorumNobis
1693 3082 1807 3137 super
1822 3082 1897 3124 hoc
1908 3081 2044 3138 oblate
2062 3078 2265 3132 petitionis
2284 3078 2429 3118 instan-

1406 3146 1533 3192 tiam,
1565 3141 1633 3183 sed
1655 3155 1705 3184 ex
1722 3150 1834 3182 certa
1852 3138 1997 3183 Nostra
2025 3133 2189 3180 scientia
2206 3165 2220 3189 ,
2251 3149 2296 3178 ac
2329 3135 2435 3178 de)

1405 3201 1644 3257 Apostolicae
1673 3198 1880 3255 potestatis
1915 3198 2170 3251 plenitudine
2199 3224 2212 3245 ,
2243 3204 2434 3236 contem-

1402 3262 1582 3316 platione
1604 3259 1727 3300 etiam
1752 3256 2018 3312 requisitionis
2038 3255 2287 3297 Dilee'torum
2306 3251 2434 3293 Filio-

1402 3334 1487 3362 rum
1522 3321 1818 3372 Deputatomm
1853 3314 2168 3357 Communitatis
2201 3309 2424 3351 Vicentinae

1398 3377 1586 3424 adducti,
1621 3373 1877 3418 Fraternitati
1900 3376 1994 3415 Tuae
2010 3402 2022 3422 ,
2057 3374 2199 3414 Frater
2218 3366 2430 3423 Episcope,

1396 3439 1461 3478 seu
1496 3433 1736 3478 Discretioni
1755 3435 1878 3482 Tuae,
1909 3431 1986 3475 Fili
2014 3429 2206 3477 vicarie,
2239 3441 2309 3480 per
2332 3440 2431 3479 prae-

1398 3494 1528 3536 sentes
1548 3491 1839 3535 committimus
1862 3491 1902 3533 δε
1927 3487 2185 3533 mandamus,
2217 3496 2259 3528 ut
2285 3488 2431 3526 Mona-

1395 3554 1588 3603 sterium,
1618 3552 1658 3593 &
1690 3547 1905 3593 Ecclesiam
1928 3546 2058 3589 Sanc'ti
2083 3543 2324 3599 Hieronymi
2356 3545 2431 3586 liu-

1400 3611 1568 3668 jusmodi
1595 3623 1687 3652 cum
1708 3607 1891 3649 omnibus
1919 3632 1933 3654 ,
1978 3606 2016 3645 &
2044 3604 2201 3659 lingulis
2228 3603 2428 3645 illorum.)

1399 3667 1730 3717 circumstantiis,
1761 3663 2001 3719 adjacentiis
2028 3692 2040 3714 ,
2075 3663 2261 3705 membris
2287 3691 2300 3712 ,
2330 3661 2432 3712 juri.

1403 3731 1503 3775 bus,
1533 3730 1573 3769 &
1594 3724 1848 3781 pertinentiis
1873 3749 1885 3772 ,
1919 3722 1940 3763 ἃ
1971 3722 2214 3764 Monasierio
2245 3723 2430 3763 Fratrum

1402 3789 1552 3831 Sanc'tae
1571 3785 1713 3848 Mariae·
1733 3783 1964 3825 Gratiarum
1982 3810 1996 3832 ,
2025 3783 2064 3822 &
2091 3781 2198 3823 illius
2217 3780 2432 3824 Ordine-³

2289 3853 2382 3897 pra·-

2752 3082 2762 3099 :-

2741 3300 2762 3365 a.

2741 3367 2762 3430 ‚i
