<?xml version="1.0" encoding="UTF-8"?>
<!DOCTYPE html PUBLIC "-//W3C//DTD XHTML 1.0 Transitional//EN"
    "http://www.w3.org/TR/xhtml1/DTD/xhtml1-transitional.dtd">
<html xmlns="http://www.w3.org/1999/xhtml" xml:lang="en" lang="en">
 <head>
  <title>
</title>
<meta http-equiv="Content-Type" content="text/html;charset=utf-8" />
  <meta name='ocr-system' content='tesseract 3.04.00' />
  <meta name='ocr-capabilities' content='ocr_page ocr_carea ocr_par ocr_line ocrx_word'/>
</head>
<body>
  <div class='ocr_page' id='page_1' title='image "./bullariumordinis02cath/bullariumordinis02cath_0105.png"; bbox 0 0 2762 4030; ppageno 0'>
   <div class='ocr_carea' id='block_1_1' title="bbox 1093 216 1575 306">
    <p class='ocr_par' dir='ltr' id='par_1_1' title="bbox 1093 216 1575 306">
     <span class='ocr_line' id='line_1_1' title="bbox 1093 216 1575 306; baseline -0.004 -2"><span class='ocrx_word' id='word_1_1' title='bbox 1093 216 1575 306; x_wconf 61' lang='lat' dir='ltr'>Romana.</span> 
     </span>
    </p>
   </div>
   <div class='ocr_carea' id='block_1_2' title="bbox 254 327 1308 2214">
    <p class='ocr_par' dir='ltr' id='par_1_2' title="bbox 254 327 1308 1634">
     <span class='ocr_line' id='line_1_2' title="bbox 274 327 1303 392; baseline -0.006 -9"><span class='ocrx_word' id='word_1_2' title='bbox 274 339 428 383; x_wconf 70' lang='lat' dir='ltr'>fruetus</span> <span class='ocrx_word' id='word_1_3' title='bbox 448 335 652 392; x_wconf 83' lang='lat' dir='ltr'>hucusque</span> <span class='ocrx_word' id='word_1_4' title='bbox 674 327 867 378; x_wconf 76' lang='lat' dir='ltr'>&#39;decursos</span> <span class='ocrx_word' id='word_1_5' title='bbox 884 358 898 382; x_wconf 66' lang='lat'>2</span> <span class='ocrx_word' id='word_1_6' title='bbox 923 333 963 374; x_wconf 74' lang='grc' dir='ltr'>δι</span> <span class='ocrx_word' id='word_1_7' title='bbox 989 332 1272 378; x_wconf 88' lang='lat' dir='ltr'>decurrendos</span> <span class='ocrx_word' id='word_1_8' title='bbox 1288 363 1303 386; x_wconf 84' lang='lat'>,</span> 
     </span>
     <span class='ocr_line' id='line_1_3' title="bbox 263 390 1300 457; baseline -0.01 -15"><span class='ocrx_word' id='word_1_9' title='bbox 263 412 340 443; x_wconf 63' lang='lat' dir='ltr'>⁴aut</span> <span class='ocrx_word' id='word_1_10' title='bbox 357 394 647 457; x_wconf 81' lang='lat' dir='ltr'>quoquomodo</span> <span class='ocrx_word' id='word_1_11' title='bbox 657 391 820 434; x_wconf 87' lang='lat' dir='ltr'>debitos</span> <span class='ocrx_word' id='word_1_12' title='bbox 834 418 848 441; x_wconf 92' lang='lat'>,</span> <span class='ocrx_word' id='word_1_13' title='bbox 876 403 923 432; x_wconf 88' lang='lat' dir='ltr'>ac</span> <span class='ocrx_word' id='word_1_14' title='bbox 951 390 1175 447; x_wconf 64' lang='lat' dir='ltr'>supradicta</span> <span class='ocrx_word' id='word_1_15' title='bbox 1189 392 1300 436; x_wconf 84' lang='lat' dir='ltr'>scuta</span> 
     </span>
     <span class='ocr_line' id='line_1_4' title="bbox 254 448 1302 511; baseline -0.003 -15"><span class='ocrx_word' id='word_1_16' title='bbox 254 471 446 502; x_wconf 74' lang='lat' dir='ltr'>·cemum</span> <span class='ocrx_word' id='word_1_17' title='bbox 462 452 640 511; x_wconf 80' lang='lat' dir='ltr'>syndico</span> <span class='ocrx_word' id='word_1_18' title='bbox 652 479 667 502; x_wconf 87' lang='lat'>,</span> <span class='ocrx_word' id='word_1_19' title='bbox 680 460 747 491; x_wconf 85' lang='lat' dir='ltr'>aut</span> <span class='ocrx_word' id='word_1_20' title='bbox 763 448 963 504; x_wconf 82' lang='lat' dir='ltr'>deputato</span> <span class='ocrx_word' id='word_1_21' title='bbox 976 452 1088 492; x_wconf 62' lang='lat' dir='ltr'>dieta:</span> <span class='ocrx_word' id='word_1_22' title='bbox 1105 452 1302 502; x_wconf 80' lang='lat' dir='ltr'>Fabricae,</span> 
     </span>
     <span class='ocr_line' id='line_1_5' title="bbox 272 508 1301 563; baseline -0.001 -11"><span class='ocrx_word' id='word_1_23' title='bbox 272 519 323 563; x_wconf 64' lang='lat' dir='ltr'>ad</span> <span class='ocrx_word' id='word_1_24' title='bbox 341 510 612 562; x_wconf 62' lang='lat' dir='ltr'>effeeum,illa</span> <span class='ocrx_word' id='word_1_25' title='bbox 629 510 667 551; x_wconf 93' lang='lat' dir='ltr'>in</span> <span class='ocrx_word' id='word_1_26' title='bbox 686 508 830 558; x_wconf 84' lang='lat' dir='ltr'>usus‚&amp;</span> <span class='ocrx_word' id='word_1_27' title='bbox 844 508 1067 552; x_wconf 86' lang='lat' dir='ltr'>utilitatem</span> <span class='ocrx_word' id='word_1_28' title='bbox 1077 510 1301 553; x_wconf 76' lang='lat' dir='ltr'>d-Fabricae</span> 
     </span>
     <span class='ocr_line' id='line_1_6' title="bbox 270 566 1303 624; baseline -0.011 -3"><span class='ocrx_word' id='word_1_29' title='bbox 270 577 338 621; x_wconf 86' lang='lat' dir='ltr'>vel</span> <span class='ocrx_word' id='word_1_30' title='bbox 355 577 394 618; x_wconf 82' lang='lat' dir='ltr'>iu</span> <span class='ocrx_word' id='word_1_31' title='bbox 407 568 698 616; x_wconf 70' lang='lat' dir='ltr'>extinstionem</span> <span class='ocrx_word' id='word_1_32' title='bbox 721 570 936 611; x_wconf 87' lang='lat' dir='ltr'>Canonum</span> <span class='ocrx_word' id='word_1_33' title='bbox 950 598 965 619; x_wconf 91' lang='lat'>‚</span> <span class='ocrx_word' id='word_1_34' title='bbox 979 566 1061 612; x_wconf 83' lang='lat' dir='ltr'>five</span> <span class='ocrx_word' id='word_1_35' title='bbox 1078 568 1153 611; x_wconf 86' lang='lat' dir='ltr'>res</span> <span class='ocrx_word' id='word_1_36' title='bbox 1147 571 1303 624; x_wconf 80' lang='lat' dir='ltr'>ponfio-</span> 
     </span>
     <span class='ocr_line' id='line_1_7' title="bbox 270 624 1303 686; baseline -0.009 -8"><span class='ocrx_word' id='word_1_37' title='bbox 270 646 365 680; x_wconf 85' lang='lat' dir='ltr'>num</span> <span class='ocrx_word' id='word_1_38' title='bbox 386 630 504 686; x_wconf 88' lang='lat' dir='ltr'>super</span> <span class='ocrx_word' id='word_1_39' title='bbox 526 624 688 675; x_wconf 81' lang='lat' dir='ltr'>fundis,</span> <span class='ocrx_word' id='word_1_40' title='bbox 703 640 777 682; x_wconf 83' lang='lat' dir='ltr'>per</span> <span class='ocrx_word' id='word_1_41' title='bbox 791 627 927 670; x_wconf 79' lang='lat' dir='ltr'>dictos</span> <span class='ocrx_word' id='word_1_42' title='bbox 941 629 1105 681; x_wconf 81' lang='lat' dir='ltr'>Fratres</span> <span class='ocrx_word' id='word_1_43' title='bbox 1122 628 1303 682; x_wconf 85' lang='lat' dir='ltr'>Capuci-</span> 
     </span>
     <span class='ocr_line' id='line_1_8' title="bbox 267 682 1303 741; baseline -0.002 -10"><span class='ocrx_word' id='word_1_44' title='bbox 267 703 367 741; x_wconf 70' lang='lat' dir='ltr'>nos,</span> <span class='ocrx_word' id='word_1_45' title='bbox 383 690 427 731; x_wconf 71' lang='lat' dir='ltr'>in</span> <span class='ocrx_word' id='word_1_46' title='bbox 442 686 590 730; x_wconf 89' lang='lat' dir='ltr'>eodem</span> <span class='ocrx_word' id='word_1_47' title='bbox 621 685 717 728; x_wconf 91' lang='lat' dir='ltr'>loco</span> <span class='ocrx_word' id='word_1_48' title='bbox 729 682 898 741; x_wconf 82' lang='lat' dir='ltr'>poffessis</span> <span class='ocrx_word' id='word_1_49' title='bbox 913 715 926 737; x_wconf 89' lang='lat'>‚</span> <span class='ocrx_word' id='word_1_50' title='bbox 939 687 1197 731; x_wconf 84' lang='lat' dir='ltr'>existentium</span> <span class='ocrx_word' id='word_1_51' title='bbox 1213 712 1228 738; x_wconf 77' lang='lat'>,</span> <span class='ocrx_word' id='word_1_52' title='bbox 1262 689 1303 729; x_wconf 88' lang='lat'>&amp;</span> 
     </span>
     <span class='ocr_line' id='line_1_9' title="bbox 265 745 1299 806; baseline -0.005 -13"><span class='ocrx_word' id='word_1_53' title='bbox 265 747 527 806; x_wconf 84' lang='lat' dir='ltr'>imposterum</span> <span class='ocrx_word' id='word_1_54' title='bbox 549 745 856 796; x_wconf 81' lang='lat' dir='ltr'>convertendi,</span> <span class='ocrx_word' id='word_1_55' title='bbox 880 746 920 787; x_wconf 86' lang='grc' dir='ltr'>8ι</span> <span class='ocrx_word' id='word_1_56' title='bbox 947 761 1039 790; x_wconf 88' lang='lat' dir='ltr'>cum</span> <span class='ocrx_word' id='word_1_57' title='bbox 1057 747 1162 798; x_wconf 90' lang='lat' dir='ltr'>hoc,</span> <span class='ocrx_word' id='word_1_58' title='bbox 1190 746 1299 803; x_wconf 86' lang='lat' dir='ltr'>quod</span> 
     </span>
     <span class='ocr_line' id='line_1_10' title="bbox 263 803 1294 862; baseline -0.006 -11"><span class='ocrx_word' id='word_1_59' title='bbox 263 812 435 855; x_wconf 60' lang='lat' dir='ltr'>Fratres</span> <span class='ocrx_word' id='word_1_60' title='bbox 448 805 644 862; x_wconf 89' lang='lat' dir='ltr'>Capucini</span> <span class='ocrx_word' id='word_1_61' title='bbox 673 803 856 860; x_wconf 85' lang='lat' dir='ltr'>praedicti</span> <span class='ocrx_word' id='word_1_62' title='bbox 877 805 1019 861; x_wconf 85' lang='lat' dir='ltr'>viginti</span> <span class='ocrx_word' id='word_1_63' title='bbox 1045 805 1169 847; x_wconf 85' lang='lat' dir='ltr'>millia</span> <span class='ocrx_word' id='word_1_64' title='bbox 1197 804 1294 848; x_wconf 82' lang='lat' dir='ltr'>Mis-</span> 
     </span>
     <span class='ocr_line' id='line_1_11' title="bbox 265 862 1292 926; baseline -0.006 -16"><span class='ocrx_word' id='word_1_65' title='bbox 265 870 397 914; x_wconf 71' lang='lat' dir='ltr'>strum</span> <span class='ocrx_word' id='word_1_66' title='bbox 410 863 533 909; x_wconf 82' lang='lat' dir='ltr'>semel</span> <span class='ocrx_word' id='word_1_67' title='bbox 548 863 761 907; x_wconf 88' lang='lat' dir='ltr'>dumtaxat</span> <span class='ocrx_word' id='word_1_68' title='bbox 779 877 855 919; x_wconf 84' lang='lat' dir='ltr'>pro</span> <span class='ocrx_word' id='word_1_69' title='bbox 869 863 970 907; x_wconf 89' lang='lat' dir='ltr'>dicti</span> <span class='ocrx_word' id='word_1_70' title='bbox 985 865 1144 926; x_wconf 69' lang='lat' dir='ltr'>Jostphi</span> <span class='ocrx_word' id='word_1_71' title='bbox 1158 892 1173 914; x_wconf 85' lang='lat'>‚</span> <span class='ocrx_word' id='word_1_72' title='bbox 1189 862 1292 919; x_wconf 84' lang='lat' dir='ltr'>ejus-</span> 
     </span>
     <span class='ocr_line' id='line_1_12' title="bbox 265 921 1298 985; baseline -0.005 -16"><span class='ocrx_word' id='word_1_73' title='bbox 265 940 345 985; x_wconf 81' lang='lat' dir='ltr'>que</span> <span class='ocrx_word' id='word_1_74' title='bbox 366 933 588 982; x_wconf 77' lang='lat' dir='ltr'>parentum</span> <span class='ocrx_word' id='word_1_75' title='bbox 598 923 823 966; x_wconf 86' lang='lat' dir='ltr'>animarum</span> <span class='ocrx_word' id='word_1_76' title='bbox 842 922 971 968; x_wconf 83' lang='lat' dir='ltr'>salute</span> <span class='ocrx_word' id='word_1_77' title='bbox 994 952 1008 976; x_wconf 85' lang='lat'>,</span> <span class='ocrx_word' id='word_1_78' title='bbox 1027 925 1068 966; x_wconf 75' lang='grc' dir='ltr'>δι</span> <span class='ocrx_word' id='word_1_79' title='bbox 1083 921 1298 979; x_wconf 84' lang='lat' dir='ltr'>refrigerio</span> 
     </span>
     <span class='ocr_line' id='line_1_13' title="bbox 267 980 1299 1036; baseline -0.005 -7"><span class='ocrx_word' id='word_1_80' title='bbox 267 985 511 1036; x_wconf 77' lang='lat' dir='ltr'>celebrent,</span> <span class='ocrx_word' id='word_1_81' title='bbox 539 982 606 1026; x_wconf 89' lang='lat' dir='ltr'>seu</span> <span class='ocrx_word' id='word_1_82' title='bbox 623 981 826 1025; x_wconf 86' lang='lat' dir='ltr'>celebrari</span> <span class='ocrx_word' id='word_1_83' title='bbox 844 980 1019 1034; x_wconf 84' lang='lat' dir='ltr'>faciant,</span> <span class='ocrx_word' id='word_1_84' title='bbox 1051 982 1199 1026; x_wconf 84' lang='lat' dir='ltr'>eadem</span> <span class='ocrx_word' id='word_1_85' title='bbox 1225 997 1299 1027; x_wconf 86' lang='lat' dir='ltr'>au·</span> 
     </span>
     <span class='ocr_line' id='line_1_14' title="bbox 266 1040 1301 1097; baseline -0.006 -9"><span class='ocrx_word' id='word_1_86' title='bbox 266 1044 468 1088; x_wconf 84' lang='lat' dir='ltr'>ctoritate</span> <span class='ocrx_word' id='word_1_87' title='bbox 481 1041 685 1086; x_wconf 78' lang='lat' dir='ltr'><strong>concedas</strong></span> <span class='ocrx_word' id='word_1_88' title='bbox 698 1068 712 1092; x_wconf 83' lang='lat'>,</span> <span class='ocrx_word' id='word_1_89' title='bbox 725 1042 766 1082; x_wconf 73' lang='grc' dir='ltr'>δε</span> <span class='ocrx_word' id='word_1_90' title='bbox 778 1040 963 1097; x_wconf 84' lang='lat' dir='ltr'>affignes‚</span> <span class='ocrx_word' id='word_1_91' title='bbox 977 1056 1068 1084; x_wconf 89' lang='lat' dir='ltr'>cum</span> <span class='ocrx_word' id='word_1_92' title='bbox 1085 1040 1301 1093; x_wconf 71' lang='lat' dir='ltr'>facultate,</span> 
     </span>
     <span class='ocr_line' id='line_1_15' title="bbox 265 1099 1300 1158; baseline -0.006 -11"><span class='ocrx_word' id='word_1_93' title='bbox 265 1114 312 1147; x_wconf 86' lang='lat' dir='ltr'>ut</span> <span class='ocrx_word' id='word_1_94' title='bbox 332 1101 440 1145; x_wconf 79' lang='lat' dir='ltr'>idem</span> <span class='ocrx_word' id='word_1_95' title='bbox 452 1100 649 1158; x_wconf 81' lang='lat' dir='ltr'>syndicus</span> <span class='ocrx_word' id='word_1_96' title='bbox 666 1129 681 1151; x_wconf 85' lang='lat'>,</span> <span class='ocrx_word' id='word_1_97' title='bbox 710 1099 773 1143; x_wconf 90' lang='lat' dir='ltr'>vel</span> <span class='ocrx_word' id='word_1_98' title='bbox 804 1101 1030 1156; x_wconf 88' lang='lat' dir='ltr'>deputatus</span> <span class='ocrx_word' id='word_1_99' title='bbox 1054 1100 1217 1144; x_wconf 72' lang='lat' dir='ltr'>fabricae</span> <span class='ocrx_word' id='word_1_100' title='bbox 1233 1099 1300 1142; x_wconf 88' lang='lat' dir='ltr'>di-</span> 
     </span>
     <span class='ocr_line' id='line_1_16' title="bbox 269 1158 1305 1217; baseline -0.005 -12"><span class='ocrx_word' id='word_1_101' title='bbox 269 1174 339 1206; x_wconf 87' lang='lat' dir='ltr'>cta</span> <span class='ocrx_word' id='word_1_102' title='bbox 355 1164 464 1206; x_wconf 87' lang='lat' dir='ltr'>Loca</span> <span class='ocrx_word' id='word_1_103' title='bbox 481 1159 687 1205; x_wconf 83' lang='lat' dir='ltr'>Montium</span> <span class='ocrx_word' id='word_1_104' title='bbox 705 1158 888 1203; x_wconf 84' lang='lat' dir='ltr'>vendere</span> <span class='ocrx_word' id='word_1_105' title='bbox 903 1190 917 1212; x_wconf 88' lang='lat'>,</span> <span class='ocrx_word' id='word_1_106' title='bbox 938 1160 1186 1217; x_wconf 86' lang='lat' dir='ltr'>illorumque</span> <span class='ocrx_word' id='word_1_107' title='bbox 1213 1173 1305 1216; x_wconf 86' lang='lat' dir='ltr'>pre·</span> 
     </span>
     <span class='ocr_line' id='line_1_17' title="bbox 269 1218 1307 1274; baseline -0.005 -9"><span class='ocrx_word' id='word_1_108' title='bbox 269 1224 379 1265; x_wconf 89' lang='lat' dir='ltr'>tium</span> <span class='ocrx_word' id='word_1_109' title='bbox 404 1251 420 1274; x_wconf 90' lang='lat'>,</span> <span class='ocrx_word' id='word_1_110' title='bbox 456 1231 501 1263; x_wconf 87' lang='lat' dir='ltr'>ut</span> <span class='ocrx_word' id='word_1_111' title='bbox 528 1218 672 1274; x_wconf 83' lang='lat' dir='ltr'>supra,</span> <span class='ocrx_word' id='word_1_112' title='bbox 696 1232 897 1273; x_wconf 88' lang='lat' dir='ltr'>erogare,</span> <span class='ocrx_word' id='word_1_113' title='bbox 927 1218 1006 1262; x_wconf 87' lang='lat' dir='ltr'>five</span> <span class='ocrx_word' id='word_1_114' title='bbox 1045 1221 1191 1263; x_wconf 87' lang='lat' dir='ltr'>eadem</span> <span class='ocrx_word' id='word_1_115' title='bbox 1216 1219 1307 1261; x_wconf 86' lang='lat' dir='ltr'>loca</span> 
     </span>
     <span class='ocr_line' id='line_1_18' title="bbox 268 1277 1308 1334; baseline -0.007 -8"><span class='ocrx_word' id='word_1_116' title='bbox 268 1285 313 1326; x_wconf 88' lang='lat' dir='ltr'>M</span> <span class='ocrx_word' id='word_1_117' title='bbox 325 1281 482 1323; x_wconf 80' lang='lat' dir='ltr'>entium</span> <span class='ocrx_word' id='word_1_118' title='bbox 496 1277 686 1333; x_wconf 76' lang='lat' dir='ltr'>assignare</span> <span class='ocrx_word' id='word_1_119' title='bbox 705 1292 778 1334; x_wconf 91' lang='lat' dir='ltr'>pro</span> <span class='ocrx_word' id='word_1_120' title='bbox 793 1278 1050 1321; x_wconf 81' lang='lat' dir='ltr'>extinctione</span> <span class='ocrx_word' id='word_1_121' title='bbox 1066 1282 1279 1322; x_wconf 88' lang='lat' dir='ltr'>Canonum</span> <span class='ocrx_word' id='word_1_122' title='bbox 1294 1306 1308 1330; x_wconf 89' lang='lat'>,</span> 
     </span>
     <span class='ocr_line' id='line_1_19' title="bbox 273 1336 1307 1396; baseline -0.002 -14"><span class='ocrx_word' id='word_1_123' title='bbox 273 1342 315 1382; x_wconf 72' lang='grc' dir='ltr'>ἃ.</span> <span class='ocrx_word' id='word_1_124' title='bbox 333 1338 632 1396; x_wconf 70' lang='lat' dir='ltr'>responsionum</span> <span class='ocrx_word' id='word_1_125' title='bbox 649 1336 972 1393; x_wconf 87' lang='lat' dir='ltr'>supradictarum</span> <span class='ocrx_word' id='word_1_126' title='bbox 996 1336 1110 1394; x_wconf 84' lang='lat' dir='ltr'>poffit</span> <span class='ocrx_word' id='word_1_127' title='bbox 1128 1367 1142 1390; x_wconf 86' lang='lat'>‚</span> <span class='ocrx_word' id='word_1_128' title='bbox 1169 1339 1210 1380; x_wconf 76' lang='grc' dir='ltr'>δι</span> <span class='ocrx_word' id='word_1_129' title='bbox 1236 1352 1307 1380; x_wconf 90' lang='lat' dir='ltr'>va-</span> 
     </span>
     <span class='ocr_line' id='line_1_20' title="bbox 268 1395 1304 1454; baseline -0.004 -13"><span class='ocrx_word' id='word_1_130' title='bbox 268 1398 352 1442; x_wconf 80' lang='lat' dir='ltr'>leat</span> <span class='ocrx_word' id='word_1_131' title='bbox 369 1427 384 1450; x_wconf 89' lang='lat'>,</span> <span class='ocrx_word' id='word_1_132' title='bbox 406 1398 567 1454; x_wconf 84' lang='lat' dir='ltr'>aliaque</span> <span class='ocrx_word' id='word_1_133' title='bbox 595 1397 634 1438; x_wconf 91' lang='lat' dir='ltr'>in</span> <span class='ocrx_word' id='word_1_134' title='bbox 651 1395 879 1452; x_wconf 68' lang='lat' dir='ltr'>praemissis,</span> <span class='ocrx_word' id='word_1_135' title='bbox 900 1399 941 1440; x_wconf 88' lang='lat'>&amp;</span> <span class='ocrx_word' id='word_1_136' title='bbox 956 1399 1065 1440; x_wconf 88' lang='lat' dir='ltr'>circa</span> <span class='ocrx_word' id='word_1_137' title='bbox 1093 1412 1141 1439; x_wconf 87' lang='lat' dir='ltr'>ea</span> <span class='ocrx_word' id='word_1_138' title='bbox 1169 1396 1304 1440; x_wconf 80' lang='lat' dir='ltr'>neces·</span> 
     </span>
     <span class='ocr_line' id='line_1_21' title="bbox 272 1454 1307 1513; baseline -0.003 -12"><span class='ocrx_word' id='word_1_139' title='bbox 272 1458 376 1502; x_wconf 90' lang='lat' dir='ltr'>saria</span> <span class='ocrx_word' id='word_1_140' title='bbox 392 1486 406 1510; x_wconf 90' lang='lat'>,</span> <span class='ocrx_word' id='word_1_141' title='bbox 426 1458 466 1500; x_wconf 66' lang='grc' dir='ltr'>Β(</span> <span class='ocrx_word' id='word_1_142' title='bbox 480 1466 708 1513; x_wconf 89' lang='lat' dir='ltr'>opportuna</span> <span class='ocrx_word' id='word_1_143' title='bbox 726 1454 847 1499; x_wconf 81' lang='lat' dir='ltr'>facias</span> <span class='ocrx_word' id='word_1_144' title='bbox 862 1485 876 1508; x_wconf 85' lang='lat'>,</span> <span class='ocrx_word' id='word_1_145' title='bbox 910 1457 1026 1499; x_wconf 86' lang='lat' dir='ltr'>dicas</span> <span class='ocrx_word' id='word_1_146' title='bbox 1042 1486 1056 1509; x_wconf 90' lang='lat'>,</span> <span class='ocrx_word' id='word_1_147' title='bbox 1083 1470 1202 1511; x_wconf 81' lang='lat' dir='ltr'>geras</span> <span class='ocrx_word' id='word_1_148' title='bbox 1215 1484 1230 1507; x_wconf 84' lang='lat'>‚</span> <span class='ocrx_word' id='word_1_149' title='bbox 1266 1457 1307 1498; x_wconf 76' lang='grc' dir='ltr'>δι</span> 
     </span>
     <span class='ocr_line' id='line_1_22' title="bbox 271 1514 1305 1573; baseline -0.003 -12"><span class='ocrx_word' id='word_1_150' title='bbox 271 1517 510 1573; x_wconf 78' lang='lat' dir='ltr'>exequaris:</span> <span class='ocrx_word' id='word_1_151' title='bbox 540 1515 656 1571; x_wconf 89' lang='lat' dir='ltr'>super</span> <span class='ocrx_word' id='word_1_152' title='bbox 673 1515 1021 1572; x_wconf 82' lang='lat' dir='ltr'>quibus·omnibus</span> <span class='ocrx_word' id='word_1_153' title='bbox 1037 1547 1052 1569; x_wconf 82' lang='grc'>,</span> <span class='ocrx_word' id='word_1_154' title='bbox 1080 1518 1118 1558; x_wconf 70' lang='grc'>8(</span> <span class='ocrx_word' id='word_1_155' title='bbox 1140 1514 1305 1573; x_wconf 89' lang='lat' dir='ltr'>lingulis</span> 
     </span>
     <span class='ocr_line' id='line_1_23' title="bbox 271 1574 1305 1634; baseline -0.002 -15"><span class='ocrx_word' id='word_1_156' title='bbox 271 1577 435 1634; x_wconf 77' lang='lat' dir='ltr'>plenam</span> <span class='ocrx_word' id='word_1_157' title='bbox 448 1606 465 1628; x_wconf 88' lang='lat'>,</span> <span class='ocrx_word' id='word_1_158' title='bbox 491 1575 663 1617; x_wconf 84' lang='lat' dir='ltr'>liberam</span> <span class='ocrx_word' id='word_1_159' title='bbox 678 1605 693 1626; x_wconf 91' lang='lat'>,</span> <span class='ocrx_word' id='word_1_160' title='bbox 717 1574 942 1631; x_wconf 80' lang='lat' dir='ltr'>&amp;amplam</span> <span class='ocrx_word' id='word_1_161' title='bbox 956 1575 1197 1620; x_wconf 79' lang='lat' dir='ltr'>facultatem</span> <span class='ocrx_word' id='word_1_162' title='bbox 1211 1589 1305 1626; x_wconf 79' lang='lat' dir='ltr'>,ea-</span> 
     </span>
    </p>

    <p class='ocr_par' dir='ltr' id='par_1_3' title="bbox 268 1634 1306 1988">
     <span class='ocr_line' id='line_1_24' title="bbox 274 1634 1306 1690; baseline -0.002 -12"><span class='ocrx_word' id='word_1_163' title='bbox 274 1637 368 1679; x_wconf 85' lang='lat' dir='ltr'>dem</span> <span class='ocrx_word' id='word_1_164' title='bbox 383 1634 632 1678; x_wconf 80' lang='lat' dir='ltr'>auctoritate</span> <span class='ocrx_word' id='word_1_165' title='bbox 647 1663 660 1684; x_wconf 81' lang='lat'>,</span> <span class='ocrx_word' id='word_1_166' title='bbox 675 1634 1088 1690; x_wconf 84' lang='lat' dir='ltr'>tenore-praesentium</span> <span class='ocrx_word' id='word_1_167' title='bbox 1107 1634 1306 1679; x_wconf 88' lang='lat' dir='ltr'>concedi·</span> 
     </span>
     <span class='ocr_line' id='line_1_25' title="bbox 273 1693 1304 1748; baseline 0 -12"><span class='ocrx_word' id='word_1_168' title='bbox 273 1708 384 1746; x_wconf 89' lang='lat' dir='ltr'>mus,</span> <span class='ocrx_word' id='word_1_169' title='bbox 413 1697 453 1736; x_wconf 87' lang='lat'>&amp;</span> <span class='ocrx_word' id='word_1_170' title='bbox 486 1693 743 1748; x_wconf 74' lang='lat' dir='ltr'>impartimur</span> <span class='ocrx_word' id='word_1_171' title='bbox 767 1721 779 1733; x_wconf 87' lang='lat'><strong>.</strong></span> <span class='ocrx_word' id='word_1_172' title='bbox 826 1696 922 1735; x_wconf 88' lang='lat' dir='ltr'>Non</span> <span class='ocrx_word' id='word_1_173' title='bbox 955 1694 1207 1737; x_wconf 82' lang='lat' dir='ltr'>obstantibus</span> <span class='ocrx_word' id='word_1_174' title='bbox 1233 1709 1304 1736; x_wconf 88' lang='lat' dir='ltr'>vo-</span> 
     </span>
     <span class='ocr_line' id='line_1_26' title="bbox 272 1749 1303 1810; baseline -0.001 -13"><span class='ocrx_word' id='word_1_175' title='bbox 272 1754 434 1797; x_wconf 86' lang='lat' dir='ltr'>luntate</span> <span class='ocrx_word' id='word_1_176' title='bbox 467 1751 567 1793; x_wconf 86' lang='lat' dir='ltr'>dicti</span> <span class='ocrx_word' id='word_1_177' title='bbox 591 1749 753 1807; x_wconf 77' lang='lat' dir='ltr'>josephi</span> <span class='ocrx_word' id='word_1_178' title='bbox 767 1782 784 1803; x_wconf 90' lang='lat'>,</span> <span class='ocrx_word' id='word_1_179' title='bbox 810 1767 930 1808; x_wconf 83' lang='lat' dir='ltr'>qua-m</span> <span class='ocrx_word' id='word_1_180' title='bbox 971 1754 1009 1795; x_wconf 90' lang='lat' dir='ltr'>in</span> <span class='ocrx_word' id='word_1_181' title='bbox 1037 1782 1051 1804; x_wconf 89' lang='lat'>,</span> <span class='ocrx_word' id='word_1_182' title='bbox 1087 1755 1127 1795; x_wconf 74' lang='grc' dir='ltr'>δι</span> <span class='ocrx_word' id='word_1_183' title='bbox 1167 1752 1303 1810; x_wconf 91' lang='lat' dir='ltr'>quoad</span> 
     </span>
     <span class='ocr_line' id='line_1_27' title="bbox 268 1808 1303 1872; baseline -0.001 -17"><span class='ocrx_word' id='word_1_184' title='bbox 268 1809 458 1872; x_wconf 73' lang='lat' dir='ltr'>praemill‘a</span> <span class='ocrx_word' id='word_1_185' title='bbox 482 1808 732 1854; x_wconf 85' lang='lat' dir='ltr'>sufficienter</span> <span class='ocrx_word' id='word_1_186' title='bbox 758 1822 1055 1855; x_wconf 86' lang='lat' dir='ltr'>commutamus</span> <span class='ocrx_word' id='word_1_187' title='bbox 1074 1841 1087 1864; x_wconf 82' lang='lat'>‚</span> <span class='ocrx_word' id='word_1_188' title='bbox 1112 1827 1157 1855; x_wconf 87' lang='lat' dir='ltr'>ac</span> <span class='ocrx_word' id='word_1_189' title='bbox 1187 1815 1303 1856; x_wconf 92' lang='lat' dir='ltr'>Con-</span> 
     </span>
     <span class='ocr_line' id='line_1_28' title="bbox 272 1869 1299 1928; baseline -0.001 -14"><span class='ocrx_word' id='word_1_190' title='bbox 272 1869 546 1914; x_wconf 85' lang='lat' dir='ltr'>stitutionibus</span> <span class='ocrx_word' id='word_1_191' title='bbox 562 1897 577 1920; x_wconf 83' lang='lat'>,</span> <span class='ocrx_word' id='word_1_192' title='bbox 609 1869 647 1910; x_wconf 86' lang='lat'>&amp;</span> <span class='ocrx_word' id='word_1_193' title='bbox 672 1870 998 1914; x_wconf 82' lang='lat' dir='ltr'>ordinationibus</span> <span class='ocrx_word' id='word_1_194' title='bbox 1026 1871 1299 1928; x_wconf 83' lang='lat' dir='ltr'>Apostolicis,</span> 
     </span>
     <span class='ocr_line' id='line_1_29' title="bbox 273 1929 1301 1988; baseline -0.001 -13"><span class='ocrx_word' id='word_1_195' title='bbox 273 1930 508 1987; x_wconf 77' lang='lat' dir='ltr'>caeterisque</span> <span class='ocrx_word' id='word_1_196' title='bbox 525 1930 745 1973; x_wconf 78' lang='lat' dir='ltr'>contrariis</span> <span class='ocrx_word' id='word_1_197' title='bbox 776 1929 1117 1988; x_wconf 86' lang='lat' dir='ltr'>quibuscumque.</span> <span class='ocrx_word' id='word_1_198' title='bbox 1145 1934 1301 1974; x_wconf 91' lang='lat' dir='ltr'>Datum</span> 
     </span>
    </p>

    <p class='ocr_par' dir='ltr' id='par_1_4' title="bbox 271 1987 1303 2095">
     <span class='ocr_line' id='line_1_30' title="bbox 272 1987 1302 2046; baseline -0.001 -12"><span class='ocrx_word' id='word_1_199' title='bbox 272 1993 416 2034; x_wconf 84' lang='lat' dir='ltr'>Romae</span> <span class='ocrx_word' id='word_1_200' title='bbox 439 1987 547 2045; x_wconf 89' lang='lat' dir='ltr'>apud</span> <span class='ocrx_word' id='word_1_201' title='bbox 570 1991 610 2031; x_wconf 83' lang='lat' dir='ltr'>S·</span> <span class='ocrx_word' id='word_1_202' title='bbox 629 1991 802 2033; x_wconf 86' lang='lat' dir='ltr'>Mariam</span> <span class='ocrx_word' id='word_1_203' title='bbox 822 1989 1027 2046; x_wconf 70' lang='lat' dir='ltr'>Maiorem</span> <span class='ocrx_word' id='word_1_204' title='bbox 1044 1990 1111 2032; x_wconf 89' lang='lat' dir='ltr'>sub</span> <span class='ocrx_word' id='word_1_205' title='bbox 1138 1990 1302 2035; x_wconf 80' lang='lat' dir='ltr'>Annulo</span> 
     </span>
     <span class='ocr_line' id='line_1_31' title="bbox 271 2046 1303 2095; baseline -0.003 -1"><span class='ocrx_word' id='word_1_206' title='bbox 271 2047 492 2094; x_wconf 76' lang='lat' dir='ltr'>Piscatoris</span> <span class='ocrx_word' id='word_1_207' title='bbox 518 2046 585 2091; x_wconf 82' lang='lat' dir='ltr'>die</span> <span class='ocrx_word' id='word_1_208' title='bbox 600 2061 669 2089; x_wconf 78' lang='lat' dir='ltr'>xii.</span> <span class='ocrx_word' id='word_1_209' title='bbox 690 2050 939 2092; x_wconf 82' lang='lat' dir='ltr'>Novembris</span> <span class='ocrx_word' id='word_1_210' title='bbox 956 2064 1178 2095; x_wconf 77' lang='lat' dir='ltr'>mocxxvt.</span> <span class='ocrx_word' id='word_1_211' title='bbox 1195 2053 1303 2094; x_wconf 68' lang='lat' dir='ltr'>Pon-</span> 
     </span>
    </p>

    <p class='ocr_par' dir='ltr' id='par_1_5' title="bbox 277 2106 958 2172">
     <span class='ocr_line' id='line_1_32' title="bbox 277 2106 958 2172; baseline 0 -20"><span class='ocrx_word' id='word_1_212' title='bbox 277 2107 458 2152; x_wconf 83' lang='lat' dir='ltr'>tificatus</span> <span class='ocrx_word' id='word_1_213' title='bbox 472 2106 608 2151; x_wconf 83' lang='lat' dir='ltr'>Nostri</span> <span class='ocrx_word' id='word_1_214' title='bbox 626 2110 745 2154; x_wconf 84' lang='lat' dir='ltr'>Anno</span> <span class='ocrx_word' id='word_1_215' title='bbox 758 2111 927 2172; x_wconf 85' lang='lat' dir='ltr'>Qarto</span> <span class='ocrx_word' id='word_1_216' title='bbox 943 2138 958 2152; x_wconf 85' lang='lat'>.</span> 
     </span>
    </p>

    <p class='ocr_par' dir='ltr' id='par_1_6' title="bbox 1040 2169 1303 2214">
     <span class='ocr_line' id='line_1_33' title="bbox 1040 2169 1303 2214; baseline 0.008 -2"><span class='ocrx_word' id='word_1_217' title='bbox 1040 2170 1095 2212; x_wconf 91' lang='lat' dir='ltr'>V.</span> <span class='ocrx_word' id='word_1_218' title='bbox 1109 2169 1303 2214; x_wconf 86' lang='lat' dir='ltr'>Theatin.</span> 
     </span>
    </p>
   </div>
   <div class='ocr_carea' id='block_1_3' title="bbox 338 2285 1310 2404">
    <p class='ocr_par' dir='ltr' id='par_1_7' title="bbox 338 2285 1310 2404">
     <span class='ocr_line' id='line_1_34' title="bbox 338 2285 1310 2346; baseline 0.002 -17"><span class='ocrx_word' id='word_1_219' title='bbox 338 2285 512 2341; x_wconf 73' lang='lat' dir='ltr'>Authog.</span> <span class='ocrx_word' id='word_1_220' title='bbox 541 2286 585 2327; x_wconf 72' lang='lat' dir='ltr'>in</span> <span class='ocrx_word' id='word_1_221' title='bbox 609 2286 731 2330; x_wconf 83' lang='lat' dir='ltr'>Arcb.</span> <span class='ocrx_word' id='word_1_222' title='bbox 758 2291 903 2332; x_wconf 75' lang='lat' dir='ltr'>secret.</span> <span class='ocrx_word' id='word_1_223' title='bbox 921 2291 1036 2332; x_wconf 82' lang='lat' dir='ltr'>Brev.</span> <span class='ocrx_word' id='word_1_224' title='bbox 1054 2288 1186 2346; x_wconf 84' lang='lat' dir='ltr'>Apost.</span> <span class='ocrx_word' id='word_1_225' title='bbox 1214 2293 1310 2346; x_wconf 83' lang='lat' dir='ltr'>Reg.</span> 
     </span>
     <span class='ocr_line' id='line_1_35' title="bbox 393 2343 834 2404; baseline 0.007 -17"><span class='ocrx_word' id='word_1_226' title='bbox 393 2343 716 2403; x_wconf 73' lang='lat' dir='ltr'>Nou-1626.fil.</span> <span class='ocrx_word' id='word_1_227' title='bbox 734 2351 834 2404; x_wconf 85' lang='lat'>398.</span> 
     </span>
    </p>
   </div>
   <div class='ocr_carea' id='block_1_4' title="bbox 397 2486 631 2498">
    <p class='ocr_par' dir='ltr' id='par_1_8' title="bbox 397 2486 631 2498">
     <span class='ocr_line' id='line_1_36' title="bbox 397 2486 631 2498; baseline 0 0"><span class='ocrx_word' id='word_1_228' title='bbox 397 2486 631 2498; x_wconf 95' lang='lat' dir='ltr'> </span> 
     </span>
    </p>
   </div>
   <div class='ocr_carea' id='block_1_5' title="bbox 749 2487 1041 2501">
    <p class='ocr_par' dir='ltr' id='par_1_9' title="bbox 749 2487 1041 2501">
     <span class='ocr_line' id='line_1_37' title="bbox 749 2487 1041 2501; baseline 0 1529"><span class='ocrx_word' id='word_1_229' title='bbox 749 2487 1041 2501; x_wconf 95' lang='lat' dir='ltr'> </span> 
     </span>
    </p>
   </div>
   <div class='ocr_carea' id='block_1_6' title="bbox 275 2580 1312 2853">
    <p class='ocr_par' dir='ltr' id='par_1_10' title="bbox 275 2580 1312 2853">
     <span class='ocr_line' id='line_1_38' title="bbox 275 2580 1312 2650; baseline 0.005 -19"><span class='ocrx_word' id='word_1_230' title='bbox 275 2580 603 2631; x_wconf 87' lang='lat' dir='ltr'>Venditionem</span> <span class='ocrx_word' id='word_1_231' title='bbox 644 2585 878 2634; x_wconf 87' lang='lat' dir='ltr'>variarum</span> <span class='ocrx_word' id='word_1_232' title='bbox 908 2584 1132 2650; x_wconf 87' lang='lat' dir='ltr'>petiarum</span> <span class='ocrx_word' id='word_1_233' title='bbox 1149 2599 1281 2635; x_wconf 88' lang='lat' dir='ltr'>terrae</span> <span class='ocrx_word' id='word_1_234' title='bbox 1296 2621 1312 2644; x_wconf 90' lang='lat'>,</span> 
     </span>
     <span class='ocr_line' id='line_1_39' title="bbox 343 2651 1309 2724; baseline 0.005 -23"><span class='ocrx_word' id='word_1_235' title='bbox 343 2669 591 2702; x_wconf 87' lang='lat' dir='ltr'>murorum</span> <span class='ocrx_word' id='word_1_236' title='bbox 610 2651 701 2704; x_wconf 72' lang='grc' dir='ltr'>ἃς.</span> <span class='ocrx_word' id='word_1_237' title='bbox 724 2673 823 2721; x_wconf 85' lang='lat' dir='ltr'>quae</span> <span class='ocrx_word' id='word_1_238' title='bbox 835 2653 932 2724; x_wconf 87' lang='lat' dir='ltr'>post</span> <span class='ocrx_word' id='word_1_239' title='bbox 956 2652 1162 2705; x_wconf 88' lang='lat' dir='ltr'>absoluta</span> <span class='ocrx_word' id='word_1_240' title='bbox 1182 2660 1309 2708; x_wconf 91' lang='lat' dir='ltr'>Con·</span> 
     </span>
     <span class='ocr_line' id='line_1_40' title="bbox 340 2722 1308 2784; baseline 0.004 -12"><span class='ocrx_word' id='word_1_241' title='bbox 340 2738 570 2773; x_wconf 84' lang='lat' dir='ltr'>ventuum</span> <span class='ocrx_word' id='word_1_242' title='bbox 604 2722 792 2774; x_wconf 70' lang='lat' dir='ltr'>aedificia</span> <span class='ocrx_word' id='word_1_243' title='bbox 812 2761 827 2784; x_wconf 86' lang='lat'>,</span> <span class='ocrx_word' id='word_1_244' title='bbox 873 2727 1057 2775; x_wconf 88' lang='lat' dir='ltr'>inutiles</span> <span class='ocrx_word' id='word_1_245' title='bbox 1089 2725 1308 2778; x_wconf 84' lang='lat' dir='ltr'>remanse-</span> 
     </span>
     <span class='ocr_line' id='line_1_41' title="bbox 344 2794 759 2853; baseline 0.005 -12"><span class='ocrx_word' id='word_1_246' title='bbox 344 2809 453 2844; x_wconf 79' lang='lat' dir='ltr'>runt</span> <span class='ocrx_word' id='word_1_247' title='bbox 468 2829 484 2853; x_wconf 89' lang='lat'>,</span> <span class='ocrx_word' id='word_1_248' title='bbox 504 2794 727 2844; x_wconf 86' lang='lat' dir='ltr'>ratihabet</span> <span class='ocrx_word' id='word_1_249' title='bbox 747 2832 759 2843; x_wconf 91' lang='lat'>.</span> 
     </span>
    </p>
   </div>
   <div class='ocr_carea' id='block_1_7' title="bbox 270 3022 1310 3927">
    <p class='ocr_par' dir='ltr' id='par_1_11' title="bbox 275 3022 1310 3261">
     <span class='ocr_line' id='line_1_42' title="bbox 472 3022 1122 3078; baseline 0.005 -14"><span class='ocrx_word' id='word_1_250' title='bbox 472 3022 777 3078; x_wconf 82' lang='lat' dir='ltr'>Adperpetuam</span> <span class='ocrx_word' id='word_1_251' title='bbox 787 3026 850 3065; x_wconf 77' lang='lat' dir='ltr'>rei</span> <span class='ocrx_word' id='word_1_252' title='bbox 866 3028 1092 3069; x_wconf 80' lang='lat' dir='ltr'>memoriam</span> <span class='ocrx_word' id='word_1_253' title='bbox 1110 3056 1122 3067; x_wconf 90' lang='lat'><strong>.</strong></span> 
     </span>
     <span class='ocr_line' id='line_1_43' title="bbox 358 3110 1307 3166; baseline -0.002 -12"><span class='ocrx_word' id='word_1_254' title='bbox 358 3111 450 3154; x_wconf 84' lang='lat' dir='ltr'>Usta</span> <span class='ocrx_word' id='word_1_255' title='bbox 469 3111 698 3166; x_wconf 86' lang='lat' dir='ltr'>petentium</span> <span class='ocrx_word' id='word_1_256' title='bbox 728 3110 832 3153; x_wconf 86' lang='lat' dir='ltr'>votis</span> <span class='ocrx_word' id='word_1_257' title='bbox 864 3110 1042 3157; x_wconf 79' lang='lat' dir='ltr'>libenter</span> <span class='ocrx_word' id='word_1_258' title='bbox 1066 3114 1276 3157; x_wconf 82' lang='lat' dir='ltr'>annuimus</span> <span class='ocrx_word' id='word_1_259' title='bbox 1292 3140 1307 3162; x_wconf 88' lang='lat'>,</span> 
     </span>
     <span class='ocr_line' id='line_1_44' title="bbox 275 3112 1310 3261; baseline 0.001 -51"><span class='ocrx_word' id='word_1_260' title='bbox 275 3112 336 3261; x_wconf 80' lang='lat' dir='ltr'>J</span> <span class='ocrx_word' id='word_1_261' title='bbox 370 3183 525 3226; x_wconf 84' lang='lat' dir='ltr'>eaque,</span> <span class='ocrx_word' id='word_1_262' title='bbox 553 3184 646 3213; x_wconf 89' lang='lat' dir='ltr'>cum</span> <span class='ocrx_word' id='word_1_263' title='bbox 677 3170 716 3212; x_wconf 89' lang='lat' dir='ltr'>id</span> <span class='ocrx_word' id='word_1_264' title='bbox 745 3173 765 3210; x_wconf 75' lang='lat' dir='ltr'>a</span> <span class='ocrx_word' id='word_1_265' title='bbox 785 3170 917 3211; x_wconf 82' lang='lat' dir='ltr'>Nobis</span> <span class='ocrx_word' id='word_1_266' title='bbox 946 3173 1104 3227; x_wconf 83' lang='lat' dir='ltr'>petitur</span> <span class='ocrx_word' id='word_1_267' title='bbox 1127 3170 1310 3222; x_wconf 82' lang='lat' dir='ltr'>‚favori-</span> 
     </span>
    </p>

    <p class='ocr_par' dir='ltr' id='par_1_12' title="bbox 270 3227 1307 3927">
     <span class='ocr_line' id='line_1_45' title="bbox 362 3227 1306 3285; baseline 0.003 -16"><span class='ocrx_word' id='word_1_268' title='bbox 362 3227 435 3269; x_wconf 87' lang='lat' dir='ltr'>bus</span> <span class='ocrx_word' id='word_1_269' title='bbox 452 3227 730 3285; x_wconf 82' lang='lat' dir='ltr'>prosequimur</span> <span class='ocrx_word' id='word_1_270' title='bbox 743 3230 984 3284; x_wconf 82' lang='lat' dir='ltr'>opportunis</span> <span class='ocrx_word' id='word_1_271' title='bbox 1000 3245 1011 3272; x_wconf 87' lang='lat'><strong>:</strong></span> <span class='ocrx_word' id='word_1_272' title='bbox 1027 3234 1135 3273; x_wconf 86' lang='lat' dir='ltr'>Cum</span> <span class='ocrx_word' id='word_1_273' title='bbox 1149 3231 1306 3285; x_wconf 84' lang='lat' dir='ltr'>itaque,</span> 
     </span>
     <span class='ocr_line' id='line_1_46' title="bbox 273 3285 1307 3342; baseline -0.001 -13"><span class='ocrx_word' id='word_1_274' title='bbox 273 3286 373 3330; x_wconf 85' lang='lat' dir='ltr'>ficut</span> <span class='ocrx_word' id='word_1_275' title='bbox 391 3287 522 3330; x_wconf 90' lang='lat' dir='ltr'>Nobis</span> <span class='ocrx_word' id='word_1_276' title='bbox 550 3301 680 3342; x_wconf 81' lang='lat' dir='ltr'>nuper</span> <span class='ocrx_word' id='word_1_277' title='bbox 695 3287 843 3342; x_wconf 83' lang='lat' dir='ltr'>exponi</span> <span class='ocrx_word' id='word_1_278' title='bbox 869 3285 966 3330; x_wconf 85' lang='lat' dir='ltr'>fecit</span> <span class='ocrx_word' id='word_1_279' title='bbox 990 3289 1165 3332; x_wconf 68' lang='lat' dir='ltr'>dilectus</span> <span class='ocrx_word' id='word_1_280' title='bbox 1183 3289 1307 3332; x_wconf 81' lang='lat' dir='ltr'>Filius</span> 
     </span>
     <span class='ocr_line' id='line_1_47' title="bbox 274 3345 1307 3391; baseline -0.001 -3"><span class='ocrx_word' id='word_1_281' title='bbox 274 3346 496 3389; x_wconf 87' lang='lat' dir='ltr'>modernus</span> <span class='ocrx_word' id='word_1_282' title='bbox 515 3347 783 3390; x_wconf 78' lang='lat' dir='ltr'>Provincialis</span> <span class='ocrx_word' id='word_1_283' title='bbox 798 3345 963 3388; x_wconf 87' lang='lat' dir='ltr'>Ordinis</span> <span class='ocrx_word' id='word_1_284' title='bbox 982 3349 1113 3390; x_wconf 72' lang='lat' dir='ltr'>Sanffl</span> <span class='ocrx_word' id='word_1_285' title='bbox 1142 3346 1307 3391; x_wconf 84' lang='lat' dir='ltr'>Franci-</span> 
     </span>
     <span class='ocr_line' id='line_1_48' title="bbox 273 3403 1304 3461; baseline 0.001 -15"><span class='ocrx_word' id='word_1_286' title='bbox 273 3403 328 3447; x_wconf 83' lang='lat' dir='ltr'>sci</span> <span class='ocrx_word' id='word_1_287' title='bbox 367 3407 679 3461; x_wconf 86' lang='lat' dir='ltr'>Capucinorum</span> <span class='ocrx_word' id='word_1_288' title='bbox 720 3415 1046 3460; x_wconf 86' lang='lat' dir='ltr'>nuncupatorum</span> <span class='ocrx_word' id='word_1_289' title='bbox 1080 3405 1304 3450; x_wconf 83' lang='lat' dir='ltr'>Provinciae</span> 
     </span>
     <span class='ocr_line' id='line_1_49' title="bbox 277 3463 1303 3522; baseline 0 -16"><span class='ocrx_word' id='word_1_290' title='bbox 277 3464 476 3509; x_wconf 81' lang='lat' dir='ltr'>Romanae</span> <span class='ocrx_word' id='word_1_291' title='bbox 501 3492 515 3516; x_wconf 83' lang='lat'>‚</span> <span class='ocrx_word' id='word_1_292' title='bbox 551 3465 635 3522; x_wconf 87' lang='lat' dir='ltr'>post</span> <span class='ocrx_word' id='word_1_293' title='bbox 663 3463 958 3507; x_wconf 79' lang='lat' dir='ltr'>absolutionem</span> <span class='ocrx_word' id='word_1_294' title='bbox 990 3465 1199 3508; x_wconf 86' lang='lat' dir='ltr'>variarum</span> <span class='ocrx_word' id='word_1_295' title='bbox 1217 3467 1303 3506; x_wconf 91' lang='lat' dir='ltr'>Do-</span> 
     </span>
     <span class='ocr_line' id='line_1_50' title="bbox 270 3522 1303 3579; baseline 0.002 -16"><span class='ocrx_word' id='word_1_296' title='bbox 270 3535 432 3567; x_wconf 90' lang='lat' dir='ltr'>morum</span> <span class='ocrx_word' id='word_1_297' title='bbox 447 3524 547 3566; x_wconf 66' lang='lat' dir='ltr'>dieti</span> <span class='ocrx_word' id='word_1_298' title='bbox 566 3524 735 3566; x_wconf 83' lang='lat' dir='ltr'>Ordinis</span> <span class='ocrx_word' id='word_1_299' title='bbox 752 3553 765 3573; x_wconf 89' lang='lat'>‚</span> <span class='ocrx_word' id='word_1_300' title='bbox 794 3536 876 3579; x_wconf 87' lang='lat' dir='ltr'>quae</span> <span class='ocrx_word' id='word_1_301' title='bbox 903 3537 951 3565; x_wconf 84' lang='lat' dir='ltr'>ex</span> <span class='ocrx_word' id='word_1_302' title='bbox 967 3522 1224 3566; x_wconf 82' lang='lat' dir='ltr'>eleemosinis</span> <span class='ocrx_word' id='word_1_303' title='bbox 1239 3522 1303 3565; x_wconf 91' lang='lat' dir='ltr'>di·</span> 
     </span>
     <span class='ocr_line' id='line_1_51' title="bbox 272 3580 1304 3627; baseline 0 -5"><span class='ocrx_word' id='word_1_304' title='bbox 272 3580 484 3626; x_wconf 84' lang='lat' dir='ltr'>versorum</span> <span class='ocrx_word' id='word_1_305' title='bbox 501 3583 834 3627; x_wconf 83' lang='lat' dir='ltr'>Christifidelium</span> <span class='ocrx_word' id='word_1_306' title='bbox 854 3582 890 3623; x_wconf 91' lang='lat' dir='ltr'>in</span> <span class='ocrx_word' id='word_1_307' title='bbox 909 3583 1124 3624; x_wconf 83' lang='lat' dir='ltr'>Provincia</span> <span class='ocrx_word' id='word_1_308' title='bbox 1151 3584 1304 3624; x_wconf 88' lang='lat' dir='ltr'>Roma-</span> 
     </span>
     <span class='ocr_line' id='line_1_52' title="bbox 274 3640 1306 3692; baseline -0.003 -8"><span class='ocrx_word' id='word_1_309' title='bbox 274 3651 325 3680; x_wconf 75' lang='lat' dir='ltr'>na</span> <span class='ocrx_word' id='word_1_310' title='bbox 341 3665 356 3691; x_wconf 65' lang='lat'>2</span> <span class='ocrx_word' id='word_1_311' title='bbox 385 3656 430 3684; x_wconf 87' lang='lat' dir='ltr'>ac</span> <span class='ocrx_word' id='word_1_312' title='bbox 440 3643 741 3686; x_wconf 84' lang='lat' dir='ltr'>circumvicinis</span> <span class='ocrx_word' id='word_1_313' title='bbox 756 3642 1005 3685; x_wconf 85' lang='lat' dir='ltr'>Civitatibus</span> <span class='ocrx_word' id='word_1_314' title='bbox 1022 3669 1034 3692; x_wconf 93' lang='lat'>,</span> <span class='ocrx_word' id='word_1_315' title='bbox 1048 3642 1089 3683; x_wconf 87' lang='lat'>&amp;</span> <span class='ocrx_word' id='word_1_316' title='bbox 1106 3640 1306 3683; x_wconf 79' lang='lat' dir='ltr'>Dioecefi-</span> 
     </span>
     <span class='ocr_line' id='line_1_53' title="bbox 273 3696 1305 3750; baseline 0.004 -13"><span class='ocrx_word' id='word_1_317' title='bbox 273 3696 346 3738; x_wconf 86' lang='lat' dir='ltr'>bus</span> <span class='ocrx_word' id='word_1_318' title='bbox 363 3699 507 3744; x_wconf 85' lang='lat' dir='ltr'>abhinc</span> <span class='ocrx_word' id='word_1_319' title='bbox 531 3703 655 3746; x_wconf 84' lang='lat' dir='ltr'>certis</span> <span class='ocrx_word' id='word_1_320' title='bbox 686 3701 799 3744; x_wconf 82' lang='lat' dir='ltr'>annis</span> <span class='ocrx_word' id='word_1_321' title='bbox 814 3700 1037 3744; x_wconf 69' lang='lat' dir='ltr'>constructa</span> <span class='ocrx_word' id='word_1_322' title='bbox 1059 3700 1214 3742; x_wconf 84' lang='lat' dir='ltr'>fuerint</span> <span class='ocrx_word' id='word_1_323' title='bbox 1230 3727 1243 3750; x_wconf 89' lang='lat'>,</span> <span class='ocrx_word' id='word_1_324' title='bbox 1267 3701 1305 3741; x_wconf 83' lang='lat'>&amp;</span> 
     </span>
     <span class='ocr_line' id='line_1_54' title="bbox 277 3756 1306 3816; baseline 0 -18"><span class='ocrx_word' id='word_1_325' title='bbox 277 3757 317 3798; x_wconf 91' lang='lat' dir='ltr'>in</span> <span class='ocrx_word' id='word_1_326' title='bbox 344 3756 434 3800; x_wconf 84' lang='lat' dir='ltr'>dies</span> <span class='ocrx_word' id='word_1_327' title='bbox 451 3761 734 3805; x_wconf 83' lang='lat' dir='ltr'>construantur</span> <span class='ocrx_word' id='word_1_328' title='bbox 749 3789 762 3811; x_wconf 92' lang='lat'><strong>‚</strong></span> <span class='ocrx_word' id='word_1_329' title='bbox 790 3761 967 3816; x_wconf 64' lang='lat' dir='ltr'>quaedam</span> <span class='ocrx_word' id='word_1_330' title='bbox 1001 3759 1153 3815; x_wconf 86' lang='lat' dir='ltr'>petiola</span> <span class='ocrx_word' id='word_1_331' title='bbox 1173 3768 1306 3799; x_wconf 88' lang='lat' dir='ltr'>terra·</span> 
     </span>
     <span class='ocr_line' id='line_1_55' title="bbox 278 3817 1305 3874; baseline 0.001 -16"><span class='ocrx_word' id='word_1_332' title='bbox 278 3829 368 3859; x_wconf 87' lang='lat' dir='ltr'>rum</span> <span class='ocrx_word' id='word_1_333' title='bbox 383 3845 397 3869; x_wconf 90' lang='lat'>,</span> <span class='ocrx_word' id='word_1_334' title='bbox 423 3817 771 3874; x_wconf 78' lang='lat' dir='ltr'>hortulorum,ac</span> <span class='ocrx_word' id='word_1_335' title='bbox 792 3818 936 3873; x_wconf 81' lang='lat' dir='ltr'>frusta,</span> <span class='ocrx_word' id='word_1_336' title='bbox 961 3818 1027 3863; x_wconf 86' lang='lat' dir='ltr'>seu</span> <span class='ocrx_word' id='word_1_337' title='bbox 1054 3828 1190 3874; x_wconf 87' lang='lat' dir='ltr'>partes</span> <span class='ocrx_word' id='word_1_338' title='bbox 1213 3830 1305 3859; x_wconf 87' lang='lat' dir='ltr'>mu·</span> 
     </span>
     <span class='ocr_line' id='line_1_56' title="bbox 417 3878 593 3927; baseline 0 -8"><span class='ocrx_word' id='word_1_339' title='bbox 417 3878 520 3927; x_wconf 61' lang='lat' dir='ltr'>Tam,</span> <span class='ocrx_word' id='word_1_340' title='bbox 539 3880 593 3921; x_wconf 85' lang='lat'>11.</span> 
     </span>
    </p>
   </div>
   <div class='ocr_carea' id='block_1_8' title="bbox 1354 250 2415 3624">
    <p class='ocr_par' dir='ltr' id='par_1_13' title="bbox 1362 250 2393 397">
     <span class='ocr_line' id='line_1_57' title="bbox 1362 250 2393 397; baseline -0.002 -18"><span class='ocrx_word' id='word_1_341' title='bbox 1362 351 1503 379; x_wconf 88' lang='lat' dir='ltr'>rorum</span> <span class='ocrx_word' id='word_1_342' title='bbox 1517 366 1531 389; x_wconf 89' lang='lat'>,</span> <span class='ocrx_word' id='word_1_343' title='bbox 1557 344 1627 380; x_wconf 85' lang='lat' dir='ltr'>aut</span> <span class='ocrx_word' id='word_1_344' title='bbox 1639 332 1807 391; x_wconf 82' lang='lat' dir='ltr'>hujusce</span> <span class='ocrx_word' id='word_1_345' title='bbox 1822 336 1987 391; x_wconf 87' lang='lat' dir='ltr'>generis</span> <span class='ocrx_word' id='word_1_346' title='bbox 2004 250 2393 397; x_wconf 40' lang='lat' dir='ltr'>proprietatffujsu-</span> 
     </span>
    </p>

    <p class='ocr_par' dir='ltr' id='par_1_14' title="bbox 1359 394 2388 452">
     <span class='ocr_line' id='line_1_58' title="bbox 1359 394 2388 452; baseline -0.004 -14"><span class='ocrx_word' id='word_1_347' title='bbox 1359 394 1590 452; x_wconf 72' lang='lat' dir='ltr'>pei-fuerint</span> <span class='ocrx_word' id='word_1_348' title='bbox 1618 422 1634 446; x_wconf 81' lang='lat'>‚</span> <span class='ocrx_word' id='word_1_349' title='bbox 1673 409 1760 451; x_wconf 84' lang='lat' dir='ltr'>quae</span> <span class='ocrx_word' id='word_1_350' title='bbox 1790 404 1960 450; x_wconf 88' lang='lat' dir='ltr'>propter</span> <span class='ocrx_word' id='word_1_351' title='bbox 1987 411 2131 442; x_wconf 87' lang='lat' dir='ltr'>eorum</span> <span class='ocrx_word' id='word_1_352' title='bbox 2160 404 2388 446; x_wconf 75' lang='lat' dir='ltr'>incommo-</span> 
     </span>
    </p>

    <p class='ocr_par' dir='ltr' id='par_1_15' title="bbox 1361 451 2387 504">
     <span class='ocr_line' id='line_1_59' title="bbox 1361 451 2387 504; baseline -0.001 -7"><span class='ocrx_word' id='word_1_353' title='bbox 1361 454 1456 497; x_wconf 87' lang='lat' dir='ltr'>dam</span> <span class='ocrx_word' id='word_1_354' title='bbox 1470 455 1755 498; x_wconf 80' lang='lat' dir='ltr'>cohaerentiam</span> <span class='ocrx_word' id='word_1_355' title='bbox 1766 479 1781 500; x_wconf 67' lang='lat' dir='ltr'>a</span> <span class='ocrx_word' id='word_1_356' title='bbox 1795 451 1885 495; x_wconf 89' lang='lat' dir='ltr'>aliis</span> <span class='ocrx_word' id='word_1_357' title='bbox 1900 457 2140 500; x_wconf 84' lang='lat' dir='ltr'>earumdem</span> <span class='ocrx_word' id='word_1_358' title='bbox 2158 463 2387 504; x_wconf 73' lang='lat' dir='ltr'>Domorum</span> 
     </span>
    </p>

    <p class='ocr_par' dir='ltr' id='par_1_16' title="bbox 1361 512 2390 576">
     <span class='ocr_line' id='line_1_60' title="bbox 1361 512 2390 576; baseline 0.003 -22"><span class='ocrx_word' id='word_1_359' title='bbox 1361 514 1552 556; x_wconf 86' lang='lat' dir='ltr'>membris</span> <span class='ocrx_word' id='word_1_360' title='bbox 1585 512 1836 567; x_wconf 88' lang='lat' dir='ltr'>incorporari</span> <span class='ocrx_word' id='word_1_361' title='bbox 1868 524 1950 553; x_wconf 87' lang='lat' dir='ltr'>non</span> <span class='ocrx_word' id='word_1_362' title='bbox 1987 518 2225 569; x_wconf 90' lang='lat' dir='ltr'>potuerint,</span> <span class='ocrx_word' id='word_1_363' title='bbox 2255 534 2390 576; x_wconf 76' lang='lat' dir='ltr'>neque</span> 
     </span>
    </p>

    <p class='ocr_par' dir='ltr' id='par_1_17' title="bbox 1362 569 2389 627">
     <span class='ocr_line' id='line_1_61' title="bbox 1362 569 2389 627; baseline -0.003 -14"><span class='ocrx_word' id='word_1_364' title='bbox 1362 570 1537 626; x_wconf 79' lang='lat' dir='ltr'>pollint,</span> <span class='ocrx_word' id='word_1_365' title='bbox 1564 572 1710 612; x_wconf 87' lang='lat' dir='ltr'>&amp;cum</span> <span class='ocrx_word' id='word_1_366' title='bbox 1727 584 1775 612; x_wconf 88' lang='lat' dir='ltr'>ex</span> <span class='ocrx_word' id='word_1_367' title='bbox 1806 569 1888 612; x_wconf 91' lang='lat' dir='ltr'>illis</span> <span class='ocrx_word' id='word_1_368' title='bbox 1917 570 2019 613; x_wconf 89' lang='lat' dir='ltr'>utile</span> <span class='ocrx_word' id='word_1_369' title='bbox 2051 586 2268 627; x_wconf 84' lang='lat' dir='ltr'>procurare</span> <span class='ocrx_word' id='word_1_370' title='bbox 2289 593 2389 620; x_wconf 55' lang='lat' dir='ltr'>can-</span> 
     </span>
    </p>

    <p class='ocr_par' dir='ltr' id='par_1_18' title="bbox 1362 628 2391 690">
     <span class='ocr_line' id='line_1_62' title="bbox 1362 628 2391 690; baseline 0.004 -20"><span class='ocrx_word' id='word_1_371' title='bbox 1362 629 1528 679; x_wconf 89' lang='lat' dir='ltr'>veniat,</span> <span class='ocrx_word' id='word_1_372' title='bbox 1553 629 1683 671; x_wconf 62' lang='lat' dir='ltr'>dietus</span> <span class='ocrx_word' id='word_1_373' title='bbox 1699 631 1915 685; x_wconf 81' lang='lat' dir='ltr'>Exponens</span> <span class='ocrx_word' id='word_1_374' title='bbox 1931 628 2150 684; x_wconf 88' lang='lat' dir='ltr'>plurimum</span> <span class='ocrx_word' id='word_1_375' title='bbox 2165 635 2302 687; x_wconf 88' lang='lat' dir='ltr'>cupiat</span> <span class='ocrx_word' id='word_1_376' title='bbox 2320 650 2391 690; x_wconf 83' lang='lat' dir='ltr'>per</span> 
     </span>
    </p>

    <p class='ocr_par' dir='ltr' id='par_1_19' title="bbox 1363 686 2389 744">
     <span class='ocr_line' id='line_1_63' title="bbox 1363 686 2389 744; baseline 0.003 -14"><span class='ocrx_word' id='word_1_377' title='bbox 1363 690 1450 730; x_wconf 88' lang='lat' dir='ltr'>Nos</span> <span class='ocrx_word' id='word_1_378' title='bbox 1464 717 1478 738; x_wconf 92' lang='lat'>,</span> <span class='ocrx_word' id='word_1_379' title='bbox 1505 689 1546 728; x_wconf 89' lang='lat'>&amp;</span> <span class='ocrx_word' id='word_1_380' title='bbox 1561 687 1707 730; x_wconf 90' lang='lat' dir='ltr'>Sedem</span> <span class='ocrx_word' id='word_1_381' title='bbox 1725 686 2001 744; x_wconf 83' lang='lat' dir='ltr'>Apostolicam</span> <span class='ocrx_word' id='word_1_382' title='bbox 2027 689 2096 730; x_wconf 82' lang='lat' dir='ltr'>fibi</span> <span class='ocrx_word' id='word_1_383' title='bbox 2113 689 2289 744; x_wconf 83' lang='lat' dir='ltr'>desuper</span> <span class='ocrx_word' id='word_1_384' title='bbox 2304 723 2318 742; x_wconf 94' lang='lat'>,</span> <span class='ocrx_word' id='word_1_385' title='bbox 2343 705 2389 734; x_wconf 89' lang='lat' dir='ltr'>ut</span> 
     </span>
    </p>

    <p class='ocr_par' dir='ltr' id='par_1_20' title="bbox 1361 743 2391 800">
     <span class='ocr_line' id='line_1_64' title="bbox 1361 743 2391 800; baseline 0.006 -13"><span class='ocrx_word' id='word_1_386' title='bbox 1361 743 1489 797; x_wconf 89' lang='lat' dir='ltr'>infra,</span> <span class='ocrx_word' id='word_1_387' title='bbox 1516 746 1749 800; x_wconf 84' lang='lat' dir='ltr'>indulgeri,</span> <span class='ocrx_word' id='word_1_388' title='bbox 1788 749 1876 789; x_wconf 81' lang='lat' dir='ltr'>Nos</span> <span class='ocrx_word' id='word_1_389' title='bbox 1904 744 2151 799; x_wconf 86' lang='lat' dir='ltr'>frustorum,</span> <span class='ocrx_word' id='word_1_390' title='bbox 2189 751 2391 793; x_wconf 83' lang='lat' dir='ltr'>seuterrae</span> 
     </span>
    </p>

    <p class='ocr_par' dir='ltr' id='par_1_21' title="bbox 1354 804 2415 3624">
     <span class='ocr_line' id='line_1_65' title="bbox 1357 804 2396 860; baseline 0.005 -15"><span class='ocrx_word' id='word_1_391' title='bbox 1357 804 1627 859; x_wconf 79' lang='lat' dir='ltr'>petiolorum,</span> <span class='ocrx_word' id='word_1_392' title='bbox 1642 818 1849 848; x_wconf 83' lang='lat' dir='ltr'>murorum</span> <span class='ocrx_word' id='word_1_393' title='bbox 1866 833 1880 856; x_wconf 85' lang='lat'>,</span> <span class='ocrx_word' id='word_1_394' title='bbox 1899 806 2177 850; x_wconf 87' lang='lat' dir='ltr'>Hortulorum</span> <span class='ocrx_word' id='word_1_395' title='bbox 2195 839 2210 860; x_wconf 92' lang='lat'>,</span> <span class='ocrx_word' id='word_1_396' title='bbox 2229 819 2297 851; x_wconf 90' lang='lat' dir='ltr'>aut</span> <span class='ocrx_word' id='word_1_397' title='bbox 2316 809 2396 850; x_wconf 88' lang='lat' dir='ltr'>hu-</span> 
     </span>
     <span class='ocr_line' id='line_1_66' title="bbox 1354 863 2397 920; baseline 0.004 -16"><span class='ocrx_word' id='word_1_398' title='bbox 1354 863 1462 918; x_wconf 86' lang='lat' dir='ltr'>jusce</span> <span class='ocrx_word' id='word_1_399' title='bbox 1476 863 1640 920; x_wconf 78' lang='lat' dir='ltr'>generis</span> <span class='ocrx_word' id='word_1_400' title='bbox 1677 865 1980 918; x_wconf 85' lang='lat' dir='ltr'>proprietatum</span> <span class='ocrx_word' id='word_1_401' title='bbox 2006 864 2273 917; x_wconf 63' lang='lat' dir='ltr'>sanationes,</span> <span class='ocrx_word' id='word_1_402' title='bbox 2303 880 2397 908; x_wconf 89' lang='lat' dir='ltr'>con-</span> 
     </span>
     <span class='ocr_line' id='line_1_67' title="bbox 1359 921 2402 981; baseline 0.004 -18"><span class='ocrx_word' id='word_1_403' title='bbox 1359 921 1460 964; x_wconf 86' lang='lat' dir='ltr'>fines</span> <span class='ocrx_word' id='word_1_404' title='bbox 1489 951 1504 974; x_wconf 90' lang='lat'>,</span> <span class='ocrx_word' id='word_1_405' title='bbox 1542 921 1765 972; x_wconf 82' lang='lat' dir='ltr'>vocabula,</span> <span class='ocrx_word' id='word_1_406' title='bbox 1806 922 2188 976; x_wconf 81' lang='lat' dir='ltr'>denominationes,</span> <span class='ocrx_word' id='word_1_407' title='bbox 2219 925 2402 981; x_wconf 80' lang='lat' dir='ltr'>qualita-</span> 
     </span>
     <span class='ocr_line' id='line_1_68' title="bbox 1360 981 2400 1038; baseline 0.002 -15"><span class='ocrx_word' id='word_1_408' title='bbox 1360 991 1449 1030; x_wconf 86' lang='lat' dir='ltr'>tes,</span> <span class='ocrx_word' id='word_1_409' title='bbox 1472 985 1511 1029; x_wconf 60' lang='grc' dir='ltr'>δε,</span> <span class='ocrx_word' id='word_1_410' title='bbox 1538 981 1789 1038; x_wconf 88' lang='lat' dir='ltr'>quantitates</span> <span class='ocrx_word' id='word_1_411' title='bbox 1819 1008 1833 1030; x_wconf 88' lang='lat'>,</span> <span class='ocrx_word' id='word_1_412' title='bbox 1876 981 2071 1037; x_wconf 83' lang='lat' dir='ltr'>verosque</span> <span class='ocrx_word' id='word_1_413' title='bbox 2098 1013 2114 1034; x_wconf 93' lang='lat'>,</span> <span class='ocrx_word' id='word_1_414' title='bbox 2147 985 2187 1025; x_wconf 79' lang='grc' dir='ltr'>δι</span> <span class='ocrx_word' id='word_1_415' title='bbox 2214 985 2400 1038; x_wconf 78' lang='lat' dir='ltr'>integros</span> 
     </span>
     <span class='ocr_line' id='line_1_69' title="bbox 1363 1038 2403 1098; baseline -0.002 -15"><span class='ocrx_word' id='word_1_416' title='bbox 1363 1041 1539 1090; x_wconf 76' lang='lat' dir='ltr'>valeres,</span> <span class='ocrx_word' id='word_1_417' title='bbox 1551 1038 1810 1097; x_wconf 85' lang='lat' dir='ltr'>praesentibus</span> <span class='ocrx_word' id='word_1_418' title='bbox 1828 1052 1902 1094; x_wconf 91' lang='lat' dir='ltr'>pro</span> <span class='ocrx_word' id='word_1_419' title='bbox 1921 1040 2110 1095; x_wconf 80' lang='lat' dir='ltr'>exprellis</span> <span class='ocrx_word' id='word_1_420' title='bbox 2130 1043 2403 1098; x_wconf 48' lang='lat' dir='ltr'>babentesfip.</span> 
     </span>
     <span class='ocr_line' id='line_1_70' title="bbox 1365 1097 2401 1157; baseline 0.002 -16"><span class='ocrx_word' id='word_1_421' title='bbox 1365 1098 1530 1157; x_wconf 87' lang='lat' dir='ltr'>sumque</span> <span class='ocrx_word' id='word_1_422' title='bbox 1561 1102 1847 1155; x_wconf 68' lang='lat' dir='ltr'>exponentem</span> <span class='ocrx_word' id='word_1_423' title='bbox 1876 1097 2115 1153; x_wconf 84' lang='lat' dir='ltr'>specialibus</span> <span class='ocrx_word' id='word_1_424' title='bbox 2154 1099 2401 1153; x_wconf 85' lang='lat' dir='ltr'>favoribus,</span> 
     </span>
     <span class='ocr_line' id='line_1_71' title="bbox 1366 1157 2401 1216; baseline -0.002 -14"><span class='ocrx_word' id='word_1_425' title='bbox 1366 1162 1403 1202; x_wconf 79' lang='grc'>8(</span> <span class='ocrx_word' id='word_1_426' title='bbox 1433 1159 1577 1215; x_wconf 87' lang='lat' dir='ltr'>gratiis</span> <span class='ocrx_word' id='word_1_427' title='bbox 1603 1157 1790 1216; x_wconf 88' lang='lat' dir='ltr'>prosequi</span> <span class='ocrx_word' id='word_1_428' title='bbox 1819 1157 2041 1210; x_wconf 87' lang='lat' dir='ltr'>volentes,</span> <span class='ocrx_word' id='word_1_429' title='bbox 2082 1173 2241 1203; x_wconf 88' lang='lat' dir='ltr'>necnon</span> <span class='ocrx_word' id='word_1_430' title='bbox 2265 1159 2286 1202; x_wconf 71' lang='grc' dir='ltr'>ἃ</span> <span class='ocrx_word' id='word_1_431' title='bbox 2312 1161 2401 1216; x_wconf 87' lang='lat' dir='ltr'>qui-</span> 
     </span>
     <span class='ocr_line' id='line_1_72' title="bbox 1366 1217 2403 1274; baseline -0.002 -11"><span class='ocrx_word' id='word_1_432' title='bbox 1366 1219 1501 1263; x_wconf 76' lang='lat' dir='ltr'>busvis</span> <span class='ocrx_word' id='word_1_433' title='bbox 1528 1218 1965 1262; x_wconf 82' lang='lat' dir='ltr'>excommunicationis</span> <span class='ocrx_word' id='word_1_434' title='bbox 1989 1246 2004 1268; x_wconf 91' lang='lat'>,</span> <span class='ocrx_word' id='word_1_435' title='bbox 2036 1217 2298 1274; x_wconf 71' lang='lat' dir='ltr'>suspensionis</span> <span class='ocrx_word' id='word_1_436' title='bbox 2321 1248 2335 1271; x_wconf 92' lang='lat'>,</span> <span class='ocrx_word' id='word_1_437' title='bbox 2362 1220 2403 1261; x_wconf 76' lang='grc' dir='ltr'>δι</span> 
     </span>
     <span class='ocr_line' id='line_1_73' title="bbox 1370 1276 2398 1333; baseline -0.001 -13"><span class='ocrx_word' id='word_1_438' title='bbox 1370 1278 1604 1331; x_wconf 66' lang='lat' dir='ltr'>interdicti,</span> <span class='ocrx_word' id='word_1_439' title='bbox 1639 1277 1808 1333; x_wconf 84' lang='lat' dir='ltr'>aliisque</span> <span class='ocrx_word' id='word_1_440' title='bbox 1836 1276 2127 1321; x_wconf 86' lang='lat' dir='ltr'>Ecclefiasticis</span> <span class='ocrx_word' id='word_1_441' title='bbox 2152 1278 2366 1323; x_wconf 87' lang='lat' dir='ltr'>sententiis</span> <span class='ocrx_word' id='word_1_442' title='bbox 2382 1307 2398 1331; x_wconf 93' lang='lat'>,</span> 
     </span>
     <span class='ocr_line' id='line_1_74' title="bbox 1368 1336 2399 1394; baseline 0 -14"><span class='ocrx_word' id='word_1_443' title='bbox 1368 1336 1545 1381; x_wconf 88' lang='lat' dir='ltr'>censuris</span> <span class='ocrx_word' id='word_1_444' title='bbox 1574 1367 1587 1390; x_wconf 91' lang='lat'>,</span> <span class='ocrx_word' id='word_1_445' title='bbox 1622 1339 1663 1379; x_wconf 90' lang='lat'>&amp;</span> <span class='ocrx_word' id='word_1_446' title='bbox 1701 1337 1831 1392; x_wconf 84' lang='lat' dir='ltr'>poenis</span> <span class='ocrx_word' id='word_1_447' title='bbox 1861 1338 1884 1380; x_wconf 70' lang='lat' dir='ltr'>a</span> <span class='ocrx_word' id='word_1_448' title='bbox 1910 1336 2012 1394; x_wconf 83' lang='lat' dir='ltr'>jure·</span> <span class='ocrx_word' id='word_1_449' title='bbox 2036 1337 2107 1380; x_wconf 83' lang='lat' dir='ltr'>vel</span> <span class='ocrx_word' id='word_1_450' title='bbox 2135 1340 2186 1381; x_wconf 91' lang='lat' dir='ltr'>ab</span> <span class='ocrx_word' id='word_1_451' title='bbox 2231 1337 2399 1382; x_wconf 86' lang='lat' dir='ltr'>homine</span> 
     </span>
     <span class='ocr_line' id='line_1_75' title="bbox 1367 1394 2403 1454; baseline -0.001 -14"><span class='ocrx_word' id='word_1_452' title='bbox 1367 1398 1506 1454; x_wconf 88' lang='lat' dir='ltr'>quavis</span> <span class='ocrx_word' id='word_1_453' title='bbox 1533 1395 1742 1439; x_wconf 78' lang='lat' dir='ltr'>occasione</span> <span class='ocrx_word' id='word_1_454' title='bbox 1761 1424 1775 1447; x_wconf 89' lang='lat'>‚</span> <span class='ocrx_word' id='word_1_455' title='bbox 1803 1394 1871 1438; x_wconf 89' lang='lat' dir='ltr'>vel</span> <span class='ocrx_word' id='word_1_456' title='bbox 1901 1395 2022 1440; x_wconf 90' lang='lat' dir='ltr'>causa</span> <span class='ocrx_word' id='word_1_457' title='bbox 2037 1395 2159 1448; x_wconf 86' lang='lat' dir='ltr'>latis,</span> <span class='ocrx_word' id='word_1_458' title='bbox 2192 1396 2219 1440; x_wconf 84' lang='lat' dir='ltr'>fi</span> <span class='ocrx_word' id='word_1_459' title='bbox 2251 1398 2403 1450; x_wconf 73' lang='lat' dir='ltr'>quibus</span> 
     </span>
     <span class='ocr_line' id='line_1_76' title="bbox 1366 1455 2403 1514; baseline 0 -14"><span class='ocrx_word' id='word_1_460' title='bbox 1366 1455 1681 1514; x_wconf 87' lang='lat' dir='ltr'>quomodolibet</span> <span class='ocrx_word' id='word_1_461' title='bbox 1707 1455 1931 1498; x_wconf 80' lang='lat' dir='ltr'>innodatus</span> <span class='ocrx_word' id='word_1_462' title='bbox 1957 1455 2122 1507; x_wconf 84' lang='lat' dir='ltr'>existit,</span> <span class='ocrx_word' id='word_1_463' title='bbox 2143 1456 2195 1499; x_wconf 84' lang='lat' dir='ltr'>ad</span> <span class='ocrx_word' id='word_1_464' title='bbox 2213 1456 2403 1500; x_wconf 64' lang='lat' dir='ltr'>effectum</span> 
     </span>
     <span class='ocr_line' id='line_1_77' title="bbox 1366 1514 2407 1574; baseline -0.002 -15"><span class='ocrx_word' id='word_1_465' title='bbox 1366 1515 1624 1574; x_wconf 82' lang='lat' dir='ltr'>praesentium</span> <span class='ocrx_word' id='word_1_466' title='bbox 1649 1514 1862 1557; x_wconf 85' lang='lat' dir='ltr'>dumtaxat</span> <span class='ocrx_word' id='word_1_467' title='bbox 1877 1514 2204 1570; x_wconf 88' lang='lat' dir='ltr'>consequendum</span> <span class='ocrx_word' id='word_1_468' title='bbox 2222 1544 2236 1567; x_wconf 92' lang='lat'>,</span> <span class='ocrx_word' id='word_1_469' title='bbox 2258 1518 2407 1559; x_wconf 85' lang='lat' dir='ltr'>harum</span> 
     </span>
     <span class='ocr_line' id='line_1_78' title="bbox 1368 1574 2406 1623; baseline -0.001 -4"><span class='ocrx_word' id='word_1_470' title='bbox 1368 1576 1474 1619; x_wconf 90' lang='lat' dir='ltr'>serie</span> <span class='ocrx_word' id='word_1_471' title='bbox 1511 1574 1767 1618; x_wconf 89' lang='lat' dir='ltr'>absolventes</span> <span class='ocrx_word' id='word_1_472' title='bbox 1794 1600 1809 1623; x_wconf 87' lang='lat'>‚</span> <span class='ocrx_word' id='word_1_473' title='bbox 1849 1574 1890 1614; x_wconf 87' lang='lat'>&amp;</span> <span class='ocrx_word' id='word_1_474' title='bbox 1915 1574 2146 1616; x_wconf 89' lang='lat' dir='ltr'>absolutum</span> <span class='ocrx_word' id='word_1_475' title='bbox 2183 1574 2272 1617; x_wconf 84' lang='lat' dir='ltr'>fore</span> <span class='ocrx_word' id='word_1_476' title='bbox 2299 1589 2406 1618; x_wconf 89' lang='lat' dir='ltr'>cen-</span> 
     </span>
     <span class='ocr_line' id='line_1_79' title="bbox 1366 1631 2408 1690; baseline -0.003 -10"><span class='ocrx_word' id='word_1_477' title='bbox 1366 1639 1524 1685; x_wconf 76' lang='lat' dir='ltr'>senteS,</span> <span class='ocrx_word' id='word_1_478' title='bbox 1553 1633 1746 1690; x_wconf 67' lang='lat' dir='ltr'>porrectis</span> <span class='ocrx_word' id='word_1_479' title='bbox 1777 1631 1909 1675; x_wconf 88' lang='lat' dir='ltr'>Nobis</span> <span class='ocrx_word' id='word_1_480' title='bbox 1936 1647 2012 1688; x_wconf 87' lang='lat' dir='ltr'>pro</span> <span class='ocrx_word' id='word_1_481' title='bbox 2039 1642 2159 1689; x_wconf 89' lang='lat' dir='ltr'>parte</span> <span class='ocrx_word' id='word_1_482' title='bbox 2196 1632 2262 1677; x_wconf 90' lang='lat' dir='ltr'>sua</span> <span class='ocrx_word' id='word_1_483' title='bbox 2291 1634 2408 1690; x_wconf 89' lang='lat' dir='ltr'>super</span> 
     </span>
     <span class='ocr_line' id='line_1_80' title="bbox 1366 1690 2408 1750; baseline 0.003 -17"><span class='ocrx_word' id='word_1_484' title='bbox 1366 1698 1445 1739; x_wconf 84' lang='lat' dir='ltr'>hoc</span> <span class='ocrx_word' id='word_1_485' title='bbox 1472 1692 1829 1750; x_wconf 84' lang='lat' dir='ltr'>supplicationibus</span> <span class='ocrx_word' id='word_1_486' title='bbox 1844 1690 2057 1744; x_wconf 81' lang='lat' dir='ltr'>inclinati,</span> <span class='ocrx_word' id='word_1_487' title='bbox 2084 1705 2137 1734; x_wconf 87' lang='lat' dir='ltr'>ex</span> <span class='ocrx_word' id='word_1_488' title='bbox 2156 1703 2255 1736; x_wconf 91' lang='lat' dir='ltr'>voto</span> <span class='ocrx_word' id='word_1_489' title='bbox 2286 1697 2408 1736; x_wconf 91' lang='lat' dir='ltr'>Con·</span> 
     </span>
     <span class='ocr_line' id='line_1_81' title="bbox 1364 1750 2400 1812; baseline -0.002 -16"><span class='ocrx_word' id='word_1_490' title='bbox 1364 1753 1620 1812; x_wconf 84' lang='lat' dir='ltr'>gregationis</span> <span class='ocrx_word' id='word_1_491' title='bbox 1664 1750 1975 1796; x_wconf 87' lang='lat' dir='ltr'>Venerabilium</span> <span class='ocrx_word' id='word_1_492' title='bbox 2017 1753 2211 1795; x_wconf 75' lang='lat' dir='ltr'>Fratrum·</span> <span class='ocrx_word' id='word_1_493' title='bbox 2260 1753 2400 1797; x_wconf 65' lang='lat' dir='ltr'>sanstae</span> 
     </span>
     <span class='ocr_line' id='line_1_82' title="bbox 1365 1810 2402 1869; baseline -0.003 -12"><span class='ocrx_word' id='word_1_494' title='bbox 1365 1817 1472 1857; x_wconf 86' lang='lat' dir='ltr'><strong>R.E.</strong></span> <span class='ocrx_word' id='word_1_495' title='bbox 1486 1810 1789 1864; x_wconf 80' lang='lat' dir='ltr'>cardinalium,</span> <span class='ocrx_word' id='word_1_496' title='bbox 1805 1812 1983 1866; x_wconf 73' lang='lat' dir='ltr'>negotiis</span> <span class='ocrx_word' id='word_1_497' title='bbox 2008 1810 2280 1868; x_wconf 85' lang='lat' dir='ltr'>Regularium</span> <span class='ocrx_word' id='word_1_498' title='bbox 2300 1826 2402 1869; x_wconf 88' lang='lat' dir='ltr'>prae-</span> 
     </span>
     <span class='ocr_line' id='line_1_83' title="bbox 1363 1871 2400 1930; baseline -0.002 -14"><span class='ocrx_word' id='word_1_499' title='bbox 1363 1873 1609 1930; x_wconf 84' lang='lat' dir='ltr'>politorum,</span> <span class='ocrx_word' id='word_1_500' title='bbox 1642 1871 1779 1914; x_wconf 89' lang='lat' dir='ltr'>eidem</span> <span class='ocrx_word' id='word_1_501' title='bbox 1805 1872 2069 1928; x_wconf 85' lang='lat' dir='ltr'>Exponenti‚</span> <span class='ocrx_word' id='word_1_502' title='bbox 2101 1880 2146 1913; x_wconf 89' lang='lat' dir='ltr'>ut</span> <span class='ocrx_word' id='word_1_503' title='bbox 2176 1871 2400 1914; x_wconf 83' lang='lat' dir='ltr'>medianti-</span> 
     </span>
     <span class='ocr_line' id='line_1_84' title="bbox 1365 1929 2406 1986; baseline -0.006 -9"><span class='ocrx_word' id='word_1_504' title='bbox 1365 1935 1435 1977; x_wconf 93' lang='lat' dir='ltr'>bus</span> <span class='ocrx_word' id='word_1_505' title='bbox 1452 1931 1611 1976; x_wconf 67' lang='lat' dir='ltr'>dilectis</span> <span class='ocrx_word' id='word_1_506' title='bbox 1627 1929 1738 1982; x_wconf 87' lang='lat' dir='ltr'>filiis,</span> <span class='ocrx_word' id='word_1_507' title='bbox 1751 1930 1948 1974; x_wconf 64' lang='lat' dir='ltr'>dictarum</span> <span class='ocrx_word' id='word_1_508' title='bbox 1968 1934 2196 1975; x_wconf 89' lang='lat' dir='ltr'>Domorum</span> <span class='ocrx_word' id='word_1_509' title='bbox 2212 1931 2406 1986; x_wconf 80' lang='lat' dir='ltr'>Syadicis</span> 
     </span>
     <span class='ocr_line' id='line_1_85' title="bbox 1365 1989 2413 2045; baseline -0.003 -9"><span class='ocrx_word' id='word_1_510' title='bbox 1365 1993 1435 2036; x_wconf 91' lang='lat' dir='ltr'>seu</span> <span class='ocrx_word' id='word_1_511' title='bbox 1455 1991 1799 2036; x_wconf 86' lang='lat' dir='ltr'>Procuratoribus</span> <span class='ocrx_word' id='word_1_512' title='bbox 1826 1989 1974 2042; x_wconf 78' lang='lat' dir='ltr'>frusta,</span> <span class='ocrx_word' id='word_1_513' title='bbox 2000 1991 2065 2033; x_wconf 88' lang='lat' dir='ltr'>seu</span> <span class='ocrx_word' id='word_1_514' title='bbox 2095 1990 2251 2045; x_wconf 88' lang='lat' dir='ltr'>petiola</span> <span class='ocrx_word' id='word_1_515' title='bbox 2270 2000 2413 2033; x_wconf 84' lang='lat' dir='ltr'>terra-</span> 
     </span>
     <span class='ocr_line' id='line_1_86' title="bbox 1366 2048 2411 2104; baseline -0.004 -10"><span class='ocrx_word' id='word_1_516' title='bbox 1366 2066 1454 2094; x_wconf 91' lang='lat' dir='ltr'>rum</span> <span class='ocrx_word' id='word_1_517' title='bbox 1469 2080 1481 2102; x_wconf 85' lang='lat'>,</span> <span class='ocrx_word' id='word_1_518' title='bbox 1497 2063 1706 2094; x_wconf 89' lang='lat' dir='ltr'>murorum</span> <span class='ocrx_word' id='word_1_519' title='bbox 1721 2079 1736 2102; x_wconf 87' lang='lat'>,</span> <span class='ocrx_word' id='word_1_520' title='bbox 1754 2049 2017 2093; x_wconf 82' lang='lat' dir='ltr'>hortulorum</span> <span class='ocrx_word' id='word_1_521' title='bbox 2036 2077 2050 2101; x_wconf 86' lang='lat'>,</span> <span class='ocrx_word' id='word_1_522' title='bbox 2063 2059 2132 2091; x_wconf 85' lang='lat' dir='ltr'>aut</span> <span class='ocrx_word' id='word_1_523' title='bbox 2161 2048 2326 2104; x_wconf 87' lang='lat' dir='ltr'>hujusce</span> <span class='ocrx_word' id='word_1_524' title='bbox 2339 2062 2411 2102; x_wconf 89' lang='lat' dir='ltr'>ge-</span> 
     </span>
     <span class='ocr_line' id='line_1_87' title="bbox 1366 2107 2411 2167; baseline -0.006 -12"><span class='ocrx_word' id='word_1_525' title='bbox 1366 2111 1474 2155; x_wconf 89' lang='lat' dir='ltr'>neris</span> <span class='ocrx_word' id='word_1_526' title='bbox 1488 2111 1782 2167; x_wconf 85' lang='lat' dir='ltr'>proprietatum</span> <span class='ocrx_word' id='word_1_527' title='bbox 1799 2107 2138 2163; x_wconf 80' lang='lat' dir='ltr'>hujusmodi,quae</span> <span class='ocrx_word' id='word_1_528' title='bbox 2150 2107 2309 2149; x_wconf 88' lang='lat' dir='ltr'>eisdem</span> <span class='ocrx_word' id='word_1_529' title='bbox 2329 2110 2411 2149; x_wconf 86' lang='lat' dir='ltr'>Do·</span> 
     </span>
     <span class='ocr_line' id='line_1_88' title="bbox 1371 2166 2415 2221; baseline -0.007 -7"><span class='ocrx_word' id='word_1_530' title='bbox 1371 2171 1501 2214; x_wconf 83' lang='lat' dir='ltr'>mibus</span> <span class='ocrx_word' id='word_1_531' title='bbox 1525 2168 1683 2212; x_wconf 84' lang='lat' dir='ltr'>inutilia</span> <span class='ocrx_word' id='word_1_532' title='bbox 1700 2168 1784 2211; x_wconf 89' lang='lat' dir='ltr'>sunt</span> <span class='ocrx_word' id='word_1_533' title='bbox 1800 2198 1813 2219; x_wconf 86' lang='lat'>,</span> <span class='ocrx_word' id='word_1_534' title='bbox 1841 2169 1882 2209; x_wconf 87' lang='lat'>&amp;</span> <span class='ocrx_word' id='word_1_535' title='bbox 1900 2166 2148 2211; x_wconf 89' lang='lat' dir='ltr'>videbuntur</span> <span class='ocrx_word' id='word_1_536' title='bbox 2165 2193 2180 2217; x_wconf 87' lang='lat'>,</span> <span class='ocrx_word' id='word_1_537' title='bbox 2214 2179 2306 2207; x_wconf 89' lang='lat' dir='ltr'>cum</span> <span class='ocrx_word' id='word_1_538' title='bbox 2324 2166 2415 2221; x_wconf 86' lang='lat' dir='ltr'>qui-</span> 
     </span>
     <span class='ocr_line' id='line_1_89' title="bbox 1372 2224 2413 2284; baseline -0.007 -11"><span class='ocrx_word' id='word_1_539' title='bbox 1372 2230 1618 2284; x_wconf 83' lang='lat' dir='ltr'>buscumque</span> <span class='ocrx_word' id='word_1_540' title='bbox 1651 2226 1831 2284; x_wconf 88' lang='lat' dir='ltr'>personis</span> <span class='ocrx_word' id='word_1_541' title='bbox 1855 2226 2098 2278; x_wconf 83' lang='lat' dir='ltr'>,meliorem</span> <span class='ocrx_word' id='word_1_542' title='bbox 2126 2224 2413 2267; x_wconf 89' lang='lat' dir='ltr'>conditionem</span> 
     </span>
     <span class='ocr_line' id='line_1_90' title="bbox 1370 2283 2413 2341; baseline -0.006 -9"><span class='ocrx_word' id='word_1_543' title='bbox 1370 2288 1635 2332; x_wconf 84' lang='lat' dir='ltr'>offerentibus</span> <span class='ocrx_word' id='word_1_544' title='bbox 1649 2314 1664 2336; x_wconf 86' lang='lat'><em>‚</em></span> <span class='ocrx_word' id='word_1_545' title='bbox 1692 2299 1765 2341; x_wconf 87' lang='lat' dir='ltr'>pro</span> <span class='ocrx_word' id='word_1_546' title='bbox 1778 2286 1867 2327; x_wconf 87' lang='lat' dir='ltr'>aliis</span> <span class='ocrx_word' id='word_1_547' title='bbox 1882 2283 1998 2327; x_wconf 65' lang='lat' dir='ltr'>dictis</span> <span class='ocrx_word' id='word_1_548' title='bbox 2015 2284 2212 2326; x_wconf 89' lang='lat' dir='ltr'>Domibus</span> <span class='ocrx_word' id='word_1_549' title='bbox 2229 2298 2413 2326; x_wconf 88' lang='lat' dir='ltr'>commo-</span> 
     </span>
     <span class='ocr_line' id='line_1_91' title="bbox 1370 2342 2411 2398; baseline -0.004 -9"><span class='ocrx_word' id='word_1_550' title='bbox 1370 2347 1554 2390; x_wconf 88' lang='lat' dir='ltr'>dioribus</span> <span class='ocrx_word' id='word_1_551' title='bbox 1575 2344 1690 2388; x_wconf 88' lang='lat' dir='ltr'>bonis</span> <span class='ocrx_word' id='word_1_552' title='bbox 1716 2372 1730 2395; x_wconf 91' lang='lat'>,</span> <span class='ocrx_word' id='word_1_553' title='bbox 1754 2342 1896 2387; x_wconf 79' lang='lat' dir='ltr'>iisdem</span> <span class='ocrx_word' id='word_1_554' title='bbox 1928 2342 2127 2386; x_wconf 88' lang='lat' dir='ltr'>Domibus</span> <span class='ocrx_word' id='word_1_555' title='bbox 2147 2342 2411 2398; x_wconf 87' lang='lat' dir='ltr'>incorporan-</span> 
     </span>
     <span class='ocr_line' id='line_1_92' title="bbox 1371 2401 2411 2457; baseline -0.005 -8"><span class='ocrx_word' id='word_1_556' title='bbox 1371 2407 1449 2457; x_wconf 76' lang='lat' dir='ltr'>dis,</span> <span class='ocrx_word' id='word_1_557' title='bbox 1463 2405 1516 2447; x_wconf 91' lang='lat' dir='ltr'>de</span> <span class='ocrx_word' id='word_1_558' title='bbox 1527 2402 1720 2448; x_wconf 83' lang='lat' dir='ltr'>consensu</span> <span class='ocrx_word' id='word_1_559' title='bbox 1737 2401 1874 2444; x_wconf 68' lang='lat' dir='ltr'>dilecti</span> <span class='ocrx_word' id='word_1_560' title='bbox 1902 2401 1998 2443; x_wconf 87' lang='lat' dir='ltr'>Filii</span> <span class='ocrx_word' id='word_1_561' title='bbox 2015 2401 2303 2443; x_wconf 76' lang='lat' dir='ltr'>procuratoris</span> <span class='ocrx_word' id='word_1_562' title='bbox 2322 2403 2411 2444; x_wconf 86' lang='lat' dir='ltr'>Ge-</span> 
     </span>
     <span class='ocr_line' id='line_1_93' title="bbox 1367 2460 2410 2516; baseline -0.008 -6"><span class='ocrx_word' id='word_1_563' title='bbox 1367 2464 1518 2510; x_wconf 83' lang='lat' dir='ltr'>neralis</span> <span class='ocrx_word' id='word_1_564' title='bbox 1535 2463 1631 2507; x_wconf 69' lang='lat' dir='ltr'>difti</span> <span class='ocrx_word' id='word_1_565' title='bbox 1645 2461 1814 2504; x_wconf 88' lang='lat' dir='ltr'>Ordinis</span> <span class='ocrx_word' id='word_1_566' title='bbox 1842 2469 2078 2516; x_wconf 88' lang='lat' dir='ltr'>permutare</span> <span class='ocrx_word' id='word_1_567' title='bbox 2095 2489 2108 2511; x_wconf 89' lang='lat'>‚</span> <span class='ocrx_word' id='word_1_568' title='bbox 2134 2462 2202 2504; x_wconf 85' lang='lat' dir='ltr'>seu</span> <span class='ocrx_word' id='word_1_569' title='bbox 2234 2460 2317 2503; x_wconf 89' lang='lat' dir='ltr'>illis</span> <span class='ocrx_word' id='word_1_570' title='bbox 2332 2475 2410 2515; x_wconf 91' lang='lat' dir='ltr'>pro</span> 
     </span>
     <span class='ocr_line' id='line_1_94' title="bbox 1373 2518 2411 2581; baseline -0.005 -14"><span class='ocrx_word' id='word_1_571' title='bbox 1373 2523 1508 2581; x_wconf 81' lang='lat' dir='ltr'>pretio</span> <span class='ocrx_word' id='word_1_572' title='bbox 1536 2519 1750 2578; x_wconf 87' lang='lat' dir='ltr'>reperibili</span> <span class='ocrx_word' id='word_1_573' title='bbox 1776 2519 1953 2562; x_wconf 83' lang='lat' dir='ltr'>venditis</span> <span class='ocrx_word' id='word_1_574' title='bbox 1981 2548 1998 2571; x_wconf 90' lang='lat'>,</span> <span class='ocrx_word' id='word_1_575' title='bbox 2025 2534 2068 2563; x_wconf 91' lang='lat' dir='ltr'>ac</span> <span class='ocrx_word' id='word_1_576' title='bbox 2097 2518 2282 2576; x_wconf 89' lang='lat' dir='ltr'>pretium</span> <span class='ocrx_word' id='word_1_577' title='bbox 2314 2518 2411 2562; x_wconf 89' lang='lat' dir='ltr'>inde</span> 
     </span>
     <span class='ocr_line' id='line_1_95' title="bbox 1372 2576 2406 2638; baseline -0.009 -11"><span class='ocrx_word' id='word_1_578' title='bbox 1372 2581 1640 2638; x_wconf 87' lang='lat' dir='ltr'>redigendum</span> <span class='ocrx_word' id='word_1_579' title='bbox 1657 2581 1697 2623; x_wconf 91' lang='lat' dir='ltr'>in</span> <span class='ocrx_word' id='word_1_580' title='bbox 1712 2578 1952 2622; x_wconf 86' lang='lat' dir='ltr'>earumdem</span> <span class='ocrx_word' id='word_1_581' title='bbox 1972 2582 2202 2621; x_wconf 77' lang='lat' dir='ltr'>Domorum</span> <span class='ocrx_word' id='word_1_582' title='bbox 2229 2576 2406 2622; x_wconf 76' lang='lat' dir='ltr'>necessa-</span> 
     </span>
     <span class='ocr_line' id='line_1_96' title="bbox 1372 2635 2410 2690; baseline -0.008 -4"><span class='ocrx_word' id='word_1_583' title='bbox 1372 2645 1457 2686; x_wconf 89' lang='lat' dir='ltr'>rios</span> <span class='ocrx_word' id='word_1_584' title='bbox 1473 2639 1560 2682; x_wconf 87' lang='lat' dir='ltr'>usus</span> <span class='ocrx_word' id='word_1_585' title='bbox 1575 2649 1824 2682; x_wconf 86' lang='lat' dir='ltr'>convertere</span> <span class='ocrx_word' id='word_1_586' title='bbox 1843 2637 2034 2687; x_wconf 72' lang='lat' dir='ltr'>libere‚&amp;</span> <span class='ocrx_word' id='word_1_587' title='bbox 2049 2636 2180 2685; x_wconf 73' lang='lat' dir='ltr'>licite,</span> <span class='ocrx_word' id='word_1_588' title='bbox 2196 2649 2243 2676; x_wconf 87' lang='lat' dir='ltr'>ac</span> <span class='ocrx_word' id='word_1_589' title='bbox 2261 2635 2410 2690; x_wconf 88' lang='lat' dir='ltr'>absque</span> 
     </span>
     <span class='ocr_line' id='line_1_97' title="bbox 1369 2692 2412 2750; baseline -0.008 -6"><span class='ocrx_word' id='word_1_590' title='bbox 1369 2699 1458 2745; x_wconf 92' lang='lat' dir='ltr'>ullo</span> <span class='ocrx_word' id='word_1_591' title='bbox 1473 2696 1724 2741; x_wconf 81' lang='lat' dir='ltr'>conscientiae</span> <span class='ocrx_word' id='word_1_592' title='bbox 1739 2696 1925 2750; x_wconf 89' lang='lat' dir='ltr'>scrupulo</span> <span class='ocrx_word' id='word_1_593' title='bbox 1940 2693 2101 2750; x_wconf 73' lang='lat' dir='ltr'>pumat,</span> <span class='ocrx_word' id='word_1_594' title='bbox 2113 2692 2412 2744; x_wconf 83' lang='lat' dir='ltr'>&amp;valeant,au-</span> 
     </span>
     <span class='ocr_line' id='line_1_98' title="bbox 1369 2749 2405 2809; baseline -0.011 -8"><span class='ocrx_word' id='word_1_595' title='bbox 1369 2758 1572 2802; x_wconf 87' lang='lat' dir='ltr'>thoritate</span> <span class='ocrx_word' id='word_1_596' title='bbox 1586 2753 1818 2809; x_wconf 86' lang='lat' dir='ltr'>Apostolica</span> <span class='ocrx_word' id='word_1_597' title='bbox 1831 2779 1845 2800; x_wconf 67' lang='lat' dir='ltr'>a</span> <span class='ocrx_word' id='word_1_598' title='bbox 1863 2763 2010 2795; x_wconf 87' lang='lat' dir='ltr'>tenore</span> <span class='ocrx_word' id='word_1_599' title='bbox 2026 2749 2285 2806; x_wconf 82' lang='lat' dir='ltr'>praesentium</span> <span class='ocrx_word' id='word_1_600' title='bbox 2302 2765 2405 2794; x_wconf 88' lang='lat' dir='ltr'>con-</span> 
     </span>
     <span class='ocr_line' id='line_1_99' title="bbox 1371 2809 2405 2867; baseline -0.005 -11"><span class='ocrx_word' id='word_1_601' title='bbox 1371 2816 1583 2864; x_wconf 79' lang='lat' dir='ltr'>cedimus,</span> <span class='ocrx_word' id='word_1_602' title='bbox 1614 2814 1654 2853; x_wconf 88' lang='lat'>&amp;</span> <span class='ocrx_word' id='word_1_603' title='bbox 1681 2811 1966 2867; x_wconf 85' lang='lat' dir='ltr'>indulgemus,</span> <span class='ocrx_word' id='word_1_604' title='bbox 2007 2824 2053 2852; x_wconf 89' lang='lat' dir='ltr'>ac</span> <span class='ocrx_word' id='word_1_605' title='bbox 2083 2810 2300 2853; x_wconf 84' lang='lat' dir='ltr'>licentiam</span> <span class='ocrx_word' id='word_1_606' title='bbox 2326 2809 2405 2852; x_wconf 89' lang='lat' dir='ltr'>de-</span> 
     </span>
     <span class='ocr_line' id='line_1_100' title="bbox 1374 2869 2405 2930; baseline -0.007 -13"><span class='ocrx_word' id='word_1_607' title='bbox 1374 2878 1490 2930; x_wconf 83' lang='lat' dir='ltr'>super</span> <span class='ocrx_word' id='word_1_608' title='bbox 1513 2872 1800 2926; x_wconf 82' lang='lat' dir='ltr'>impartimur:</span> <span class='ocrx_word' id='word_1_609' title='bbox 1829 2871 1990 2913; x_wconf 90' lang='lat' dir='ltr'>irritum</span> <span class='ocrx_word' id='word_1_610' title='bbox 2004 2882 2171 2925; x_wconf 88' lang='lat' dir='ltr'>quoque</span> <span class='ocrx_word' id='word_1_611' title='bbox 2190 2897 2204 2920; x_wconf 89' lang='lat'>,</span> <span class='ocrx_word' id='word_1_612' title='bbox 2229 2869 2405 2911; x_wconf 88' lang='lat' dir='ltr'>&amp;inane</span> 
     </span>
     <span class='ocr_line' id='line_1_101' title="bbox 1374 2928 2412 2984; baseline -0.008 -7"><span class='ocrx_word' id='word_1_613' title='bbox 1374 2932 1634 2978; x_wconf 88' lang='lat' dir='ltr'>decernimus</span> <span class='ocrx_word' id='word_1_614' title='bbox 1660 2960 1674 2980; x_wconf 91' lang='lat'>,</span> <span class='ocrx_word' id='word_1_615' title='bbox 1718 2930 1742 2971; x_wconf 86' lang='lat' dir='ltr'>fi</span> <span class='ocrx_word' id='word_1_616' title='bbox 1772 2928 1883 2973; x_wconf 87' lang='lat' dir='ltr'>secus</span> <span class='ocrx_word' id='word_1_617' title='bbox 1912 2928 2029 2984; x_wconf 90' lang='lat' dir='ltr'>super</span> <span class='ocrx_word' id='word_1_618' title='bbox 2058 2928 2121 2969; x_wconf 85' lang='lat' dir='ltr'>his</span> <span class='ocrx_word' id='word_1_619' title='bbox 2151 2929 2172 2969; x_wconf 74' lang='lat' dir='ltr'>a</span> <span class='ocrx_word' id='word_1_620' title='bbox 2201 2941 2412 2983; x_wconf 88' lang='lat' dir='ltr'>quoquam</span> 
     </span>
     <span class='ocr_line' id='line_1_102' title="bbox 1373 2985 2411 3049; baseline -0.005 -16"><span class='ocrx_word' id='word_1_621' title='bbox 1373 2991 1519 3049; x_wconf 89' lang='lat' dir='ltr'>quavis</span> <span class='ocrx_word' id='word_1_622' title='bbox 1537 2988 1786 3032; x_wconf 87' lang='lat' dir='ltr'>authoritate</span> <span class='ocrx_word' id='word_1_623' title='bbox 1809 2987 2010 3039; x_wconf 86' lang='lat' dir='ltr'>,scienter</span> <span class='ocrx_word' id='word_1_624' title='bbox 2032 3014 2046 3037; x_wconf 92' lang='lat'><strong>‚</strong></span> <span class='ocrx_word' id='word_1_625' title='bbox 2074 2985 2140 3028; x_wconf 86' lang='lat' dir='ltr'>vel</span> <span class='ocrx_word' id='word_1_626' title='bbox 2170 2985 2411 3040; x_wconf 83' lang='lat' dir='ltr'>ignoranter</span> 
     </span>
     <span class='ocr_line' id='line_1_103' title="bbox 1369 3044 2406 3104; baseline -0.01 -10"><span class='ocrx_word' id='word_1_627' title='bbox 1369 3049 1591 3104; x_wconf 88' lang='lat' dir='ltr'>contigerit</span> <span class='ocrx_word' id='word_1_628' title='bbox 1618 3048 1812 3090; x_wconf 78' lang='lat' dir='ltr'>attentari</span> <span class='ocrx_word' id='word_1_629' title='bbox 1830 3075 1841 3086; x_wconf 91' lang='lat'>.</span> <span class='ocrx_word' id='word_1_630' title='bbox 1859 3050 1954 3089; x_wconf 87' lang='lat' dir='ltr'>Non</span> <span class='ocrx_word' id='word_1_631' title='bbox 1970 3044 2221 3088; x_wconf 75' lang='lat' dir='ltr'>obstantibus</span> <span class='ocrx_word' id='word_1_632' title='bbox 2235 3044 2305 3086; x_wconf 85' lang='lat' dir='ltr'>fel.</span> <span class='ocrx_word' id='word_1_633' title='bbox 2319 3058 2406 3085; x_wconf 87' lang='lat' dir='ltr'>rec.</span> 
     </span>
     <span class='ocr_line' id='line_1_104' title="bbox 1371 3102 2406 3161; baseline -0.01 -8"><span class='ocrx_word' id='word_1_634' title='bbox 1371 3109 1483 3153; x_wconf 87' lang='lat' dir='ltr'>Pauli</span> <span class='ocrx_word' id='word_1_635' title='bbox 1518 3110 1663 3152; x_wconf 73' lang='lat' dir='ltr'>PP-ll.</span> <span class='ocrx_word' id='word_1_636' title='bbox 1691 3103 1991 3161; x_wconf 81' lang='lat' dir='ltr'>praedecelsoris</span> <span class='ocrx_word' id='word_1_637' title='bbox 2017 3103 2171 3153; x_wconf 80' lang='lat' dir='ltr'>nostri,</span> <span class='ocrx_word' id='word_1_638' title='bbox 2197 3102 2256 3144; x_wconf 88' lang='lat' dir='ltr'>de</span> <span class='ocrx_word' id='word_1_639' title='bbox 2283 3102 2406 3144; x_wconf 86' lang='lat' dir='ltr'>rebus</span> 
     </span>
     <span class='ocr_line' id='line_1_105' title="bbox 1371 3160 2413 3214; baseline -0.011 -4"><span class='ocrx_word' id='word_1_640' title='bbox 1371 3167 1558 3211; x_wconf 78' lang='lat' dir='ltr'>Ecclefiae</span> <span class='ocrx_word' id='word_1_641' title='bbox 1575 3180 1653 3207; x_wconf 90' lang='lat' dir='ltr'>non</span> <span class='ocrx_word' id='word_1_642' title='bbox 1670 3163 1894 3206; x_wconf 87' lang='lat' dir='ltr'>alienandis</span> <span class='ocrx_word' id='word_1_643' title='bbox 1913 3192 1926 3214; x_wconf 88' lang='lat'>,</span> <span class='ocrx_word' id='word_1_644' title='bbox 1954 3176 2001 3206; x_wconf 89' lang='lat' dir='ltr'>ac</span> <span class='ocrx_word' id='word_1_645' title='bbox 2029 3162 2115 3204; x_wconf 85' lang='lat' dir='ltr'>aliis</span> <span class='ocrx_word' id='word_1_646' title='bbox 2131 3160 2413 3203; x_wconf 79' lang='lat' dir='ltr'>Constitutio-</span> 
     </span>
     <span class='ocr_line' id='line_1_106' title="bbox 1369 3217 2404 3278; baseline -0.013 -7"><span class='ocrx_word' id='word_1_647' title='bbox 1369 3228 1512 3278; x_wconf 85' lang='lat' dir='ltr'>nibus,</span> <span class='ocrx_word' id='word_1_648' title='bbox 1549 3228 1587 3267; x_wconf 88' lang='lat'>&amp;</span> <span class='ocrx_word' id='word_1_649' title='bbox 1613 3222 1952 3266; x_wconf 69' lang='lat' dir='ltr'>Ordinationibus</span> <span class='ocrx_word' id='word_1_650' title='bbox 1980 3220 2254 3276; x_wconf 82' lang='lat' dir='ltr'>Apostolicis‚</span> <span class='ocrx_word' id='word_1_651' title='bbox 2280 3217 2404 3259; x_wconf 70' lang='lat' dir='ltr'>diffl-</span> 
     </span>
     <span class='ocr_line' id='line_1_107' title="bbox 1368 3276 2402 3343; baseline -0.008 -15"><span class='ocrx_word' id='word_1_652' title='bbox 1368 3300 1448 3343; x_wconf 89' lang='lat' dir='ltr'>que</span> <span class='ocrx_word' id='word_1_653' title='bbox 1463 3284 1633 3328; x_wconf 88' lang='lat' dir='ltr'>Ordinis</span> <span class='ocrx_word' id='word_1_654' title='bbox 1654 3282 1778 3325; x_wconf 86' lang='lat' dir='ltr'>etiam</span> <span class='ocrx_word' id='word_1_655' title='bbox 1794 3279 2025 3333; x_wconf 78' lang='lat' dir='ltr'>juramento</span> <span class='ocrx_word' id='word_1_656' title='bbox 2043 3307 2057 3330; x_wconf 89' lang='lat'>‚</span> <span class='ocrx_word' id='word_1_657' title='bbox 2084 3276 2402 3321; x_wconf 81' lang='lat' dir='ltr'>confirmatione</span> 
     </span>
     <span class='ocr_line' id='line_1_108' title="bbox 1366 3335 2404 3401; baseline -0.015 -12"><span class='ocrx_word' id='word_1_658' title='bbox 1366 3345 1625 3401; x_wconf 84' lang='lat' dir='ltr'>Apostolica,</span> <span class='ocrx_word' id='word_1_659' title='bbox 1648 3351 1718 3383; x_wconf 86' lang='lat' dir='ltr'>aut</span> <span class='ocrx_word' id='word_1_660' title='bbox 1746 3341 1886 3397; x_wconf 88' lang='lat' dir='ltr'>quavis</span> <span class='ocrx_word' id='word_1_661' title='bbox 1900 3341 1978 3383; x_wconf 89' lang='lat' dir='ltr'>alia</span> <span class='ocrx_word' id='word_1_662' title='bbox 2005 3335 2200 3379; x_wconf 84' lang='lat' dir='ltr'>firmitate</span> <span class='ocrx_word' id='word_1_663' title='bbox 2227 3335 2404 3379; x_wconf 79' lang='lat' dir='ltr'>robora-</span> 
     </span>
     <span class='ocr_line' id='line_1_109' title="bbox 1368 3392 2403 3451; baseline -0.011 -4"><span class='ocrx_word' id='word_1_664' title='bbox 1368 3405 1420 3447; x_wconf 85' lang='lat' dir='ltr'>tis</span> <span class='ocrx_word' id='word_1_665' title='bbox 1459 3402 1613 3447; x_wconf 85' lang='lat' dir='ltr'>statutis</span> <span class='ocrx_word' id='word_1_666' title='bbox 1629 3429 1643 3451; x_wconf 84' lang='lat'>,</span> <span class='ocrx_word' id='word_1_667' title='bbox 1667 3402 1707 3441; x_wconf 79' lang='grc' dir='ltr'>δι</span> <span class='ocrx_word' id='word_1_668' title='bbox 1742 3396 2097 3443; x_wconf 85' lang='lat' dir='ltr'>consuetudinibus</span> <span class='ocrx_word' id='word_1_669' title='bbox 2116 3424 2131 3446; x_wconf 96' lang='lat'>,</span> <span class='ocrx_word' id='word_1_670' title='bbox 2158 3392 2403 3450; x_wconf 73' lang='lat' dir='ltr'>caterisque</span> 
     </span>
     <span class='ocr_line' id='line_1_110' title="bbox 1364 3453 2400 3515; baseline -0.014 -8"><span class='ocrx_word' id='word_1_671' title='bbox 1364 3461 1580 3507; x_wconf 87' lang='lat' dir='ltr'>contrariis</span> <span class='ocrx_word' id='word_1_672' title='bbox 1606 3458 1927 3515; x_wconf 86' lang='lat' dir='ltr'>quibuscumque</span> <span class='ocrx_word' id='word_1_673' title='bbox 1942 3488 1953 3498; x_wconf 86' lang='lat'><strong>.</strong></span> <span class='ocrx_word' id='word_1_674' title='bbox 1971 3459 2117 3499; x_wconf 85' lang='lat' dir='ltr'>Datum</span> <span class='ocrx_word' id='word_1_675' title='bbox 2134 3453 2275 3494; x_wconf 80' lang='lat' dir='ltr'>Romae</span> <span class='ocrx_word' id='word_1_676' title='bbox 2288 3453 2400 3507; x_wconf 85' lang='lat' dir='ltr'>apud</span> 
     </span>
     <span class='ocr_line' id='line_1_111' title="bbox 1365 3512 2407 3567; baseline -0.012 -1"><span class='ocrx_word' id='word_1_677' title='bbox 1365 3526 1407 3567; x_wconf 83' lang='lat' dir='ltr'>S·</span> <span class='ocrx_word' id='word_1_678' title='bbox 1424 3524 1595 3564; x_wconf 84' lang='lat' dir='ltr'>Petrum</span> <span class='ocrx_word' id='word_1_679' title='bbox 1609 3517 1678 3561; x_wconf 90' lang='lat' dir='ltr'>sub</span> <span class='ocrx_word' id='word_1_680' title='bbox 1691 3517 1858 3562; x_wconf 81' lang='lat' dir='ltr'>Annulo</span> <span class='ocrx_word' id='word_1_681' title='bbox 1873 3513 2087 3558; x_wconf 88' lang='lat' dir='ltr'>Piscatoris</span> <span class='ocrx_word' id='word_1_682' title='bbox 2103 3512 2172 3553; x_wconf 67' lang='lat' dir='ltr'>dxc</span> <span class='ocrx_word' id='word_1_683' title='bbox 2185 3524 2281 3553; x_wconf 86' lang='lat' dir='ltr'>xxn.</span> <span class='ocrx_word' id='word_1_684' title='bbox 2298 3514 2407 3554; x_wconf 86' lang='lat' dir='ltr'>Mar·</span> 
     </span>
     <span class='ocr_line' id='line_1_112' title="bbox 1366 3568 2411 3624; baseline -0.008 -2"><span class='ocrx_word' id='word_1_685' title='bbox 1366 3580 1413 3622; x_wconf 85' lang='lat' dir='ltr'>tii</span> <span class='ocrx_word' id='word_1_686' title='bbox 1455 3596 1487 3624; x_wconf 81' lang='lat' dir='ltr'>M</span> <span class='ocrx_word' id='word_1_687' title='bbox 1504 3592 1703 3623; x_wconf 82' lang='lat' dir='ltr'>ocxxvr</span> <span class='ocrx_word' id='word_1_688' title='bbox 1721 3592 1754 3621; x_wconf 82' lang='grc' dir='ltr'>ι.</span> <span class='ocrx_word' id='word_1_689' title='bbox 1796 3572 2060 3619; x_wconf 73' lang='lat' dir='ltr'>pontificatus</span> <span class='ocrx_word' id='word_1_690' title='bbox 2110 3568 2239 3613; x_wconf 82' lang='lat' dir='ltr'>nostri</span> <span class='ocrx_word' id='word_1_691' title='bbox 2281 3571 2411 3614; x_wconf 85' lang='lat' dir='ltr'>Anno</span> 
     </span>
    </p>
   </div>
   <div class='ocr_carea' id='block_1_9' title="bbox 1367 3641 1557 3700">
    <p class='ocr_par' dir='ltr' id='par_1_22' title="bbox 1367 3641 1557 3700">
     <span class='ocr_line' id='line_1_113' title="bbox 1367 3641 1557 3700; baseline -0.005 -18"><span class='ocrx_word' id='word_1_692' title='bbox 1367 3641 1532 3700; x_wconf 85' lang='lat' dir='ltr'>Qarto</span> <span class='ocrx_word' id='word_1_693' title='bbox 1545 3669 1557 3681; x_wconf 86' lang='lat'><strong>.</strong></span> 
     </span>
    </p>
   </div>
   <div class='ocr_carea' id='block_1_10' title="bbox 2027 3688 2288 3741">
    <p class='ocr_par' dir='ltr' id='par_1_23' title="bbox 2027 3688 2288 3741">
     <span class='ocr_line' id='line_1_114' title="bbox 2027 3688 2288 3741; baseline -0.015 -8"><span class='ocrx_word' id='word_1_694' title='bbox 2027 3690 2075 3733; x_wconf 87' lang='lat' dir='ltr'>F.</span> <span class='ocrx_word' id='word_1_695' title='bbox 2093 3688 2259 3741; x_wconf 71' lang='lat' dir='ltr'>Rentius</span> <span class='ocrx_word' id='word_1_696' title='bbox 2275 3716 2288 3729; x_wconf 89' lang='lat'>.</span> 
     </span>
    </p>
   </div>
   <div class='ocr_carea' id='block_1_11' title="bbox 1428 3807 2345 3913">
    <p class='ocr_par' dir='ltr' id='par_1_24' title="bbox 1428 3807 2345 3913">
     <span class='ocr_line' id='line_1_115' title="bbox 1428 3807 2345 3913; baseline -0.014 -55"><span class='ocrx_word' id='word_1_697' title='bbox 1428 3817 1550 3858; x_wconf 81' lang='lat' dir='ltr'>Breve</span> <span class='ocrx_word' id='word_1_698' title='bbox 1552 3812 1835 3913; x_wconf 60' lang='lat' dir='ltr'>formatumlg</span> <span class='ocrx_word' id='word_1_699' title='bbox 1858 3807 1974 3852; x_wconf 65' lang='lat' dir='ltr'><em>Ancb.</em></span> <span class='ocrx_word' id='word_1_700' title='bbox 1995 3808 2205 3851; x_wconf 62' lang='lat' dir='ltr'>Provincia·</span> <span class='ocrx_word' id='word_1_701' title='bbox 2213 3807 2345 3907; x_wconf 50' lang='grc' dir='ltr'>51ζῖἴῶ</span> 
     </span>
     <span class='ocr_line' id='line_1_116' title="bbox 1815 3878 2253 3911; baseline -0.016 1"><span class='ocrx_word' id='word_1_702' title='bbox 1815 3887 1826 3896; x_wconf 82' lang='grc'>·</span> <span class='ocrx_word' id='word_1_703' title='bbox 1864 3882 1886 3911; x_wconf 80' lang='lat'><em>2</em></span> <span class='ocrx_word' id='word_1_704' title='bbox 2245 3878 2253 3905; x_wconf 90' lang='lat'>1</span> 
     </span>
    </p>
   </div>
  </div>
 </body>
</html>
