2774 4068
1090 185 1168 275 S.
1210 184 1298 273 P.
1339 187 1867 304 Francesci.
2297 228 2459 313 107

396 310 466 350 ἃς
494 307 631 352 0121ae
655 305 695 350 in
723 298 928 367 claustro,
953 297 1073 343 cellis
1089 331 1103 354 ‚
1127 304 1392 358 campanellis
1407 332 1423 356 ,
1483 307 1594 349 dieto
1621 306 1867 349 monasterio
1888 304 2123 354 introdut‘tae
2154 314 2305 360 fuerint
2321 346 2335 368 ,
2359 330 2404 360 ut
2428 334 2516 363 om-

393 368 436 411 &
457 365 634 411 τάξει-ἥ,
667 357 895 407 neeeffariis
923 371 998 413 pro
1032 374 1109 402 una
1127 360 1365 414 Abbatiisa,
1383 365 1424 407 δι
1483 365 1629 415 nibus,
1664 365 1706 406 δι
1731 364 1893 421 fingulis
1932 364 2223 424 indulgentiis,
2257 377 2487 434 privilegiis

398 426 644 471 Monialibus
667 417 849 479 ejusdem
863 417 1029 460 Ordinis
1044 419 1141 460 inibi
1164 420 1429 463 introducen·
1490 420 1754 466 facultatibus
1769 451 1783 472 ‚
1805 422 2063 467 libertatibus
2079 453 2092 474 ,
2111 429 2432 479 immunitatibus
2446 464 2460 484 ‚
2475 409 2517 479 a}

394 486 459 529 dis
474 514 489 538 ,
513 481 686 527 construi
699 505 713 528 ‚
736 474 979 542 &edificari
1001 474 1233 519 faciendi&
1248 505 1264 529 ,
1281 478 1305 518 fi
1334 479 1428 520 Tibi
1489 481 1845 537 exemptionibus,
1869 479 2017 537 quibus
2040 482 2118 524 alia
2133 486 2226 528 dieti
2241 491 2407 535 Ordinis
2425 499 2517 538 Mo.

393 542 634 590 videbitur,
662 536 685 579 ἰ
711 536 898 592 primeva
923 534 1032 580 illius
1057 536 1266 578 erectione
1294 536 1427 580 Abba—
1490 538 1659 580 nasteria
1685 537 1738 581 de
1762 539 1881 596 jure,
1902 538 2151 595 privilegio,
2181 550 2453 600 concessione,
2474 556 2515 597 δι

391 601 547 651 tiffam,
570 599 612 640 ἀ
628 595 830 643 Moniales
855 607 930 652 per
943 595 1006 636 Te
1022 623 1038 644 ,
1065 592 1135 636 seu
1165 595 1329 637 Fratres
1346 598 1426 638 Or-
1486 595 1678 646 indulto,
1706 611 1751 639 ac
1776 598 1874 642 alias
1890 598 2204 654 quomodolibet
2226 612 2419 660 utuntur,
2437 626 2514 666 po.

391 659 495 709 dinis
520 656 728 700 Minorum
755 654 1058 712 Capucinorum
1089 653 1128 695 in
1165 652 1272 694 dina
1309 656 1423 699 Civi·
1482 653 1645 696 tiuntur
1658 683 1674 704 ,
1705 656 1746 697 δι
1768 656 1946 713 gaudent
1962 684 1978 708 ,
2002 658 2071 699 seu
2096 659 2178 710 uti,
2195 662 2347 715 potiri,
2368 666 2404 707 ει
2419 682 2513 722 ἕω.

390 727 481 765 tate
519 723 853 763 commorantes,
881 712 1092 770 eligendas
1109 740 1124 764 ,
1155 724 1202 755 ac
1233 712 1422 756 introdu-
1481 711 1583 754 dere
1610 722 1807 768 poterunt
1834 715 2149 771 quomodolibet
2177 719 2217 761 in
2234 716 2416 766 futurum
2436 727 2512 776 ,fi-

390 777 546 822 cendas
560 772 659 817 inibi
683 772 908 830 recipiendi
926 799 941 824 ,
966 771 1127 828 plenam
1147 796 1163 821 ,
1186 782 1231 812 ac
1248 770 1420 816 liberam

385 834 681 880 auctoritatem
692 861 707 884 ,
718 833 914 876 &tenore
933 828 1207 888 presentium,
1221 831 1418 875 concedi·

384 908 475 940 mus
492 892 736 936 facultatem
749 919 765 944 ,
779 905 824 935 ac
838 891 974 935 locum
989 888 1204 936 Ecclefiae‚
1232 889 1299 931 seu
1315 892 1419 934 Ora-

384 954 484 999 torii
508 950 760 1008 hujusmodi,
790 952 828 993 &
854 950 1010 994 circum
1033 949 1145 993 circa
1162 976 1176 1000 ,
1194 958 1315 1003 prout
1345 947 1417 991 de.

383 1015 563 1070 lignatus
592 1010 676 1062 est,
702 1011 743 1054 δι
768 1010 822 1053 ad
840 1008 988 1052 di&am
1018 1004 1416 1051 confraternitatem

386 1070 595 1129 spestabat
607 1099 623 1123 ,
642 1067 777 1113 eidem
799 1067 1050 1112 Monasterio
1061 1065 1260 1121 erigendo
1275 1081 1417 1123 perpe-

384 1135 464 1177 tuo
484 1130 767 1187 applicamus,
795 1124 1003 1185 ipsumque
1034 1124 1322 1168 Monasterium
1338 1154 1352 1178 ,
1371 1127 1410 1167 &

382 1205 463 1249 pro
479 1199 668 1244 tempore
697 1185 919 1231 existentes
937 1183 1046 1228 illius
1071 1184 1348 1235 Abbatissam,
1372 1186 1413 1229 δι

378 1248 581 1295 Moniales
596 1276 610 1299 ,
638 1244 771 1304 quoad
788 1245 948 1295 omnia,
968 1245 1008 1290 δι
1025 1242 1178 1300 fingula
1194 1271 1209 1294 ,
1224 1242 1410 1297 spiritua—

378 1307 544 1352 litatem
570 1308 1040 1357 concernentia,curae,
1066 1302 1295 1357 gubernio,
1320 1303 1409 1344 vifi-

376 1367 556 1416 tationi,
591 1364 834 1407 correctioni
861 1363 1086 1406 eorundem
1119 1362 1306 1404 Fratrum
1333 1363 1411 1404 Or-

380 1426 491 1471 dinis
524 1427 713 1469 Fratrum
744 1425 950 1467 Minorum
971 1421 1274 1477 Capucinorum
1309 1435 1410 1476 prse-

375 1485 578 1530 distorum
595 1513 611 1535 ,
633 1497 708 1540 pro
731 1493 918 1540 tempore
932 1482 972 1524 in
984 1479 1170 1525 Civitate
1194 1478 1380 1537 praedifla
1394 1508 1410 1532 ,

375 1545 451 1588 seu
487 1541 667 1588 Dioeceii
698 1541 874 1586 Perufin.
902 1540 1144 1596 degentium
1177 1567 1193 1591 ,
1230 1541 1300 1596 qui
1331 1539 1407 1582 sta-

379 1613 496 1651 tuta,
524 1604 566 1645 δι
588 1598 870 1644 ordinationes
898 1600 1007 1642 circa
1035 1596 1261 1654 hujusmodi
1289 1596 1405 1654 spiri·

376 1662 648 1710 (ualitatem,
676 1662 716 1702 &
736 1659 983 1716 gubernium
1013 1656 1223 1713 spirituale
1248 1654 1405 1709 facere,

376 1720 562 1764 condere
574 1748 588 1772 ,
602 1721 644 1762 δε
657 1719 850 1762 ordinare
864 1745 880 1768 ,
895 1730 941 1758 ac
958 1715 1032 1759 alia
1047 1716 1268 1758 immutare
1279 1743 1294 1766 ,
1310 1730 1407 1758 cor-

374 1779 513 1836 rigere
539 1805 554 1827 ,
591 1777 753 1821 variare
778 1805 794 1829 ,
830 1778 868 1819 δι
893 1774 1048 1818 addere
1075 1773 1241 1831 pumat,
1269 1775 1310 1815 δι
1338 1788 1407 1817 va-

372 1838 515 1886 leant,
542 1846 665 1894 prout
691 1835 749 1879 eis
774 1834 919 1880 melius
948 1833 1179 1884 videbitur,
1206 1834 1245 1875 &
1270 1833 1407 1889 place·

375 1899 437 1942 bit
456 1925 471 1949 ,
497 1911 582 1955 quae
610 1911 660 1939 ex
689 1909 824 1948 nunc,
854 1904 975 1950 prout
1000 1907 1052 1936 ex
1076 1893 1257 1943 tunc,&
1280 1906 1404 1938 econ—

374 1967 442 2000 tra
457 1985 469 2008 ,
500 1970 592 1999 cum
608 1954 708 2000 facta
724 1954 876 1998 suerint
891 1983 908 2005 ,
929 1953 1034 1996 dicta
1052 1951 1293 1998 austoritate
1310 1979 1325 2003 ,
1339 1964 1407 2007 ap·

369 2017 547 2074 probata
576 2012 656 2058 eise
677 2014 947 2065 censeantur,
977 2014 1077 2071 Qo
1090 2011 1199 2056 vero
1224 2010 1273 2053 ad
1301 2019 1405 2052 tem·-

370 2074 557 2132 poralia,
587 2075 628 2118 δι
660 2075 794 2126 bona,
821 2087 867 2115 ac
905 2072 1145 2126 gubernium
1173 2069 1403 2125 temporale

369 2132 492 2191 ipfius
524 2133 756 2178 Monasterii
783 2133 1078 2175 concernentia
1106 2129 1265 2174 dilectis
1292 2128 1404 2172 Filiis

375 2191 587 2234 modernis
604 2219 619 2243 ,
632 2193 672 2234 δι
699 2205 773 2246 pro
795 2200 984 2245 tempore
1000 2188 1167 2232 existen.
1182 2187 1404 2239 Prioribus,

371 2251 414 2293 δι
436 2248 731 2294 Confratribus
770 2247 886 2291 didtae
913 2244 1312 2293 Confraternitatis,
1342 2259 1406 2291 se-

1477 769 1638 813 militer
1675 772 1765 824 uti,
1794 773 1947 828 potiri,
1984 774 2025 816 &
2062 775 2243 830 gaudere
2269 778 2441 834 poffint,
2471 786 2511 827 δι

1478 828 1667 881 valeant,
1698 831 1989 878 concedimus,
2020 834 2061 874 &
2097 834 2387 891 indulgemus:
2434 855 2508 883 nec

1478 901 1559 931 non
1587 887 1739 931 dietum
1762 891 2050 934 Monasterium
2066 919 2081 944 ‚
2106 893 2293 952 illiusque
2323 896 2510 941 Abbati(-

1477 945 1562 989 sam
1576 975 1590 999 ,
1609 948 1651 991 δι
1677 948 1876 992 Moniales
1922 964 1967 993 ro
1981 959 2170 1007 tempore
2186 954 2354 996 existen.
2373 955 2506 1012 hujus

1478 1004 1618 1058 modi,
1642 1006 1693 1049 ab
1727 1009 1839 1050 omni
1880 965 2190 1064 irnperioritate,
2241 1013 2467 1058 visitatione
2493 1046 2509 1068 ,

1477 1066 1733 1109 correctione
1750 1095 1766 1117 ,
1792 1065 2096 1124 jurisdictione,
2123 1071 2164 1111 δι
2202 1073 2442 1126 punitione,
2471 1076 2511 1117 δι

1474 1125 1616 1181 quavis
1659 1123 1947 1181 superioritate
1980 1127 2267 1171 modernorum
2289 1156 2303 1178 a
2351 1132 2391 1172 &
2433 1145 2507 1186 pro

1474 1192 1662 1239 tempore
1690 1183 1860 1227 existen.
1892 1185 2113 1242 Episcopi,
2153 1189 2191 1230 &
2220 1190 2509 1246 Legatorum..0

1471 1242 1650 1285 Perufin.
1675 1243 1717 1284 δι
1743 1242 1910 1286 illorum
1937 1243 2186 1289 officialium
2213 1261 2508 1304 quorumcum-

1470 1315 1552 1355 que
1578 1302 1766 1358 penitus,
1797 1303 1838 1344 &
1865 1304 2034 1347 omnino
2060 1306 2301 1359 eximimus,
2328 1309 2365 1349 δι
2395 1318 2508 1351 tota-

1470 1359 1571 1402 liter
1600 1360 1848 1413 liberamus,
1879 1362 2168 1419 liberumque,
2195 1366 2236 1406 &
2263 1366 2414 1409 liberas
2441 1365 2505 1409 sa-

1469 1420 1630 1466 eimus‚
1656 1433 1703 1461 ac
1728 1417 1848 1471 fore,
1874 1422 1915 1462 δι
1941 1420 2050 1474 else,
2076 1423 2188 1466 &ita
2212 1439 2287 1480 per
2303 1425 2504 1482 quoscun-

1467 1492 1550 1579 βας
1569 1477 1767 1534 Judices‚
1805 1480 1948 1535 quavis
1976 1482 2218 1525 anaoritate
2262 1482 2504 1538 fungentes,

1487 1535 1626 1581 ublata
1651 1537 1712 1579 eis
1736 1538 1878 1594 quavis
1907 1539 2027 1582 aliter
2051 1538 2292 1597 judicandi,
2315 1543 2503 1587 &inter-

1465 1595 1656 1653 pretandi
1684 1594 1908 1648 facultate,
1944 1599 1985 1642 &
2016 1599 2261 1642 auctoritate
2292 1600 2496 1658 judicari,

1465 1657 1504 1697 &
1536 1653 1698 1698 definiri
1730 1655 1918 1706 debere,
1943 1671 1988 1699 ac
2013 1656 2209 1714 quidquid
2239 1657 2351 1704 secus
2379 1660 2499 1716 super

1469 1715 1531 1756 his
1544 1714 1569 1757 ὲ
1590 1727 1792 1771 quoquam
1808 1743 1822 1766 ,
1849 1716 1990 1771 quavis
2006 1719 2251 1760 auctoritate
2267 1747 2283 1771 ,
2298 1718 2500 1768 scienter,

1469 1772 1537 1815 vel
1565 1771 1806 1832 ignoranter
1823 1773 2045 1830 contigerit
2061 1776 2256 1819 attentari
2273 1806 2288 1829 ,
2310 1777 2472 1821 irritum
2486 1807 2501 1831 ,

1466 1833 1508 1874 δι
1524 1831 1670 1884 inane,
1694 1831 1981 1876 decernimus.
2013 1836 2108 1878 Non
2122 1834 2375 1880 obstantibus
2397 1852 2499 1894 prae-

1466 1890 1612 1942 miffis,
1649 1904 1696 1934 ac
1722 1891 1928 1948 quibusvis
1954 1893 2276 1949 Apostostolicis,
2319 1910 2390 1940 nec
2420 1910 2501 1940 non

1466 1950 1507 1992 in
1533 1949 1884 2002 Provincialibus,
1906 1953 1947 1993 &
1976 1952 2247 2007 synodalibus
2273 1955 2500 2009 Conciliis,

1465 2007 1587 2050 editis
1637 2011 1899 2063 generalibus
1925 2039 1939 2062 ,
1984 2011 2048 2054 vel
2091 2013 2331 2065 specialibus
2379 2017 2499 2057 Con-

1463 2066 1768 2119 stitutionibus,
1804 2070 1844 2109 δι
1867 2069 2230 2122 Ordinationibus,
2267 2074 2500 2129 ceterisque

1465 2125 1681 2169 contrariis
1693 2127 2009 2183 quibuscumque
2024 2156 2035 2167 .
2069 2130 2218 2169 Datum
2235 2131 2375 2173 Rome
2388 2132 2496 2186 apud

1465 2189 1507 2229 S.
1523 2187 1719 2238 Petrum,
1742 2186 1809 2228 sub
1832 2186 2002 2228 Annulo
2026 2185 2271 2236 Piscatoris,
2309 2188 2379 2231 die
2423 2204 2493 2233 xv.

1465 2245 1703 2288 Decembris
1734 2258 1925 2289 murrii.
1957 2244 2221 2289 Pontificatfis
2238 2247 2378 2292 Nostri
2399 2250 2494 2292 An-

371 2308 548 2364 speeiive
571 2308 858 2365 supponimus,
882 2307 923 2347 δι
957 2303 1225 2347 submittimus
1244 2332 1259 2355 ,
1291 2317 1404 2346 man·
1465 2316 1517 2345 no
1542 2314 1716 2358 quarto.

377 2365 526 2410 dantes
551 2369 592 2409 in
619 2368 770 2409 virtute
798 2362 1112 2411 &obedientiae
1139 2363 1290 2408 eisdem
1306 2363 1401 2407 Fra-

376 2426 537 2478 tribus,
561 2427 599 2468 &
637 2424 929 2482 Superioribus
961 2422 1126 2465 illorum
1154 2450 1168 2472 ,
1204 2431 1406 2477 quatenus

372 2485 456 2527 hoc
482 2498 613 2536 onus,
637 2485 675 2526 δι
700 2496 838 2525 curam
865 2479 1093 2537 hujusmodi
1118 2477 1406 2533 spiritualem-2

367 2543 612 2600 ssiscipiant,
638 2542 678 2584 in
702 2541 822 2599 seque
845 2537 1044 2595 suscipere
1059 2537 1237 2584 debeant
1252 2567 1266 2589 ,
1298 2536 1406 2593 ipsis-

367 2615 448 2659 que
475 2599 718 2654 Abbatiffae,
751 2602 793 2644 δε
823 2597 1098 2647 Monialibus,
1131 2596 1340 2656 postquam
1363 2597 1404 2639 in

1153 2715 1715 2781 NOTA.

362 2861 458 2951 R
472 2861 659 2900 Redundat
680 2860 717 2897 in
729 2858 878 2906 gloriam
890 2858 994 2907 hujus
1005 2855 1213 2896 Partanonis
1237 2866 1306 2891 non
1320 2852 1495 2891 modicam
1508 2875 1523 2898 ‚
1545 2852 1643 2900 quod
1654 2853 1777 2890 exilio
1794 2853 1969 2891 Moniales
1991 2854 2037 2891 ad
2050 2853 2253 2894 instituenda
2265 2857 2333 2895 alia
2345 2858 2397 2895 Ca
2427 2858 2482 2896 uei

473 2907 818 2950 narumMonasteria
839 2906 1128 2945 fixerintselec‘tn.
1158 2903 1292 2942 Habuit
1303 2905 1391 2940 hane
1418 2901 1543 2938 fortem
1558 2901 1671 2948 primo
1698 2901 1944 2939 Monasterium
1958 2903 2183 2942 Recioetense
2196 2929 2211 2949 ,
2233 2906 2333 2943 euius
2348 2907 2385 2944 ln
2416 2908 2484 2944 itu·

363 2958 465 2995 trices
483 2958 660 2995 moniales
674 2954 852 2994 Perusinas
865 2954 976 2997 fuisse.
984 2955 1126 3002 sequens
1134 2955 1246 2992 Sacra
1259 2949 1559 3000 congregationis
1571 2949 1680 2997 Epist.
1693 2975 1704 2992 ,
1728 2949 1763 2986 8<
1779 2950 1912 2998 Regni.
1923 2952 2128 2999 comprobat
2142 2953 2289 3000 epistola
2302 2979 2316 2999 ‚
2345 2954 2482 3003 Episco.

365 3017 418 3055 po
431 3005 595 3043 Perufino
618 3005 778 3052 inscripta
790 3027 806 3048 ,
831 3004 866 3040 ἃ
884 3003 920 3039 in
932 3003 1074 3041 latinum
1089 3001 1246 3039 tradusta
1258 3027 1269 3038 .
1591 3029 1593 3034 χ

465 3053 594 3105 Illaflri
616 3065 677 3092 rme
691 3053 736 3096 ὁ·
747 3050 951 3089 Reversus·
971 3062 1035 3088 rue
1045 3051 1205 3088 ‘Domine
1217 3051 1274 3088 uti
1286 3048 1411 3088 Frater
1425 3074 1436 3086 .
1451 3048 1551 3104 ‚Cim
1574 3046 1613 3082 in
1628 3045 1788 3084 civitate
1802 3044 2015 3097 Retinereufi
2022 3046 2267 3107 musterium
2281 3050 2482 3099 Capacina.

360 3115 440 3142 rum
453 3104 499 3153 fie
522 3116 579 3141 ere
609 3115 694 3147 un,
716 3101 804 3138 duas
817 3099 940 3138 Mania
972 3111 987 3135 r
1010 3099 1119 3137 Mona
1145 3099 1213 3134 erii
1237 3097 1404 3148 Perusini
1428 3108 1446 3133 e
1461 3095 1572 3145 usdem
1586 3094 1737 3131 Ordinis
1765 3092 1848 3132 illuc
1863 3093 2019 3144 ablegari
2033 3095 2284 3148 ,βαι-κακῷ,
2333 3108 2478 3146 uateuus

359 3164 488 3190 novam
509 3152 604 3190 iliani
617 3151 804 3193 Plantam,
828 3149 868 3185 in
881 3147 996 3185 exafla
1009 3146 1109 3194 Regu
1166 3145 1385 3195 observantia
1444 3143 1572 3181 onialer
1593 3142 1788 3193 instruendo
1800 3167 1814 3188 ,
1838 3154 1964 3191 regant
1986 3144 2031 3186 ὰ
2065 3146 2236 3184 ubernent
2249 3173 2259 3190 ‚
2282 3111 2385 3196 ujqne
2397 3147 2479 3184 duna

357 3201 455 3239 inter
483 3202 543 3238 bar
557 3200 739 3249 Perfinae,
766 3196 943 3247 adOfficia
967 3194 1218 3245 principaliora
1243 3194 1371 3232 habiles
1382 3193 1627 3242 reperiantur.
1653 3193 1800 3240 Satager
1819 3193 1923 3240 proin
1936 3192 2028 3242 Amp
2042 3193 2085 3231 it.
2113 3193 2190 3232 Tua
2212 3194 2297 3231 duas
2318 3203 2479 3278 effac-et,

364 3249 410 3292 ὁ·
432 3250 682 3299 consentientes
708 3246 753 3285 eli
776 3258 833 3284 ere
858 3243 1061 3289 maiales
1074 3266 1088 3288 ‚
1124 3244 1168 3287 &-
1188 3242 1230 3280 de
1250 3243 1344 3280 modo
1357 3267 1370 3286 ,
1396 3242 1439 3283 ὼ·
1458 3250 1604 3290 tempore
1626 3251 1743 3277 earum
1768 3240 2011 3278 translationis
2045 3253 2120 3281 cuni
2146 3242 2302 3292 Episcopo
2368 3243 2483 3281 nine.-

361 3298 447 3337 tensi
471 3300 656 3336 convenire
670 3324 680 3334 .
706 3297 743 3334 A
769 3304 933 3332 vertatur
956 3303 1070 3331 autem
1083 3315 1093 3331 .
1116 3289 1310 3330 utiliorum
1332 3286 1487 3341 disceffur
1510 3298 1615 3339 rampe
1645 3288 1702 3325 iv?
1727 3312 1742 3334 ,
1778 3289 1823 3332 ὰ
1839 3289 1911 3339 sub
1932 3288 2063 3376 hunssa
2076 3292 2248 3330 societate
2261 3290 2477 3335 pannum·

355 3356 424 3384 aar
445 3347 486 3384 in
497 3348 615 3385 borum
629 3344 758 3396 deseiiu
774 3367 787 3387 ‚
810 3342 1038 3392 Personarum
1055 3342 1195 3390 piarum
1212 3339 1383 3390 fiqnatur
1395 3362 1410 3385 ,
1429 3339 1477 3382 ὼ·
1490 3349 1557 3375 non
1570 3350 1591 3374 a
1632 3336 1797 3387 Hospitio
1809 3361 1822 3384 ‚
1836 3337 1901 3389 sed
1911 3337 1958 3375 ad
1971 3350 1997 3377 α
2022 3350 2071 3385 er,
2082 3349 2162 3377 ante
2173 3340 2242 3377 im·
2252 3337 2475 3390 defignandas

366 3393 551 3436 divertant
562 3422 574 3435 .
599 3396 654 3435 Ita
666 3396 742 3439 &1:-
755 3392 870 3431 Romae
886 3402 921 3429 2.
934 3391 1068 3429 Martii
1085 3403 1095 3427 ι
1104 3401 1188 3438 59⁴·

655 3491 710 3532 Ex
721 3490 810 3542 Reg.
824 3490 958 3530 Secree·
980 3486 1146 3537 S-Cong.
1159 3488 1272 3532 anui,
1294 3487 1338 3531 ὁ·
1361 3486 1464 3536 mensi
1472 3486 1581 3536 pred.
1593 3483 1657 3535 fol.
1673 3492 1729 3534 57.

1521 2483 1646 2581 Βνῖᾲε
1657 2476 1832 2538 format.
1860 2477 1905 2525 in
1937 2481 2060 2525 Arcb.
2086 2484 2305 2527 Conventus
2330 2485 2491 2528 Mania-

1596 2551 1705 2583 mm.

458 3593 573 3631 Debet
596 3593 633 3631 ἃ
658 3592 773 3630 eidem
798 3589 958 3627 Perulino
982 3585 1194 3625 Monasterio
1208 3582 1395 3631 Regularis
1426 3582 1492 3620 sue
1517 3583 1598 3621 vitai
1619 3582 1813 3625 rudimenta
1845 3583 1976 3621 celebre
2011 3582 2051 3621 S.
2074 3583 2243 3622 Praxedia
2263 3581 2477 3623 cenobium

364 3637 573 3686 Mediolani,
588 3645 608 3678 a
622 3647 657 3681 s.
672 3641 808 3678 Carolo
822 3640 1014 3677 Borremeo
1025 3635 1222 3675 institutum
1230 3656 1246 3680 ‚
1269 3633 1312 3671 ad
1331 3630 1432 3681 quod
1442 3630 1691 3671 informandum
1703 3642 1740 3680 4,
1755 3632 1930 3671 Moniales
1945 3631 2071 3680 vigore
2088 3631 2260 3681 sequenti,
2275 3634 2473 3682 Apostoliei

362 3687 492 3726 Brevia
505 3690 673 3738 ablegare
687 3689 783 3728 suere
794 3711 806 3725 .

553 3747 578 3775 x

1685 3829 1725 3863 0
1747 3835 1770 3866 a
2300 3827 2417 3868 GRH·

463 3831 556 3872 Tam.
571 3832 618 3875 11.
