2762 4030
382 188 497 273 70

1103 326 1331 391 ΝΟ

1115 146 1687 235 ..Provincia

1426 325 1681 391 TA.

326 490 423 530 Cum
450 485 593 529 Domus·
619 486 662 523 de
677 483 776 522 Vrbe
792 478 967 529 ,succefl‘u
989 477 1184 528 temporis,
1208 475 1429 525 appositione
1452 475 1630 514 variorum
1656 476 1890 516 membrorum
1914 503 1928 524 ‚
1952 479 2136 518 hortorum
2160 502 2174 524 ,
2198 480 2375 519 Cellarum
2397 482 2465 519 ἃς.

323 531 327 537 ι
371 541 443 580 fine
456 535 754 577 Excellentillimae
766 530 917 571 Familiae
942 528 1136 567 Barberinae
1149 526 1319 564 concursu
1342 525 1447 563 suerit
1471 526 1641 574 adausta,
1668 527 1934 575 prohibitionem
1956 529 2056 578 supra
2078 531 2223 578 politam
2235 530 2280 565 ad
2294 542 2335 565 ea
2361 530 2468 567 dum.

371 599 493 634 taxat,
516 599 594 637 quae
606 586 710 632 hujus
724 581 877 621 Familiae
903 578 1074 627 stipendio
1086 575 1262 616 exsti-ufta
1275 601 1290 622 ,
1315 577 1374 613 vel
1399 586 1514 624 empta
1529 576 1605 613 sunt
1618 601 1632 622 ,
1655 575 1910 625 consequenter
1924 578 2195 624 restringendam
2210 577 2273 614 esse
2289 589 2440 615 autumo
2459 605 2471 616 .

309 665 311 667 ·
366 640 488 678 Debet
498 647 614 676 autem
627 633 764 682 perenni
776 630 941 668 memoria
951 625 1189 666 commendari
1200 624 1369 673 generosa
1382 625 1572 662 liberalitas
1583 649 1596 666 ,
1623 638 1691 673 qua
1703 625 1842 664 altefata
1856 627 1998 664 Familia
2010 638 2080 665 tam
2093 639 2155 675 pro
2169 628 2297 665 decore
2316 652 2330 672 ,
2354 629 2466 677 quim

368 687 556 727 commodo
577 684 682 733 hujus
696 680 835 720 Domus
850 678 1022 733 prodigos
1045 674 1215 727 expendit
1228 675 1411 724 sumptuS,
1436 673 1582 724 &cujus
1610 675 1730 713 testem
1756 675 1916 725 reliquit,
1942 678 2111 715 votivum
2127 677 2304 727 lapidem,
2326 676 2364 714 in
2378 679 2460 716 fun-

366 736 537 777 damentis
549 762 561 781 ‚
575 744 656 772 cum
679 732 743 771 hac
754 729 980 777 inscriptione
993 752 1003 764 .

506 827 1352 891 URBANUS

1499 826 1535 874 P
1622 828 1671 876 A
1758 827 1794 875 P
1885 827 1932 875 A
2077 829 2277 876 VIII.

415 954 489 994 OC
494 950 640 1004 pietatis
665 948 705 986 'tn
716 945 855 993 Deum,
881 945 1029 988 amoris,
1055 945 1100 989 ὼ·
1123 942 1349 995 observantiae
1372 952 1455 989 erga
1477 942 1614 1000 phristi
1638 941 1823 993 ‘Pauperer
1837 940 2035 991 Religionis
2057 945 2098 982 S.
2113 941 2292 992 Francisci
2305 946 2470 996 Capacis

313 955 415 1048 H
441 1013 563 1040 norum
574 999 717 1038 Fratres
733 993 905 1046 lapideum
919 1005 1174 1033 monumentum
1185 1018 1198 1038 ‚
1211 994 1250 1029 in
1259 991 1503 1041 fundamentis
1516 992 1659 1042 Ecclefiae
1673 991 1901 1031 Immaculata
1912 993 2072 1043 Deiparae
2085 994 2197 1031 Conce
2221 995 2327 1031 tt'om's
2368 997 2474 1034 Sum·

310 1058 436 1110 pti‘bus
459 1050 627 1102 generosis
653 1044 875 1098 Illuflrt‘ffimae
911 1045 1185 1082 Barberi‘norum
1212 1039 1363 1080 Famili‘ae
1399 1038 1514 1089 opifice
1550 1040 1799 1092 construendos,
1825 1040 1947 1080 devoti}
1981 1042 2136 1092 apposuit
2207 1053 2274 1079 nno
2304 1043 2461 1081 ‘Domini

318 1097 575 1146 M‘DCXXV
572 1101 599 1137 1.
614 1095 845 1144 Pontificatur
862 1095 924 1145 sui
947 1102 1080 1143 quarto
1091 1119 1103 1130 .

419 1148 482 1191 Ne
511 1160 648 1199 quoque
688 1145 784 1184 ‹Ara
819 1154 944 1193 magna
969 1141 1117 1191 Ecclefiae
1130 1166 1143 1185 ,
1168 1139 1268 1189 cujus
1292 1137 1454 1190 Maiestas
1476 1139 1618 1189 solitam
1643 1140 1900 1190 Capacinorum
1914 1149 2155 1192 paupertatem
2179 1139 2278 1190 longe
2303 1141 2441 1179 excedit
2457 1167 2471 1187 ‚

321 1199 521 1254 pusillorum
534 1195 722 1248 offenderet
736 1192 847 1233 oculos
860 1217 874 1239 ,
902 1190 998 1229 illam
1020 1189 1220 1242 Pontifict'd
1231 1189 1299 1239 suci
1321 1186 1503 1228 voluntate
1517 1216 1526 1233 ,
1551 1191 1594 1233 &¹
1610 1189 1825 1229 liberalitate
1844 1191 1902 1231 ita
1916 1190 2100 1241 confestam
2123 1187 2184 1242 effe
2197 1214 2210 1237 ,
2235 1189 2330 1241 affixo
2354 1190 2472 1229 decla,

1044 1290 1247 1343 Urbanus
1274 1286 1408 1342 VIII.
1444 1291 1570 1342 Pont.
1589 1292 1697 1360 Ope.
1716 1289 1854 1358 Max.

419 1415 561 1459 Mlem
591 1411 788 1462 Ponti'fici'ae
815 1410 1020 1452 Charftaffl
1032 1409 1338 1460 Magnificentiam
1371 1409 1561 1463 capuctnoe
1582 1410 1811 1462 Paupereaits
1837 1410 2010 1452 limitibus
2031 1411 2186 1449 coerceri
2215 1410 2226 1454 ‘,
2249 1409 2380 1449 viram
2391 1421 2465 1448 ma·

327 1251 432 1302 gavit
452 1248 512 1286 boc
536 1253 752 1285 monumento
764 1268 776 1281 .

533 1466 662 1504 acimum
686 1461 837 1500 ornavit
849 1489 858 1500 .

341 1578 2463 1603 ffl———m———ss——h———n—W*

320 1691 602 1751 *Conventus
618 1687 842 1738 Civitatis
857 1685 1144 1746 Castellanae,
1159 1685 1207 1739 δε
1217 1691 1371 1740 Terrae

396 1760 542 1809 Nemi
571 1757 630 1808 ad
653 1760 1039 1826 opportuniorem
1058 1756 1202 1809 fitum
1227 1773 1372 1809 trans-

393 1827 503 1880 ferri
515 1867 530 1888 ,
542 1827 651 1879 fitus
664 1828 867 1880 dimissos
878 1866 895 1890 ,
913 1829 962 1882 ὃς
985 1830 1239 1880 materialia
1249 1833 1371 1881 Con-

395 1906 625 1952 vent'uum
657 1900 993 1952 demolitorum
1024 1903 1126 1971 plus
1143 1898 1373 1952 offerenti-

395 1970 482 2022 bus
527 1970 698 2030 vendi,
733 1970 783 2023 ὅ(
818 1975 1017 2041 pretium
1048 1973 1212 2022 exinde
1251 1972 1375 2022 reda-

394 2042 524 2092 stum
545 2043 593 2090 in
620 2058 855 2092 novarum
884 2048 1127 2093 Domuum
1154 2042 1376 2092 fabricam

398 2113 614 2163 converti
638 2111 885 2182 indulget,
912 2132 965 2163 ac
998 2115 1255 2165 committit
1272 2150 1284 2163 .

329 2231 372 2275 ‘A
401 2239 548 2287 tergo·
578 2229 739 2273 Dilebi'o
768 2231 875 2276 Filio
904 2233 1097 2276 Michaeli
1133 2234 1160 2276 a*
1188 2236 1378 2289 Bergamo

359 2291 518 2335 Ordinis
538 2292 736 2334 Fratrum
753 2293 960 2334 Minorum
988 2296 1019 2333 S
1019 2321 1030 2333 .
1048 2293 1349 2351 Franctfii'Ca-

425 2349 663 2406 pucinorum
688 2358 1002 2404 nuncupatorum
1029 2351 1268 2411 Profiffori:

331 2433 840 2497 *URBANUS
913 2435 1123 2485 PAPA
1198 2436 1379 2483 VIII.

399 2525 558 2572 Ditem
595 2525 681 2568 file
721 2526 902 2569 Salutem
924 2556 939 2578 ,
974 2527 1023 2576 δ’
1059 2524 1318 2584 Apostolt‘cam

682 2585 1000 2628 Benedfflionem
1016 2614 1028 2626 .

472 2688 586 2740 Uper
613 2698 686 2740 pro
713 2693 831 2740 parte
869 2683 1113 2728 dilee'torum
1143 2684 1381 2729 Filiorum-a

500 2744 764 2788 Provincialis
780 2773 795 2796 ‚
826 2744 867 2785 &
893 2746 1083 2788 Fratrum
1112 2744 1280 2788 Ordinis
1298 2745 1377 2788 Mi-

331 2819 480 2848 norum
511 2804 643 2847 Sancti
661 2803 862 2847 Francisci
890 2805 1199 2861 Capucinorum
1224 2817 1380 2848 nuncu-

330 2864 1028 2921 patorum‚ProvinciaeRomanae,
1061 2864 1193 2907 Nobis
1221 2862 1380 2919 expoli-

330 2934 416 2965 tum
434 2921 511 2966 fuit
525 2952 539 2974 ,
563 2922 675 2979 quod
703 2923 769 2975 ipfi
788 2925 985 2967 Civitatis
1002 2923 1265 2976 castellanae,
1287 2937 1382 2966 nec-

329 2995 410 3028 non
442 2985 585 3025 Terrae
614 2983 738 3025 Nemi
764 2982 1004 3026 Albanenfis
1051 2984 1278 3034 Dioecefis,
1313 2982 1383 3025 seu

329 3042 371 3086 in
400 3041 481 3084 alio
514 3041 708 3085 Dominio
739 3045 892 3086 Domos
930 3043 1146 3100 regulares
1175 3042 1270 3085 dieti
1303 3044 1382 3084 Or-

330 3101 438 3145 dinis
470 3101 508 3143 in
544 3101 672 3144 alium
700 3102 916 3145 meliorem
948 3102 1065 3154 situm
1094 3111 1284 3154 mutare,
1317 3116 1384 3144 ea-

334 3174 508 3215 rumque
533 3161 767 3213 Ecclelias,
799 3164 840 3204 &
869 3164 1113 3206 Conventus
1150 3160 1384 3212 demolire,

329 3233 490 3262 necnon
516 3221 720 3263 caementis
734 3248 748 3270 ‚
777 3223 818 3263 δε
832 3222 1110 3267 materialibus
1132 3221 1295 3265 illorum
1309 3252 1325 3274 ‚
1347 3221 1389 3264 in

328 3278 526 3322 fabricam
550 3293 748 3322 novarum
780 3283 1010 3325 Domorum
1025 3282 1325 3339 Regularium,
1350 3282 1391 3323 δε

329 3338 607 3383 Ecclefiarum
621 3338 791 3383 Ordinis
810 3340 1041 3397 hujusmodi
1055 3340 1381 3394 faciendani‚uti,

332 3397 508 3455 situsque
524 3414 598 3457 per
631 3401 669 3443 se
695 3399 968 3445 dimittendos
995 3401 1085 3458 plus
1116 3400 1382 3446 offerentibus

334 3459 548 3523 vendere,
580 3459 829 3517 illorumque
859 3462 1033 3517 pretium
1056 3461 1240 3506 similiter
1263 3462 1302 3504 in
1327 3462 1384 3505 fa-

336 3515 490 3559 bricam
536 3533 737 3563 novorum
782 3523 1076 3565 Conventuum
1117 3521 1172 3565 sui
1215 3521 1383 3567 Ordinis

337 3586 582 3640 convertere
593 3579 723 3635 posse,
739 3577 994 3636 summopere
1008 3581 1240 3625 defiderant
1254 3610 1265 3623 .
1290 3586 1383 3626 No-

338 3632 400 3675 bis
428 3646 643 3691 propterea
673 3640 885 3683 humiliter
912 3641 1131 3697 supplicari
1161 3641 1379 3697 fecerunt,

337 3702 382 3733 ut
401 3691 467 3759 sibi
496 3695 536 3759 in
568 3698 766 3751 praemissis
795 3699 1000 3758 oportune
1016 3699 1375 3757 providere‚de,

337 3751 594 3810 benignitate
611 3759 842 3813 Apostolica
861 3759 1125 3818 dignaremur
1140 3790 1151 3803 .
1184 3764 1272 3806 Nos
1300 3763 1376 3819 igi-

1433 1695 1501 1731 tur
1528 1687 1656 1731 dietus
1674 1687 1939 1741 Exponentes
1968 1681 2207 1739 specialibus
2236 1679 2476 1731 favoribus,

1429 1749 1470 1790 δι
1497 1746 1635 1802 gratiis
1661 1742 1850 1800 prosequi
1886 1741 2073 1785 volentes
2096 1768 2110 1790 ,
2140 1742 2180 1782 &
2210 1741 2234 1782 a
2271 1737 2476 1795 quibusvis

1431 1802 1862 1849 excommunicationis
1879 1832 1894 1853 ‚
1925 1798 2186 1857 suspensionis
2201 1826 2215 1849 ‚
2245 1798 2283 1838 &
2298 1795 2478 1840 interdi-

1432 1866 1512 1918 eti,
1544 1862 1711 1919 aliisque
1741 1860 2029 1905 Ecclefiasticis
2053 1856 2265 1902 sententiis
2284 1887 2300 1909 ,
2334 1853 2482 1899 censu-

1433 1926 1515 1977 ris,
1542 1925 1582 1966 δε
1598 1923 1731 1979 poenis
1760 1924 1784 1966 ὲ
1811 1921 1920 1979 jure,
1936 1919 2006 1964 vel
2029 1918 2080 1960 ab
2108 1917 2274 1959 homine
2297 1914 2472 1973 ,quavis

1435 1982 1679 2034 occasione,
1712 1981 1778 2023 vel
1817 1978 1932 2023 causa
1968 1978 2062 2022 latis
2088 2007 2101 2030 ,
2133 1978 2160 2018 si
2193 1976 2339 2032 quibus
2371 1987 2477 2030 quo-

1436 2042 1667 2088 modolibet
1680 2039 1866 2083 innodati
1891 2039 2092 2089 existunt,
2107 2035 2159 2078 ad
2173 2034 2359 2078 effeeium
2378 2046 2480 2089 prae-

1437 2102 1610 2146 sentium
1645 2098 1859 2142 dumtaxat
1893 2095 2256 2154 consequendum,
2291 2096 2480 2138 harum..-

1437 2162 1542 2205 serie
1560 2158 1820 2203 absolventes
1837 2187 1852 2208 ,
1879 2159 1917 2198 &
1946 2155 2151 2198 absolutos
2180 2153 2267 2197 fore
2301 2151 2478 2195 censen-

1439 2233 1531 2272 tes,
1574 2217 1803 2275 hujusmodi
1849 2215 2212 2272 supplicationibus
2253 2211 2482 2262 inclinati,

1439 2280 1535 2322 Tibi
1558 2291 1632 2334 per
1658 2274 1876 2332 praesentes
1892 2274 2186 2317 committimus
2202 2299 2217 2322 a
2242 2273 2283 2314 δε
2310 2270 2484 2313 manda-

1437 2352 1524 2382 mus
1539 2365 1554 2389 ,
1570 2343 1615 2379 ut
1634 2349 1707 2391 per
1724 2336 1788 2379 Te
1800 2364 1816 2386 ,
1845 2333 1913 2377 vel
1943 2332 2042 2376 alios
2062 2334 2085 2377 a
2101 2333 2166 2374 Te
2193 2328 2454 2386 deputandos
2467 2357 2485 2379 ,

1446 2395 1653 2453 praedietas
1678 2396 1832 2437 Domos
1870 2391 2139 2448 regularesin
2172 2389 2298 2433 alium
2338 2387 2483 2430 melio·-

1440 2469 1528 2497 rem
1556 2452 1674 2495 situm
1697 2460 1886 2502 mutare,
1913 2463 2135 2506 earumque
2164 2448 2367 2490 Ecclesias
2385 2476 2398 2498 ,
2441 2446 2482 2487 &

1440 2515 1686 2556 Conventus
1713 2507 1918 2552 demolire
1933 2536 1948 2560 ,
1963 2510 2004 2549 δε
2020 2506 2305 2550 materialibus
2329 2504 2481 2560 praedi-

1439 2573 1511 2614 &is
1537 2571 1576 2613 in
1597 2568 1791 2613 fabricam
1823 2570 2038 2612 Novarum
2062 2569 2289 2620 Domorum
2314 2562 2480 2626 regula-

1440 2633 1546 2675 rium
1561 2658 1573 2681 ,
1595 2631 1637 2671 &
1656 2627 1931 2671 Ecclefiarum
1946 2624 2112 2669 Ordinis
2136 2621 2365 2680 hujusmodi
2390 2620 2452 2664 uti
2465 2649 2482 2674 ‚

1439 2690 1643 2745 situsque,
1674 2695 1721 2730 ut
1750 2685 1908 2743 petitur
1931 2715 1947 2736 ,
1991 2684 2264 2728 dimittendos
2292 2681 2480 2732 ultimis,

1439 2753 1480 2794 δι
1499 2749 1589 2806 plus
1617 2745 1884 2790 offerentibus
1909 2744 2089 2788 vendere
2106 2773 2120 2796 ,
2146 2744 2183 2784 &
2208 2742 2376 2786 illorum
2393 2752 2483 2795 pre-

1443 2811 1546 2854 tium
1572 2808 1612 2850 in
1637 2805 1832 2849 fabricam
1861 2817 2063 2847 novorum
2080 2806 2382 2846 Conventuum
2400 2799 2478 2841 hu-

1442 2864 1608 2928 jusmodi
1637 2874 1886 2908 convertere
1914 2864 2077 2914 libere,
2115 2863 2156 2903 &
2193 2859 2308 2903 licite
2334 2856 2480 2916 postis,

1443 2931 1483 2971 &
1510 2927 1672 2971 valeas.
1706 2928 1803 2968 Non
1823 2923 2075 2967 obstantibus
2091 2918 2451 2964 constitutionibus
2466 2944 2481 2969 ,

1442 2991 1483 3031 δι
1506 2983 1835 3029 ordinationibus
1864 2981 2112 3039 Apostolicis
2126 3010 2143 3032 ‚
2175 2994 2221 3022 ac
2246 2978 2342 3022 dieii
2358 2976 2485 3019 Ordi-

1443 3048 1504 3091 nis
1524 3074 1537 3096 ,
1567 3047 1691 3088 etiam
1720 3043 1980 3100 juramento,
2015 3039 2330 3083 confirmatione
2367 3037 2483 3102 Apo-

1443 3105 1611 3156 stolica‚
1642 3103 1711 3146 vel
1740 3102 1819 3145 alia
1855 3102 1995 3158 quavis
2025 3100 2219 3143 firmitate
2240 3097 2478 3144 roboratis,

1449 3164 1606 3209 statutis
1622 3193 1636 3216 ‚
1655 3166 1695 3206 &
1711 3160 2074 3205 consuetudinibus
2086 3189 2102 3211 ,
2126 3154 2362 3212 caeterisque
2379 3168 2482 3197 con·

1449 3224 1587 3268 trariis
1616 3223 1965 3281 quibuscumque.
1999 3222 2153 3262 Datum
2198 3220 2338 3261 Romae
2376 3211 2482 3280 apud

1451 3287 1637 3330 Sane'tam
1662 3284 1840 3327 Mariam
1866 3279 2066 3336 Major-em
2101 3278 2172 3322 sub
2211 3273 2386 3338 Annulo.
2414 3273 2483 3312 Pi-

1443 3338 1610 3389 scatoris
1626 3372 1640 3396 ‚
1664 3342 1734 3385 die
1757 3340 1943 3399 xr-Junii
1970 3351 2238 3382 mncxxxvi.
2267 3329 2484 3378 Pontifica-

1446 3415 1511 3451 tus
1531 3402 1668 3449 Nostri
1698 3403 1824 3445 Anno
1848 3398 2144 3445 decimotertio
2159 3425 2171 3437 .

1968 3517 2027 3560 M.
2051 3517 2102 3560 A.
2126 3514 2338 3560 Maraldus
2351 3539 2366 3555 .

1500 3646 1627 3690 Auth.
1645 3649 1688 3690 in
1703 3642 1972 3691 Aah-secret.
1985 3636 2242 3695 Brev.Apost.
2258 3640 2350 3690 Reg.
2368 3647 2478 3676 meu-

1539 3705 1600 3764 sts
1615 3735 1629 3759 ,
1643 3707 1696 3758 &⁴
1707 3709 1804 3748 anm‘
1819 3702 1951 3759 praed.
1967 3698 2040 3755 fol.
2054 3711 2126 3753 43.
2143 3697 2188 3739 de
2211 3711 2287 3753 quo
2303 3699 2479 3738 Breve-s

1540 3763 1720 3827 format.
1734 3765 1779 3807 in
1789 3761 1912 3808 Arcb.
1931 3761 2145 3804 Provincia·
2160 3788 2171 3799 .
2291 3814 2298 3824 .

2258 3819 2390 3860 Situm
2407 3838 2422 3863 2
