2774 4068
944 202 1020 291 S.
1073 203 1163 292 P.
1206 204 1756 324 Francisci„

301 331 500 375 ventum,
529 323 570 365 δι
595 319 691 364 RR·
706 319 848 362 Patres
862 317 1100 372 Capucinos
1130 324 1212 366 loci
1242 326 1340 368 novi

295 383 493 426 Civitatis
521 377 677 437 Spoleti
693 401 710 428 2
734 372 938 431 ipliimque
962 377 1120 423 llli‘i'iam
1144 383 1342 424 commu-

300 441 475 484 nitatem
495 440 771 486 interveniam
790 434 842 475 ad
870 431 1075 478 defensam
1101 439 1344 483 eorumdem

299 496 694 555 PP.Capucinorum
720 491 949 548 appellatos
973 507 1025 536 ex
1051 509 1153 546 una,
1178 498 1218 538 δι
1237 499 1343 540 Ven.

299 561 563 603 Conventum
580 581 595 604 ,
614 552 655 592 δι
674 551 770 595 RR.
787 551 933 593 Patres
958 554 1001 595 S.
1018 555 1131 598 Lucae
1143 554 1258 597 distae
1272 558 1348 599 Ci-

301 615 439 661 vitatis
453 617 480 658 S
511 611 614 655 oleti
630 609 1089 668 appellantes,partibus
1110 627 1160 657 ex
1184 614 1315 658 altera
1330 643 1344 667 ,

298 676 381 729 de,
408 674 451 717 δι
494 685 596 727 uper
625 666 968 722 confirmatione,
1006 672 1072 715 vel
1097 671 1343 716 infirmatio-

297 748 350 779 ne
362 731 584 777 Sententia
599 729 639 770 in
658 729 786 785 prima
802 727 987 774 instantia
1001 745 1076 788 pei·
1093 731 1245 774 dictum
1264 734 1344 775 Do-

295 793 449 836 minum
475 788 688 833 vicarium
714 787 967 831 Generalem
1002 790 1093 832 latae
1115 820 1132 842 ,
1159 805 1236 847 qua
1260 805 1344 834 me-

294 851 438 895 diante
465 847 541 894 fuit
567 849 750 897 dietum,
777 847 893 890 dietis
925 849 1022 891 RR.
1038 850 1223 893 Patribus
1241 853 1343 893 San-

296 914 366 955 eta
393 911 511 954 Lucae
547 909 703 952 nullum
735 906 795 965 jus
817 934 832 958 ,
874 906 1109 965 nullamque
1137 910 1340 952 atilionem

294 965 546 1026 competiisse
562 997 577 1020 ‚
600 979 725 1024 atque
739 976 976 1021 competere
994 968 1112 1025 super
1126 968 1339 1012 arboribus

293 1028 556 1072 existentibus
586 1028 623 1070 in
653 1026 751 1069 locis
779 1022 1016 1080 specificatis
1046 1029 1086 1070 in
1114 1030 1260 1084 Mappa
1290 1027 1341 1070 li-

293 1089 396 1132 teris
423 1089 475 1131 V.
492 1089 543 1130 Χ.
560 1088 606 1129 t..
626 1086 674 1129 Τ.
704 1084 756 1128 ad
773 1082 958 1126 effectum
984 1085 1073 1130 illas
1102 1085 1340 1135 incidendi,

293 1146 362 1191 seu
390 1144 573 1190 incidere
597 1141 803 1194 faciendi,
833 1143 1033 1200 rebusque
1057 1145 1146 1189 aliis
1159 1147 1238 1188 διε.
1270 1144 1341 1188 fir·

294 1221 364 1250 mo
388 1214 654 1255 remanente,
685 1213 917 1260 exequatur
932 1203 1116 1247 Mandati
1143 1205 1197 1248 de
1223 1204 1340 1248 resti-

293 1262 451 1309 tuendo
473 1277 549 1321 per
562 1265 650 1307 Nos
679 1263 1025 1319 contemporaneis
1050 1263 1257 1317 relaxato,
1284 1263 1343 1307 di·-

291 1326 420 1368 cimus
431 1323 510 1365 &c-
542 1320 649 1366 male
665 1318 803 1372 fuisse,
834 1322 875 1365 δι
890 1319 970 1366 else
995 1323 1249 1380 appellatum
1267 1337 1342 1381 pei·

290 1382 446 1427 dietum
463 1384 569 1425 Ven.
586 1383 855 1424 Conventum
868 1409 884 1433 ,
911 1383 953 1425 δι
970 1385 1063 1426 RR.
1086 1386 1229 1427 Patres
1245 1386 1345 1426 san-

294 1442 348 1485 eti
379 1444 498 1486 Lucae
516 1443 760 1498 ,beneque‚
778 1439 878 1499 juste
895 1468 909 1491 ,
928 1442 1037 1492 εἰπὲ,
1060 1458 1104 1487 ac
1123 1442 1235 1486 reete
1248 1440 1339 1485 fuis-

290 1499 334 1544 se
350 1529 366 1553 ,
392 1501 434 1543 δι
458 1500 538 1544 else
564 1498 789 1556 judicatum
816 1498 839 1542 a
870 1499 980 1544 dieto
1000 1505 1051 1546 D.
1069 1503 1237 1546 Vicario
1249 1504 1337 1545 Ge·

291 1559 455 1612 nerali,
486 1574 532 1603 ac
558 1558 904 1615 proptereaissius
919 1563 1172 1605 Sententiam
1200 1558 1340 1615 fuisse,

291 1622 334 1662 δι
361 1617 441 1662 effe
468 1617 507 1661 in
531 1618 745 1670 omnibus,
775 1619 815 1660 &
840 1633 911 1674 pei·
938 1621 1074 1663 omnia
1098 1620 1338 1664 confirman-

292 1678 415 1730 dam,
445 1676 778 1735 approbandam,
808 1678 849 1719 &
873 1679 1182 1733 exequendam,
1215 1691 1338 1735 prout

290 1722 517 1783 illam'sslos
531 1735 816 1780 confirmamus
829 1762 844 1784 ,
866 1739 1043 1793 approba
1051 1752 1137 1780 mus
1155 1768 1168 1790 ,
1184 1740 1221 1780 &
1237 1753 1337 1783 exe·

273 1792 363 1851 ⁴qui
393 1780 580 1839 v'sslumus
601 1822 616 1845 ,
645 1805 770 1853 atque
799 1802 1035 1840 mandamus
1059 1825 1074 1847 ,
1111 1799 1335 1855 victamque

289 1862 451 1910 partem
466 1855 621 1898 victrici
643 1857 683 1898 in
707 1853 884 1910 expenlis
905 1858 1223 1900 condemnamus
1237 1886 1250 1901 .
1283 1861 1340 1904 Et

292 1913 350 1957 ita
367 1913 446 1957 διε.
474 1913 555 1958 lata
584 1924 652 1963 25.
671 1914 924 1972 Septembris
946 1928 1072 1973 ¹739·

577 2075 579 2077 .
618 2034 654 2076 1.
672 2034 723 2076 A.
743 2031 950 2078 Furii-uus
980 2039 1277 2080 Locumteneni.

356 2134 471 2207 orig.
494 2151 539 2193 ἐκ
556 2149 730 2194 Archino
744 2155 965 2197 Conventa}
976 2183 991 2195 .

294 2389 538 2457 Reliquias
576 2422 592 2446 ,
644 2385 694 2439 ὅς
740 2391 841 2439 Cor
901 2390 1028 2440 Beati
1067 2387 1257 2457 Josephi
1310 2391 1337 2440 ἃ

363 2455 569 2511 Leonissa
607 2494 623 2516 ‚
661 2459 738 2509 seu
768 2460 971 2525 aliquam
1004 2459 1191 2507 illarum
1216 2494 1232 2516 ,
1257 2475 1338 2510 aut

360 2532 495 2594 hujus
532 2544 708 2597 partem
739 2547 796 2579 cx
824 2527 1056 2587 Ecclesia,
1093 2528 1304 2582 Sacristia
1325 2566 1342 2590 ,

361 2601 588 2653 Armario
633 2636 650 2659 ,
717 2598 808 2651 ἃς.
866 2598 1049 2651 Βοττιῦε
1123 2599 1342 2652 Leoniffae

363 2671 571 2729 extrahi,
608 2670 896 2721 commodari
915 2670 1006 2721 &a
1031 2669 1272 2729 omnibus,
1290 2670 1341 2724 ὅ(

366 2740 557 2823 fingulis
573 2775 591 2799 ,
620 2739 834 2808 cujusque
874 2740 1039 2814 gradus
1056 2776 1073 2800 ,
1111 2738 1161 2792 ὅ(
1189 2741 1345 2791 condi·

365 2814 504 2862 tionis
534 2847 550 2870 ,
600 2810 685 2862 sub
730 2813 1206 2863 excommunicatione
1242 2813 1343 2863 latae

366 2883 614 2933 Sententiae
643 2917 661 2940 ‚
697 2880 883 2949 aliisque
914 2880 1160 2951 respestive
1195 2886 1341 2949 poenis

366 2951 579 3021 prohibet
603 2988 621 3010 ,
657 2970 710 3000 ac
730 2954 964 3019 Reliquias
992 2952 1212 3003 extractas
1242 2955 1268 3003 a
1297 2953 1341 3010 se

366 3041 460 3073 non
485 3020 727 3091 approbari
755 3020 986 3072 declarat.

300 3151 869 3207 BENEDICTUS
922 3153 1140 3203 PAPA
1192 3153 1341 3207 xlv.

493 3282 562 3326 Ad
574 3278 770 3340 futuram
793 3282 855 3323 rel
883 3281 1106 3323 memoriam
1122 3310 1137 3321 .

411 3391 547 3447 Xponi
572 3389 702 3435 Nobis
727 3401 854 3445 nuper
878 3386 978 3430 fecit
1003 3385 1185 3432 Dilectus
1214 3388 1341 3435 Filius

301 3392 399 3507 E
428 3449 655 3494 Modernus
698 3450 939 3491 Procurator
970 3446 1186 3488 Generalis
1213 3447 1341 3490 Ordi-

299 3508 364 3551 nis
390 3509 578 3552 Fratrum
605 3507 809 3551 Minorum
837 3509 876 3549 S.
902 3502 1099 3548 Francisci
1132 3519 1339 3559 nuncupa-

303 3576 463 3619 torum,
476 3568 604 3625 quod,
620 3580 714 3609 cum
730 3567 769 3608 in
784 3565 962 3608 Ecclesia
975 3562 1217 3607 Conventus
1232 3564 1336 3619 ejus-

302 3624 399 3666 dem
413 3626 577 3670 Ordinis
595 3628 732 3694 'l'errae
756 3621 950 3724 Leoniffaes
962 3621 1170 3689 Spoletan.
1194 3624 1336 3665 Dioec.

302 3682 825 3845 25353211533222332303
841 3683 1332 3843 32255‘3221522’23ss‘3:

302 3801 345 3845 s'e
372 3814 444 3858 pro
465 3814 534 3862 &¹
578 3800 589 3844 i
633 3803 644 3846 i
701 3817 722 3844 r
756 3803 858 3854 inis,
891 3800 988 3858 utpi
1028 3813 1100 3843 cre
1133 3799 1239 3852 itur,
1270 3812 1326 3841 a·

1404 326 1616 368 serventur
1638 353 1655 375 ,
1683 319 1819 377 cupiat
1842 333 1984 363 earum
2012 350 2026 372 ‚
2062 326 2098 366 δι
2131 328 2239 372 illius
2269 330 2432 372 conser-

1403 383 1555 426 vationi
1584 381 1845 439 opportune,
1871 390 1914 422 ut
1942 378 2041 422 infra
2061 409 2075 431 ,
2105 384 2126 426 ξ
2144 391 2271 430 ΝΟΜ
2299 390 2435 442 provi.

1403 440 1522 483 deri.
1555 444 1641 484 Nos
1656 438 1870 496 specialem
1887 466 1901 490 ‚
1915 438 2050 480 eidem
2066 445 2266 488 mvnerno
2282 447 2341 487 Pr·
2352 460 2435 488 vcu-

1404 501 1534 541 ratori
1557 498 1757 543 Generali
1782 499 1955 552 gratiam
1983 496 2119 539 facere
2150 504 2361 555 volentes,
2387 505 2439 546 11-

1408 557 1573 614 lumque
1606 555 1629 600 ἃ
1657 557 1862 612 quibusvis
1891 557 2347 609 excommunicationis,
2378 563 2439 604 su.

1405 614 1620 669 spenlionis
1636 641 1651 666 ,
1681 617 1721 657 &
1743 613 1977 666 interdicti,
2007 614 2172 670 aliisque
2194 618 2438 661 Ectlriialli-

1404 672 1462 716 eis
1488 671 1701 715 sententiis
1718 702 1732 725 ,
1765 670 1942 716 censuris
1959 703 1974 725 ,
2000 673 2040 715 δι
2067 674 2225 727 poenis,
2258 680 2277 717 a
2308 676 2395 733 jure
2418 706 2434 729 ‚

1404 729 1471 772 vel
1501 732 1550 773 ab
1578 731 1768 783 homine,
1791 731 1932 789 quavis
1961 733 2174 777 occasione
2193 759 2207 783 ,
2234 732 2298 774 vel
2325 733 2437 778 causa

1403 788 1521 837 latis,
1553 787 1577 830 fi
1605 789 2088 847 quibus'quomodolibet
2115 789 2328 835 innodatus
2350 793 2437 833 exi-

1402 847 1497 898 stit,
1527 848 1579 889 ad
1608 848 1792 891 effectum
1824 849 2082 906 praesentium
2114 849 2273 894 tantum
2301 850 2440 893 conse-

1400 905 1637 963 quendum',
1653 909 1793 950 harum
1810 908 1913 951 serie
1939 909 2195 952 absolventes
2217 937 2231 958 ‚
2261 909 2301 950 &
2325 906 2442 950 abso-

1402 968 1532 1011 lutum
1562 965 1651 1010 fore
1680 966 1893 1010 censentes
1914 997 1930 1020 ‚
1963 965 2319 1024 supplicationibus
2350 966 2438 1022 ejus

1404 1026 1610 1079 Nomine,
1625 1026 1754 1069 Nobis
1769 1024 1887 1083 super
1912 1029 1988 1070 hoc
2006 1028 2218 1070 humiliter
2242 1026 2439 1084 porreflis

1402 1085 1810 1138 inclinati‚omnibus,
1824 1088 1865 1131 δι
1878 1085 2038 1143 lingulis
2056 1085 2442 1141 Personiffiquacun-

1403 1159 1482 1202 que
1498 1146 1744 1189 auctoritate
1757 1174 1772 1197 ‚
1792 1147 2072 1202 siiperioritate
2088 1174 2103 1198 ‚
2119 1146 2185 1187 vel
2200 1144 2338 1186 officio
2352 1143 2443 1185 fun-

1405 1204 1597 1260 gentibus
1625 1234 1640 1257 ,
1682 1206 1721 1247 &
1752 1205 1943 1248 functuris
1962 1232 1977 1257 ‚
2006 1220 2054 1247 ac
2086 1203 2260 1261 cujusvis
2285 1201 2406 1245 statiis
2427 1229 2443 1253 ,

1404 1262 1551 1320 gradus
1566 1293 1581 1316 ‚
1593 1264 1803 1320 qualitatis
1819 1293 1835 1316 ,
1863 1267 1903 1307 δι
1918 1263 2182 1316 conditionis,
2196 1277 2242 1307 ac
2258 1261 2443 1319 praeemi-

1404 1325 1583 1377 nentiae,
1613 1326 1653 1366 δι
1676 1323 1887 1380 dignitatis
1914 1338 1989 1380 pro
2016 1334 2203 1379 tempore
2231 1321 2443 1367 existenti-

1404 1382 1478 1425 bus
1492 1411 1507 1433 ,
1539 1397 1591 1426 ne
1617 1383 1703 1428 ullo
1720 1397 1896 1441 unquam
1918 1395 2107 1440 tempore
2127 1380 2339 1438 Reliquias
2356 1408 2371 1431 ‚
2401 1381 2442 1422 δε

1406 1442 1585 1493 Cor‚seu
1599 1442 1777 1501 aliquam
1796 1443 2019 1494 illarum‚&
2038 1442 2147 1486 illius
2162 1451 2320 1496 partem
2338 1438 2363 1482 ὃ·
2379 1437 2446 1483 di-

1399 1502 1462 1542 &a
1479 1500 1750 1554 Ecclefia‚seu
1765 1517 1812 1546 ex
1829 1503 1937 1546 illius
1950 1498 2227 1554 cape11÷s‚seu
2241 1498 2446 1550 Sacristia,

1399 1559 1722 1612 seuArmario‚in
1735 1562 1894 1617 qua,seu
1913 1573 1993 1617 quo
2009 1558 2356 1614 Reliquiae,&Cor
2375 1557 2447 1600 hu-

1398 1617 1571 1677 jusmodi
1589 1618 1769 1677 repofitae
1782 1620 1875 1672 ,seu
1895 1620 2142 1675 reponendae
2154 1616 2241 1660 sunt
2257 1645 2272 1668 ,
2304 1626 2444 1658 extra-

1399 1681 1528 1729 here,
1559 1679 1792 1735 asportare‚
1824 1682 1864 1722 δι
1889 1691 2034 1733 rapere
2052 1706 2064 1729 ,
2090 1687 2159 1719 aut
2187 1675 2328 1732 quovis
2354 1688 2445 1717 mo-

1398 1738 1455 1782 do
1482 1739 1744 1783 commodare
1760 1767 1774 1790 ‚
1806 1738 1897 1791 seu,
1913 1749 1958 1781 ut
1977 1737 2246 1781 extrahantur
2261 1764 2277 1785 ‚
2309 1734 2445 1790 aspor-

1402 1806 1569 1849 tentur‚
1583 1800 1623 1839 &
1638 1799 1842 1854 rapiantur
1858 1827 1872 1849 ‚
1889 1809 1958 1842 aut
1975 1795 2294 1840 commodentur
2306 1823 2321 1845 ,
2349 1806 2445 1849 pei·-

1400 1855 1571 1899 mittere
1590 1887 1603 1909 ,
1630 1869 1698 1900 aut
1717 1856 1945 1901 consentire
1962 1854 2030 1898 sub
2053 1855 2195 1912 quovis
2212 1863 2410 1910 praetextu
2427 1881 2442 1904 ,

1402 1918 1564 1972 quaesito
1586 1916 1758 1968 colore,
1789 1915 1902 1960 causa
1917 1944 1931 1967 ,
1965 1914 2028 1958 vel
2047 1915 2211 1971 ingenio
2232 1912 2441 1962 audeant,

1401 1974 1471 2019 seu
1489 1975 1724 2031 praesumant
1741 1974 1834 2018 ausu
1852 1974 2100 2020 temerario,
2116 1974 2184 2016 sub
2200 1984 2441 2014 excommu-

1401 2034 1619 2078 nicationis
1647 2035 1733 2078 latae
1758 2032 1992 2083 sententiae,
2026 2031 2049 2074 ἃ
2073 2046 2148 2095 qua
2166 2028 2441 2081 nem‹›,niiia

1401 2093 1558 2144 Nobis,
1591 2091 1656 2136 seu
1684 2094 1871 2136 Romano
1894 2091 2094 2137 pontifice
2112 2119 2126 2143 ,
2145 2090 2230 2145 'pro
2245 2099 2439 2144 tempore

1401 2152 1600 2198 existente
1616 2180 1630 2203 ,
1651 2162 1918 2209 praeterquam
1938 2152 1975 2193 in
1992 2150 2134 2194 mortis
2150 2146 2325 2194 articulo
2340 2159 2442 2188 con-

1401 2214 1562 2256 stitutus
1584 2240 1600 2262 ·,
1632 2211 1897 2255 absolutionis
1924 2207 2169 2255 beneficium
2199 2206 2332 2254 valeat
2363 2204 2440 2246 ob-

1402 2274 1537 2318 tinere
1560 2299 1574 2321 ,
1611 2272 1651 2312 &
1680 2269 1814 2328 quoad
1844 2270 2071 2326 Regulares
2100 2266 2338 2324 privaiicnis
2366 2277 2440 2305 vo-

1402 2333 1460 2373 cis
1488 2330 1627 2372 aftivae
1646 2357 1661 2380 ‚
1698 2331 1738 2371 δι
1765 2327 1952 2385 paffivae,
1983 2330 2023 2370 δι
2050 2325 2348 2371 Ecclesiasticos
2374 2322 2440 2364 su-

1400 2387 1619 2446 spenfionis
1653 2388 1675 2430 a
1706 2390 1894 2439 Divinis,
1934 2389 2094 2443 poenis,
2116 2384 2199 2442 ipso
2227 2382 2331 2425 fafito
2363 2394 2437 2438 pet

1398 2445 1746 2490 contrafacientes
1760 2474 1776 2499 ‚
1790 2446 1939 2503 absque
1959 2447 2037 2488 alia
2067 2444 2350 2489 declaratione
2374 2442 2437 2482 in-

1403 2505 1869 2562 currendi5,Apostolica
1881 2505 2135 2548 Auctoritate
2148 2532 2163 2555 ,
2173 2514 2319 2546 tenore
2333 2512 2437 2556 prae-

1404 2564 1575 2610 sentium
1605 2565 1920 2614 interdicimus,
1953 2565 1993 2606 δι
2019 2563 2309 2619 prohibemus.
2341 2561 2435 2601 Non

1399 2626 1652 2668 obstantibus
1672 2622 2034 2665 Constitutionibus
2050 2648 2065 2671 ‚
2095 2621 2136 2661 ὅ(
2154 2616 2435 2660 ordinationi-

1399 2683 1474 2729 bus
1492 2681 1734 2738 apostolicis
1749 2707 1764 2729 ,
1789 2693 1860 2730 ac,
1874 2689 2072 2733 quatenus
2094 2689 2195 2734 opus
2210 2675 2255 2716 sit
2272 2701 2288 2724 ,
2319 2677 2435 2740 οΟοη-

1404 2740 1552 2783 ventfis
1567 2768 1582 2791 ‚
1612 2742 1651 2782 &
1664 2738 1832 2780 Ordinis
1851 2736 2131 2794 praediftorum
2147 2763 2161 2787 ,
2174 2733 2298 2776 eiiam
2324 2744 2435 2788 jura-

1403 2811 1570 2849 mento,
1602 2795 2179 2852 ConfirniationeApostolica
2196 2821 2210 2844 ,
2243 2790 2308 2834 vel
2336 2803 2434 2846 qua·

1402 2858 1463 2899 vis
1493 2857 1689 2901 firmitate
1714 2855 1795 2897 alia
1826 2854 2026 2897 roboratis
2051 2852 2208 2897 statutis
2230 2878 2245 2902 ‚
2269 2851 2309 2891 δε
2333 2863 2433 2892 con-

1401 2916 1680 2964 suetudinibus
1691 2943 1705 2966 ,
1719 2912 1950 2968 caeterisque
1963 2912 2178 2956 contrariis
2193 2907 2432 2964 quibuscun-

1401 2988 1484 3031 que
1500 3007 1511 3018 .
1539 2975 1739 3018 Volumus
1755 2983 1893 3015 autem
1909 2999 1923 3023 ‚
1956 2983 1999 3013 ut
2025 2969 2226 3027 praesentis
2246 2964 2433 3022 prohibi-

1355 3054 1358 3057 ·
1397 3035 1519 3079 tionis
1549 3032 1780 3089 exemplum
1821 3030 1861 3076 in
1914 3030 2041 3073 valvis
2087 3029 2199 3070 dic'tae
2245 3023 2432 3068 Ecclefiae

1402 3092 1470 3135 seu
1498 3090 1835 3140 illiusSacrissiae,
1866 3099 1933 3131 aut
1960 3088 2042 3131 alio
2069 3087 2162 3131 loco
2183 3082 2428 3147 conspicuo?

1403 3151 1470 3196 ubi
1493 3153 1542 3196 ab
1570 3150 1757 3196 omnibus
1787 3147 1932 3201 cerni,
1961 3149 1999 3190 &
2024 3147 2103 3203 legi
2132 3142 2274 3201 possit,
2298 3150 2433 3183 conti-

1402 3212 1484 3254 nuo
1507 3210 1670 3256 affixum
1694 3217 1902 3251 remaneat
1924 3236 1936 3249 .
1970 3208 2189 3248 Coeterum
2227 3213 2308 3264 per·
2330 3210 2431 3263 prfe-

1399 3266 1536 3314 sentes
1562 3285 1639 3314 non
1673 3264 1918 3312 intendimus
1945 3264 2187 3319 supradiSIas
2219 3257 2430 3312 Reliquias

1402 3328 1490 3371 ullo
1515 3330 1640 3373 modo
1666 3324 1917 3382 approbare.
1951 3327 2099 3366 Datum
2128 3322 2164 3361 in
2190 3319 2300 3380 Arce
2317 3316 2431 3356 Gan·

1401 3386 1755 3444 dulphiAlbanen.
1776 3380 1952 3439 Diecefis
1976 3380 2042 3421 sub
2067 3374 2229 3421 Annulo
2254 3374 2429 3440 lffiscato-

1399 3446 1454 3488 τίς
1481 3474 1497 3497 ‚
1538 3448 1616 3490 Die
1643 3458 1740 3487 xvi.
1767 3442 1874 3500 Junii
1905 3451 2136 3483 Μοεεκιιι.
2163 3431 2427 3477 Pontificatus

1398 3505 1536 3554 Nostri
1562 3509 1683 3550 Anno
1706 3504 1864 3560 primo-

1793 3620 1845 3663 D.
1863 3611 2096 3659 Cardinalis
2115 3607 2368 3653 Pass‘ioneus.

1449 3743 1573 3782 Breve
1574 3739 1702 3798 form.
1713 3734 1756 3777 in
1773 3731 1890 3778 Arcb.
1909 3735 2006 3775 Gen.
2022 3729 2237 3777 Ord.Arne.
2256 3724 2425 3774 Provin-

1505 3799 1568 3842 cia
1599 3802 1640 3842 S.
1656 3796 1700 3838 Ρ.
1716 3789 1913 3838 Francisci
1933 3820 1947 3835 .
2274 3838 2371 3885 Eas·
