2774 4068
353 208 569 388 Zjugsdem
618 313 1039 390 lociscolligendas
1096 317 1144 368 in
1189 333 1345 387 perpe-

368 409 504 444 tuum
536 389 709 442 donat.

301 514 843 569 ALEXANDER
911 513 1136 563 PAPA
1189 511 1342 562 VII.

508 625 577 671 Ad
584 623 783 685 futuram
810 623 871 667 rei
885 625 1112 667 memoriam
1124 651 1136 664 .

403 735 542 793 Xponi
568 734 702 778 Nobis
730 747 857 789 nuper
879 733 978 776 fecit
1011 732 1197 776 Dileetus
1217 729 1341 774 Filius

432 795 652 839 modernus
682 794 943 836 Guardianus
970 791 1213 836 Conventus
1246 805 1342 847 pro·

300 871 383 914 pe,
411 857 449 898 Sc
489 865 606 898 extra
638 853 794 897 Moenia
833 854 970 895 Terrae
999 852 1228 908 Cynthiani
1266 849 1342 892 Al-

300 917 450 959 banen.
471 914 672 957 Dioecefis
699 911 783 958 siti,
810 913 977 954 Ordinis
1003 913 1186 954 Fratrum
1205 909 1342 953 Mino-

300 987 395 1018 rum
433 977 475 1019 S.
510 973 708 1017 Francisci
749 972 1057 1027 Capucinorum
1087 979 1342 1026 nuncupato-

299 1045 422 1085 rum,
453 1033 699 1090 quod,cum
735 1029 844 1072 idem
889 1034 1130 1074 Conventus
1171 1026 1345 1072 maxima

300 1107 500 1149 aquarum
516 1102 629 1144 ,tum
646 1094 838 1134 Fratrum
861 1090 903 1134 in
926 1105 977 1132 eo
1004 1089 1345 1134 commorantium

301 1154 432 1196 usibus
451 1182 464 1205 ,
491 1154 614 1208 quam
642 1151 794 1201 horto,
824 1149 989 1206 aliisque
1020 1149 1211 1192 membris
1228 1147 1344 1204 ipsius

300 1209 548 1257 Conventus
580 1207 891 1253 necessariarum
943 1208 1110 1265 penuria
1153 1208 1345 1259 laboret3

299 1273 412 1316 inter
453 1271 530 1314 alia
569 1269 670 1311 vero
712 1268 807 1309 loca
847 1269 1084 1311 Conventui
1116 1266 1343 1322 hujusmodi

299 1330 438 1375 vicina
455 1330 527 1380 ,in
555 1326 794 1371 Territorio
814 1328 951 1369 Terrae
975 1328 1101 1371 Nemi
1135 1340 1343 1382 nuncupa-

300 1398 351 1434 tae
363 1419 380 1441 ,
396 1388 582 1446 ejusdem
598 1386 816 1438 Dioecefis‚
833 1400 912 1429 non
930 1387 1057 1430 solum
1073 1387 1214 1443 ingens
1228 1399 1345 1444 aqua·

299 1462 392 1493 rum
434 1447 552 1503 copia
584 1446 759 1498 existat,
792 1444 861 1488 sed
893 1446 1018 1490 etiam
1050 1447 1344 1491 nonnullorum

299 1506 610 1566 aquaeduCtuum
649 1505 938 1562 antiquorum,
971 1521 1045 1564 per
1076 1521 1176 1565 quos
1207 1521 1341 1564 aquae,

300 1570 405 1610 ficut
429 1566 653 1623 antiquitus
679 1565 892 1618 fluebant,
923 1568 980 1610 ita
995 1565 1125 1611 forsan
1145 1569 1184 1611 δι
1209 1580 1311 1609 nunc
1328 1594 1342 1617 ,

305 1627 334 1671 fi
351 1625 532 1684 dispersae
546 1635 927 1681 congregarentur,
958 1627 1118 1680 fluere,
1149 1629 1188 1670 δι
1206 1626 1256 1670 ad
1279 1625 1344 1668 di·-

302 1690 411 1729 &um
433 1682 698 1730 Conventum
714 1685 809 1729 duci
834 1683 987 1742 potsunt
1002 1717 1016 1740 ,
1046 1688 1211 1744 vestigia
1228 1700 1345 1741 repe-

301 1747 492 1794 riantur,
525 1743 607 1801 ipse
633 1745 893 1801 Guardianus
908 1747 1073 1791 eosdem
1091 1745 1344 1805 aqua-’dusius

302 1805 539 1860 investigari
555 1833 572 1855 ‚
601 1804 801 1862 aquasque
830 1802 1022 1863 dispersas
1048 1809 1089 1851 in
1124 1808 1215 1850 illos
1244 1820 1346 1849 con-

305 1865 499 1921 gregari,
529 1865 570 1905 &
610 1863 662 1907 ad
694 1863 891 1908 eumdem
923 1870 1187 1912 Conventum
1219 1865 1341 1918 duci,

305 1923 378 1966 seu
390 1952 406 1974 ‚
440 1922 466 1965 fi
500 1923 542 1964 id
574 1921 665 1967 fieri
697 1937 776 1967 non
810 1924 957 1980 poffit,
990 1929 1056 1971 vel
1098 1942 1182 1972 non
1218 1939 1344 1982 expe-

306 1981 425 2034 diat,
456 1981 635 2037 aliquam
662 1997 858 2039 aquarum
873 1988 1148 2041 quantitatem
1165 2002 1217 2029 ex
1244 1985 1348 2028 locis

309 2040 407 2083 dieti
429 2040 637 2085 territorii
664 2044 791 2097 magis
817 2047 1046 2088 commodis
1063 2076 1076 2098 ,
1108 2047 1244 2089 soluto
1276 2043 1349 2084 do-

304 2100 426 2143 minis
451 2100 617 2142 illarum
643 2102 810 2155 pretio,
843 2105 868 2143 fi
886 2103 988 2146 illud
1004 2104 1257 2161 praetendant
1275 2101 1350 2154 ,ad

307 2162 580 2203 Conventum
595 2159 830 2213 praedift‘um
845 2163 1003 2217 pariter
1021 2165 1113 2208 duci
1130 2163 1350 2221 plurimum

305 2218 536 2262 defiderat.
572 2221 716 2278 Qare
757 2220 870 2263 idem
914 2223 1172 2268 Guardianus
1221 2222 1349 2266 Nobis

306 2278 525 2320 humiliter
546 2276 764 2334 supplicari
791 2278 919 2334 fecit,
955 2294 998 2326 ut
1025 2283 1135 2326 dieto
1151 2287 1349 2326 Convenw

307 2338 367 2403 tui
396 2338 438 2379 in
462 2335 659 2391 praemiffis
687 2341 918 2394 opportune
935 2343 1160 2398 providere
1179 2371 1192 2393 a
1221 2343 1289 2390 &a
1307 2348 1352 2382 ut

307 2393 710 2450 1nfra,indulgere,
746 2397 799 2438 de
831 2399 1087 2456 benignitate
1117 2399 1351 2459 Apostolica

309 2453 603 2509 dignaremur.
640 2455 726 2495 Nos
754 2454 881 2509 igitur
914 2459 1041 2512 ipsum
1069 2460 1352 2502 Guardianum

309 2512 549 2570 specialibus
575 2515 653 2554 &c.
690 2512 878 2556 volentes
894 2542 909 2565 ,
940 2519 980 2558 δε
999 2518 1023 2560 a
1041 2515 1248 2572 quibusvis
1268 2516 1350 2555 &c-

310 2571 526 2615 censentes
543 2601 556 2623 ,
585 2570 814 2629 hujusmodi
841 2573 1200 2630 supplicationibus
1232 2573 1353 2615 incli-

306 2631 426 2680 nati,
457 2629 594 2673 eidem
627 2631 860 2683 moderno,
892 2636 932 2675 δε
961 2649 1035 2691 pro
1059 2646 1250 2691 tempore
1269 2632 1355 2676 exi-

307 2690 432 2732 stenti
475 2689 722 2732 Conventus
763 2691 939 2745 praedicti
985 2696 1226 2738 Guardiano
1251 2721 1264 2744 ,
1310 2699 1358 2734 ut

307 2747 652 2806 quandocumque
667 2749 845 2791 voluerit
860 2780 875 2801 ,
889 2751 1075 2808 antiquos
1107 2751 1358 2810 aquaeduuus

307 2807 569 2864 hujusmodi,
587 2809 636 2851 ad
655 2807 842 2850 effectum
864 2811 1102 2866 reperiendi
1129 2824 1254 2868 aquas
1276 2807 1358 2851 dis-

307 2866 442 2923 persas
459 2867 664 2919 praedictas
686 2869 834 2924 ,quaeri
859 2898 871 2919 ,
915 2871 1144 2926 investigari
1167 2899 1181 2922 ,
1212 2872 1253 2912 δι
1288 2881 1358 2912 re-

306 2924 526 2980 cognosci,
571 2925 746 2983 illosque
782 2926 927 2981 refici,
971 2931 1186 2987 reparari,
1215 2931 1256 2971 &
1287 2943 1354 2971 re·-

305 2986 509 3037 staurari,
541 3000 701 3028 necnon
721 3001 846 3044 aquas
872 2988 1065 3046 dispersas
1082 2989 1205 3047 usque
1222 2988 1273 3031 ad
1290 2988 1354 3032 sex

305 3046 449 3088 uncias
479 3047 669 3096 tantum,
702 3046 740 3088 in
771 3047 864 3090 illos
897 3050 1169 3108 congregari,
1202 3063 1247 3091 ac
1280 3061 1354 3104 per

304 3104 401 3147 illos
419 3104 459 3148 in
474 3107 740 3148 Conventum
759 3108 986 3162 praedictum
1007 3125 1081 3165 pro
1094 3109 1204 3151 illius
1219 3107 1349 3150 ufibus

307 3163 436 3216 duci,
470 3163 565 3214 vel,
598 3165 625 3206 fi
651 3165 691 3206 id
722 3163 811 3208 fieri
832 3181 909 3210 non
937 3168 1055 3226 poffit
1073 3199 1088 3222 ,
1117 3178 1186 3212 aut
1217 3167 1349 3209 minus

304 3222 592 3279 expedit-cipli
614 3224 850 3275 moderno,
881 3230 920 3270 ὃς
951 3244 1026 3286 pro
1044 3241 1235 3285 tempore
1261 3227 1352 3269 exi-

302 3282 424 3326 stenti
462 3283 703 3329 Guardiano
739 3286 964 3340 respeetive
1007 3289 1247 3335 videbitur,
1279 3286 1348 3329 sex

304 3343 443 3385 uncias
466 3358 665 3400 aquarum
679 3371 693 3392 ,
710 3357 761 3387 ex
779 3345 866 3391 aliis
883 3347 979 3390 dieti
996 3347 1195 3392 territorii
1212 3346 1352 3389 Terrae

308 3402 433 3444 Nemi
461 3413 700 3461 nuncupatae
727 3403 860 3458 locis,
892 3423 978 3464 quae
1020 3410 1057 3453 ei
1086 3407 1215 3464 magis
1237 3420 1354 3449 com·

308 3460 461 3529 moda,
489 3465 530 3508 &
557 3474 791 3521 opportuna
822 3467 1103 3520 videbuntur,
1137 3467 1276 3511 soluto
1291 3477 1355 3509 ta-

308 3531 406 3560 men
436 3522 546 3575 illis,
577 3523 628 3566 ad
656 3538 759 3581 quos
790 3540 839 3570 ea
871 3540 936 3570 res
962 3529 1241 3584 pertinuerit,
1272 3525 1355 3568 fiid

307 3581 606 3650 praetenderint
622 3613 636 3636 ,
651 3598 849 3641 aquarum
866 3586 1095 3645 hujusmodi
1112 3587 1265 3645 preti0,
1281 3600 1354 3643 per

309 3634 412 3677 duos
439 3650 628 3707 peritos,
659 3659 783 3687 unum
812 3649 862 3694 ab
885 3661 996 3697 una,
1028 3650 1069 3690 8(-
1095 3648 1271 3692 alterum
1299 3647 1349 3690 ab

308 3693 444 3737 astera
466 3709 641 3750 partium
669 3704 898 3762 respective
928 3706 1219 3764 deputandos,
1250 3706 1350 3749 aesti-

309 3752 459 3819 mando
476 3783 504 3826 'x
519 3758 556 3797 &
576 3758 599 3822 .s¹
627 3760 684 3823 illi
714 3763 977 3820 discordent,
992 3782 1068 3824 per
1096 3767 1265 3810 tertium
1285 3780 1356 3822 pe-

306 3821 458 3866 ntum,
489 3828 513 3858 a
543 3815 658 3859 distis
674 3820 833 3868 duobus
860 3828 1005 3884 peritis
1023 3824 1351 3888 eligendum,ar-

1143 195 1669 302 Provincia

1407 315 1601 379 bitrando
1615 344 1630 365 ,
1643 326 1719 381 per
1732 319 1998 372 qualecumque
2015 322 2099 359 tam
2118 316 2301 372 publica,
2320 321 2440 376 quam

1407 387 1566 431 privata
1580 402 1594 425 ,
1610 387 1734 417 ettam
1750 376 1983 432 quorumvis
1998 377 2158 431 piorum
2174 405 2188 427 ,
2205 378 2246 418 δι
2264 377 2438 421 aliorum

1406 446 1668 489 quocumque
1693 434 1912 489 privilegio
1939 434 2199 479 suffultorum
2225 437 2441 491 locorum,

1406 494 1446 535 &
1489 495 1753 549 personarum
1791 493 1967 549 praedia,
2012 497 2132 548 loca,
2179 496 2291 547 vias,
2326 498 2446 550 situs,

1404 556 1443 596 &
1469 564 1596 598 terras
1626 553 1675 595 ad
1702 554 1891 595 eumdem
1920 558 2189 598 Conventum
2205 558 2358 611 pariter
2374 555 2450 599 du-

1401 614 1472 665 ci,
1504 613 1583 656 fine
1614 612 1848 669 cujusquam
1876 623 2045 664 tamen,
2070 616 2138 658 vel
2166 614 2311 657 saltem
2334 612 2447 659 refe·

1403 676 1497 725 c'to,
1526 675 1567 714 δι
1599 670 1732 714 soluto
1756 671 1871 723 illis,
1903 672 1951 715 ad
1996 687 2098 728 quos
2142 674 2449 730 spectaverint,

1404 732 1514 790 quod
1542 733 1602 775 eis
1642 745 1715 787 per
1752 729 1942 788 praemiffa
1980 733 2296 788 quomodolibet
2338 734 2449 776 infe-

1404 802 1522 836 retur
1537 821 1551 844 ,
1572 791 1797 846 respective
1822 792 1970 835 damno
1985 789 2142 842 ,facere
2160 819 2174 841 a
2191 794 2232 834 &
2258 807 2449 839 curare)

1404 852 1566 902 libere,
1596 851 1636 891 δι
1664 849 1778 892 licite
1814 849 1954 906 poffit,
1983 851 2024 891 &
2054 851 2219 903 valeat,
2251 852 2448 909 plenam,

1404 914 1445 954 &
1471 910 1644 967 amplam
1676 907 1949 961 facultatem,
1981 909 2192 953 licentiam
2211 938 2226 961 ,
2259 913 2300 954 δε
2323 922 2452 969 pote-

1406 971 1546 1015 statem
1562 996 1576 1017 a
1599 971 1856 1013 AuRoritate
1869 969 2104 1025 Apostolica
2121 997 2135 1020 ‚
2167 980 2315 1014 tenore
2346 985 2446 1025 prae.

1407 1030 1576 1074 sentium
1592 1058 1606 1082 ,
1638 1030 1930 1079 concedimus,
1961 1029 2275 1087 &impertimur
2293 1060 2303 1071 .
2336 1032 2447 1073 Prae..

1410 1103 1524 1134 terea
1547 1089 1787 1132 Conventui
1810 1087 1975 1145 praefato
1997 1086 2064 1132 sex
2090 1089 2229 1132 uncias
2258 1103 2311 1132 ex
2337 1092 2451 1147 aquis

1409 1147 1591 1207 disperfis
1608 1146 1827 1206 praedictis,
1846 1147 1868 1190 fi
1887 1177 1901 1200 ,
1916 1158 1958 1190 ut
1974 1149 2254 1204 praemittitur,
2274 1162 2452 1205 congre-

1407 1220 1585 1266 gentur,
1616 1209 1655 1250 &
1685 1222 1758 1264 per
1797 1209 1985 1265 antiquos
2016 1208 2271 1265 aquaeductus
2314 1208 2452 1266 hujus—

1406 1270 1517 1327 modi
1534 1268 1585 1312 ad
1611 1267 1802 1312 eumdem
1819 1272 2086 1312 Conventum
2103 1269 2307 1311 ducantur
2325 1297 2338 1320 ,
2371 1268 2455 1311 sine

1406 1329 1640 1388 cujusquam
1654 1326 1893 1386 praejudicio
1907 1357 1921 1380 ,
1953 1328 1993 1369 in
2009 1340 2253 1386 perpetuum
2272 1328 2453 1382 gratiose

1406 1391 1602 1433 donamus
1618 1419 1634 1440 ,
1658 1390 1700 1430 &
1723 1388 2032 1445 appropriantus
2053 1419 2064 1429 .
2095 1391 2158 1431 Ac
2177 1385 2342 1441 insuper
2360 1388 2450 1442 qui-

1406 1450 1540 1494 busvis
1555 1448 1733 1506 personis
1748 1479 1761 1500 ,
1794 1459 1840 1491 ut
1856 1462 1975 1505 aquas
1998 1457 2226 1491 memorato
2245 1450 2449 1489 Conven-

1408 1511 1496 1562 tui,
1513 1513 1641 1566 usque
1660 1507 1709 1552 ad
1735 1505 1799 1550 sex
1823 1508 1962 1550 uncias
1987 1506 2213 1566 hujusmodi
2237 1504 2276 1546 in
2307 1515 2446 1551 totum

1404 1570 1662 1619 concedere,
1698 1569 1738 1609 δι’.
1763 1582 2064 1624 quemcumque
2083 1563 2349 1609 necelsarium
2369 1593 2383 1616 ,
2410 1567 2452 1606 &

1404 1641 1683 1688 opportunum
1713 1627 1752 1667 in
1793 1626 1998 1682 praemiffis
2035 1624 2270 1668 consensum
2299 1624 2457 1679 praesta-

1405 1689 1631 1742 redibere
1662 1685 1840 1742 pariter,
1875 1702 1918 1729 ac
1948 1686 2092 1737 licite,
2123 1701 2167 1728 ac
2211 1683 2383 1735 valide,
2413 1685 2455 1725 &

1407 1750 1489 1793 fine
1504 1746 1745 1791 caducitatis
1762 1775 1774 1797 ,
1805 1745 2109 1796 devolutionis,
2139 1739 2288 1786 aliusve
2314 1743 2455 1800 cujus-

1409 1811 1473 1856 vis
1500 1821 1630 1865 poenae
1670 1807 1707 1847 in
1744 1804 1999 1861 quibuslibet
2035 1800 2382 1852 fideicommissis,
2414 1804 2454 1859 ὃς

1408 1870 1495 1913 aliis
1515 1879 1665 1920 ,etiam
1680 1864 1833 1908 ultimis
1859 1864 2189 1920 dispositionibus
2205 1890 2219 1911 ,
2251 1862 2291 1902 &
2306 1861 2455 1921 volun-

1408 1929 1561 1973 tatibus
1576 1954 1590 1976 ,
1605 1927 1731 1968 etiam
1757 1924 1989 1976 alienandi,
2005 1925 2042 1965 &
2061 1923 2157 1966 alias
2171 1920 2454 1978 quascumque

1411 1987 1713 2047 prohibitiones
1733 2013 1746 2036 ,
1758 1985 1892 2027 aliave
1909 1984 2101 2040 quaelibet
2116 1978 2279 2023 vincula
2295 1983 2314 2030 ,'
2329 1981 2367 2022 &
2384 1994 2457 2023 ne-

1413 2063 1484 2093 xus
1511 2044 1819 2090 continentibus
1846 2044 2032 2099 appositae
2070 2039 2231 2084 incursu
2276 2038 2422 2093 possint
2439 2068 2455 2091 ,

1414 2119 1711 2164 quamcumque
1737 2101 2028 2155 necessariam,
2060 2102 2101 2143 &
2143 2107 2457 2155 opportunam.)

1412 2167 1681 2215 facultatem,
1710 2164 1749 2203 &
1767 2162 2005 2214 licentiam,
2037 2158 2308 2207 auetoritate,
2339 2160 2461 2200 &te-

1413 2242 1510 2272 nore
1547 2221 1722 2280 praefatis
1761 2222 2006 2264 tribuimus.
2040 2223 2335 2262 Decernentes
2371 2216 2461 2261 eas-

1411 2288 1505 2330 dem
1532 2281 1752 2340 praesentes
1782 2281 1926 2323 literas
1952 2279 2114 2336 semper
2157 2276 2321 2329 firmas,
2355 2278 2461 2321 vali·

1413 2346 1483 2387 das
1502 2372 1516 2395 ,
1545 2344 1584 2384 &
1609 2340 1796 2383 efficaces
1819 2339 2023 2390 existere,
2056 2340 2096 2380 &
2122 2334 2212 2380 fore
2230 2365 2244 2388 ,
2278 2352 2323 2381 ac
2351 2336 2458 2388 illis,

1413 2403 1464 2447 ad
1488 2415 1585 2456 quos
1612 2398 1790 2455 spec‘tat,
1823 2400 1862 2441 &
1881 2412 1956 2454 pro
1969 2407 2158 2452 tempore
2175 2397 2458 2451 quandocum-

1412 2475 1491 2518 que
1507 2458 1707 2513 spectabit
1724 2458 1973 2511 ‚pleniffime
1992 2456 2228 2511 suffragari,
2261 2455 2393 2512 licque
2417 2458 2460 2499 in

1414 2515 1708 2576 praemissis,per
1722 2515 2001 2570 quoscumque
2011 2515 2177 2570 Judices
2195 2514 2459 2566 Ordinarios,

1415 2580 1456 2620 &
1473 2576 1697 2630 DeLegatos
1715 2601 1730 2624 ,
1761 2573 1889 2615 etiam
1917 2574 1994 2614 &c-
2028 2571 2249 2614 Auditores
2267 2602 2282 2624 ,
2304 2572 2459 2628 judica—

1419 2638 1484 2688 ri,
1515 2637 1554 2677 &
1575 2632 1739 2677 definiri
1755 2632 1939 2683 debere,
1970 2645 2016 2674 ac
2035 2630 2193 2673 irritum
2211 2632 2288 2672 &c.
2318 2642 2460 2675 atten—

1421 2695 1513 2740 tari.
1534 2697 1631 2737 Non
1645 2692 1792 2736 obstan.
1810 2689 2014 2748 praemiffis
2031 2720 2046 2743 ,
2060 2704 2126 2741 ac,
2142 2700 2340 2745 quatenus
2355 2705 2457 2747 opus

1424 2756 1499 2804 sit,
1532 2752 1692 2802 nostra,
1723 2753 1763 2793 δι
1785 2750 2060 2794 Cancellariae
2077 2750 2319 2804 Apostolicae
2344 2764 2459 2805 regu.

1420 2816 1458 2858 la
1473 2813 1526 2856 de
1543 2826 1621 2854 non
1640 2810 1834 2855 tollendo
1852 2811 1941 2869 jure
1958 2809 2145 2865 quaesito,
2177 2809 2217 2849 δι’.
2240 2809 2330 2851 aliis
2346 2812 2462 2854 Con·

1421 2870 1720 2918 stitutionibus‚
1754 2873 1794 2912 δι
1810 2869 2146 2913 Ordinationibus
2183 2868 2430 2924 Apostolicis
2447 2897 2460 2921 ,

1420 2949 1463 2979 ac
1495 2930 1703 2988 quibusvis
1734 2931 2016 2982 testamentis,
2053 2927 2286 2980 codicillis,
2326 2927 2465 2970 Fidei-

1419 2989 1663 3043 commtffis,
1694 2988 1865 3048 aliisque
1887 2990 2011 3033 etiam
2041 2988 2200 3031 ultimis
2230 2987 2460 3043 dispositio-

1415 3053 1532 3096 nibus
1547 3079 1560 3102 ,
1589 3051 1628 3091 &
1659 3051 1943 3094 voluntatibus
1962 3080 1977 3102 ,
2006 3063 2103 3104 quas
2120 3047 2254 3103 quoad
2272 3043 2460 3101 praemiffa

1414 3109 1693 3162 sufficienter,
1723 3112 1762 3153 δι
1789 3107 1982 3166 expresse
2008 3117 2332 3155 commutamus,
2363 3118 2460 3147 nec·-

1413 3187 1493 3215 non
1520 3170 1681 3225 legibus
1697 3199 1711 3223 ,
1727 3168 1854 3213 etiam
1872 3166 2156 3225 Imperialibus
2176 3193 2190 3216 ,
2221 3166 2262 3206 &
2289 3163 2461 3208 Munici-

1415 3230 1572 3288 palibus
1587 3258 1601 3281 ,
1614 3234 1653 3274 δι
1669 3230 1923 3286 quibuslibet
1939 3257 1954 3278 ,
1984 3227 2107 3271 etiam
2135 3225 2368 3283 juramento
2380 3225 2458 3265 &c-

1414 3290 1574 3333 statutis
1590 3317 1605 3341 ,
1630 3292 1671 3332 δε
1711 3286 2080 3333 consuetudinibus
2098 3314 2111 3337 ,
2137 3282 2358 3341 privilegiis
2383 3285 2463 3324 διε.

1415 3349 1617 3394 innovatis
1634 3380 1645 3391 .
1679 3349 1840 3409 Qibus
1867 3348 2056 3391 omnibus
2073 3373 2088 3396 ,
2114 3347 2152 3387 &
2184 3342 2344 3398 lingulis
2370 3344 2463 3385 illo·

1416 3425 1504 3454 rum
1535 3418 1705 3454 tenores
1720 3411 1801 3453 &a
1826 3407 2070 3464 derogamus
2086 3432 2100 3455 ,
2114 3399 2348 3455 caeterisque
2362 3416 2460 3444 con-

1417 3468 1555 3515 trariis
1601 3470 1951 3526 quibuscumque.
1990 3470 2145 3509 Datum
2185 3463 2326 3503 Romae
2353 3463 2459 3514 apud

1417 3533 1610 3574 Sanctam
1637 3530 1811 3573 Mariam
1836 3526 2037 3584 Maiorem
2055 3521 2123 3563 sub
2138 3520 2309 3563 Annulo
2323 3521 2458 3563 Pisca-

1419 3589 1518 3634 toris
1544 3587 1615 3630 die
1639 3589 1791 3646 v.Julii
1813 3599 1978 3630 Moctvt
1995 3598 2009 3626 1
2025 3596 2062 3625 ι,
2090 3578 2356 3624 Pontificatfis
2371 3584 2459 3624 Νο-

1414 3650 1482 3694 stri
1501 3653 1624 3694 Anno
1655 3658 1825 3706 quarto·
1988 3674 2042 3716 G.
2075 3668 2339 3714 Gualterius.

1479 3772 1578 3816 Aut.
1596 3768 1639 3811 in
1650 3767 1770 3811 Arch.
1787 3768 1929 3807 secret.
1944 3765 2061 3805 Brev.
2085 3759 2216 3818 Apost.
2235 3764 2330 3818 Reg.
2343 3762 2461 3819 menſs

1536 3827 1591 3879 ὠ·
1608 3824 1841 3884 annipraed.
1849 3820 1936 3883 fol.
1958 3834 2022 3869 15·

2267 3884 2406 3924 Dona-
