2762 4108
372 253 547 336 240

318 403 354 444 A
370 409 488 454 tergo
501 426 512 438 .
530 370 755 441 *Venerabili
775 391 919 440 Fratri
934 390 1111 450 Epssopo
1139 387 1337 444 Imolenfi.

317 486 831 569 AL'EXANDER
893 515 928 562 P
959 512 1066 561 ΑΡ
1097 513 1143 560 A
1191 509 1341 558 v11.

348 633 584 678 Venerabilis
605 636 749 679 Frater
762 631 938 689 salutem
953 658 968 679 ,
995 631 1042 676 δ’
1057 623 1313 684 Apostolicam

669 689 974 734 Benediflioncm
990 716 1013 727 ..

418 809 557 866 Xponi
583 809 711 850 Nobis
738 820 870 861 nuper
898 804 1087 848 fecerunt
1117 804 1282 846 Dileetae
1308 801 1347 841 in

315 813 416 927 E
447 867 608 911 Christo
624 867 733 909 Filiae
749 863 1183 918 Moniales,Capucinae
1198 872 1348 903 nuncu-

318 938 420 985 patae
433 956 447 979 ,
473 925 703 979 Monasterii
717 922 962 968 Sanctissimae
982 920 1192 964 Trinitatis
1207 946 1220 967 ³
1235 917 1349 961 Civi-

321 987 415 1029 tatis
430 983 638 1028 Imolenfis
654 1011 668 1032 ‚
691 982 796 1039 quod
812 1011 827 1031 ‚
846 996 937 1024 cum
951 978 1039 1036 ipsae
1056 977 1227 1021 Insulam
1252 976 1347 1019 dieti

321 1043 558 1088 Monasterii
574 1071 588 1093 ‚
616 1044 650 1083 &
669 1040 861 1083 fabricam
877 1053 951 1095 per
967 1052 1032 1080 eas
1057 1038 1257 1090 inceptam
1275 1035 1342 1075 ab-

321 1102 479 1146 solvere
495 1110 696 1156 nequeant
711 1129 725 1151 ‚
754 1099 819 1141 nifi
838 1101 1012 1140 Domum
1025 1122 1039 1142 a
1054 1094 1186 1138 eidem
1201 1096 1342 1135 Mona-

323 1162 444 1204 sterio
471 1161 700 1213 contiguam
716 1187 749 1215 ,ἡ
769 1158 808 1197 &
847 1156 895 1198 ad
927 1153 1315 1196 confraternitatem
1331 1178 1347 1202 ,

320 1215 820 1263 SanftiffimiSacramenti
841 1213 1024 1255 Ecclefiae
1050 1226 1159 1253 novae
1186 1222 1344 1252 nuncu-

320 1287 479 1334 patam,
506 1276 617 1317 dictae
629 1274 821 1317 Civitatis
837 1301 851 1323 ‚
879 1270 1059 1325 legitime
1075 1272 1344 1324 spectantem,

320 1333 603 1378 illiincludant
618 1361 631 1383 ,
646 1342 923 1374 convenerunt
943 1343 1033 1371 cum
1053 1327 1214 1370 Diledtis
1234 1327 1344 1369 filiis

322 1393 573 1437 officialibus
587 1419 602 1442 ‚
630 1392 669 1431 &
682 1388 968 1432 Confratribus
980 1388 1090 1429 dictae
1105 1385 1348 1428 Confrater-

320 1452 460 1495 nitatis
471 1451 524 1493 de
540 1448 686 1492 eadem
702 1451 832 1490 Domo
847 1447 980 1503 pretio
990 1446 1259 1488 ducentorum
1275 1457 1347 1486 no-

320 1510 487 1566 naginta
502 1505 570 1550 sex
586 1505 788 1549 scutorum
805 1533 818 1556 ‚
845 1507 884 1546 δι
910 1506 1124 1559 sexaginta.
1135 1503 1258 1545 trium
1277 1503 1348 1544 ba-

319 1567 535 1624 joccorum
552 1574 720 1608 monetae
734 1593 747 1615 ,
763 1577 836 1618 per
854 1564 1027 1617 peritum
1046 1562 1319 1604 Architestum
1332 1589 1347 1612 ‚

322 1625 530 1669 communi
561 1621 749 1666 consensu
767 1621 963 1672 electum,
990 1621 1176 1676 aestimato
1201 1634 1341 1662 emen·

322 1683 377 1726 da
390 1713 404 1736 ‚
420 1681 723 1738 stipulandoque
741 1679 911 1735 desuper
927 1680 1195 1721 Instrumento
1211 1677 1341 1733 publi-

327 1756 379 1783 co
391 1768 406 1790 a
436 1741 563 1783 statim
579 1750 699 1795 atque
715 1738 890 1780 nostrum
904 1766 918 1788 ‚
946 1740 985 1778 &
1002 1737 1240 1791 Apostolicae
1269 1740 1343 1779 Se-

323 1801 384 1843 dis
403 1798 706 1854 beneplacitum
723 1797 838 1852 super
855 1795 1050 1850 praemiffis
1066 1796 1318 1837 obtinuerint
1331 1821 1345 1836 .

322 1861 432 1900 Cum
443 1867 579 1899 autem
598 1885 611 1907 ‚
639 1855 736 1897 ficut
750 1854 891 1897 eadem
913 1854 1116 1909 Expofitio
1131 1852 1347 1909 subjunge-

324 1917 423 1966 bat,
454 1914 617 1971 praesata
636 1911 963 1956 Confraternitas
989 1912 1139 1955 nonnisi
1164 1912 1348 1955 decem.)

319 1971 430 2017 scuta
444 1974 553 2029 paria
571 1973 777 2014 annuatim
807 1985 858 2012 ex
886 1971 1090 2012 locatione
1119 1970 1231 2012 did'tae
1260 1972 1347 2010 Do-

320 2047 406 2074 mus
421 2032 473 2074 de
489 2030 671 2086 praesenti
685 2029 883 2085 percipiat
899 2054 913 2077 ,
945 2029 968 2070 fi
991 2030 1088 2071 vero
1104 2032 1253 2070 Domus
1271 2029 1345 2070 hu-

316 2089 491 2146 jusmodi
504 2089 638 2144 pretio
654 2088 736 2144 jam
750 2087 858 2128 dicto
876 2087 1105 2136 vendatur,
1137 2087 1343 2141 ipsumque
1360 2117 1363 2120 >

321 2148 501 2203 pretium
518 2148 555 2187 in
573 2146 823 2199 emptionem
850 2155 910 2185 tot
926 2145 1094 2185 aliorum
1110 2144 1343 2187 bonorum,

318 2206 517 2248 stabilium
545 2204 595 2245 ad
623 2202 804 2245 favorem
834 2201 947 2256 ipfius
976 2202 1340 2245 Confraternitatis

319 2270 582 2306 convertatur
596 2290 611 2313 .,
625 2261 915 2318 septemdecim
931 2253 1033 2304 scuta
1050 2290 1064 2315 ‚
1082 2263 1122 2304 &
1137 2262 1340 2316 sexaginta

320 2320 506 2376 bajoccos
525 2331 694 2362 monetae
724 2319 915 2374 praedietae
943 2322 1151 2374 quotannis
1179 2321 1346 2364 eidem-2

323 2378 665 2423 Confraternitati
684 2393 734 2419 ex
765 2379 885 2420 bonis
908 2378 1093 2420 emendis
1118 2377 1343 2435 hujusmodi

321 2449 569 2493 proventura
585 2435 653 2478 fint
667 2449 681 2488 ;
697 2451 749 2494 ac⁴
760 2436 929 2490 proinde
945 2437 1127 2480 venditio
1142 2438 1250 2479 dictae
1266 2440 1344 2479 Do-

322 2510 413 2538 mus
431 2497 590 2551 utrique
610 2496 783 2549 partium
800 2494 985 2549 perutilis
1001 2494 1043 2535 fit
1063 2495 1222 2547 futura3
1257 2499 1345 2538 Νο-

325 2555 385 2595 bis
411 2565 629 2609 propterea
648 2555 938 2604 Exponentes‚
970 2566 1015 2594 ac
1044 2553 1273 2604 officiales,
1305 2556 1344 2594 δι

325 2610 568 2654 Confratres
590 2610 765 2665 praedicti
782 2611 992 2652 humiliter
1006 2613 1220 2667 supplicari
1238 2610 1347 2655 fece-

322 2680 448 2719 runt,
481 2681 529 2711 ut
547 2669 616 2710 fibi
629 2670 666 2709 in
696 2667 891 2722 praemiffis
913 2669 1141 2722 opportune
1157 2669 1348 2724 provide-

321 2743 366 2770 re
380 2757 394 2778 ,
409 2729 445 2768 &
459 2756 473 2779 ‚
485 2737 530 2770 ut
544 2724 663 2777 infra,
677 2725 889 2781 indulgere
906 2726 958 2768 de
973 2726 1222 2781 benignitate
1237 2731 1350 2783 Apo-

322 2786 460 2828 stolica
476 2786 761 2841 dignaremur.
795 2788 880 2826 Nos
910 2785 1032 2839 igitur
1060 2786 1149 2827 illos
1165 2785 1346 2842 speciali-

321 2846 394 2886 bus
405 2846 482 2885 &c-
501 2843 632 2886 volen.
660 2844 699 2886 &
725 2857 862 2885 earum
890 2842 1105 2898 fingulares
1123 2847 1307 2900 personas
1323 2848 1346 2890 ὲ

320 2903 519 2959 quibusvis
535 2903 611 2943 διε.
627 2899 1080 2957 εεη(εητεε,ἰ]υ)”υίίι]οάἰ
1098 2903 1349 2958 supplicatio-

318 2962 438 3005 nibus
452 2961 916 3012 inclinatiffiraternitati
936 2963 1029 3003 Tuae
1043 2977 1115 3018 per
1136 2961 1347 3018 praesentes

319 3021 642 3070 committimus,
669 3021 709 3060 &
738 3019 999 3072 mandamus,
1024 3030 1221 3076 quatenus
1248 3036 1346 3064 con-

321 3079 415 3121 stito
431 3079 523 3120 Tibi
538 3078 590 3120 de
607 3078 777 3120 narratis
793 3107 807 3128 ‚
840 3077 989 3121 eisdem
1005 3078 1252 3122 officialibus
1267 3109 1281 3132 ,
1306 3083 1345 3122 δε
1365 3090 1367 3093 ·

319 3135 609 3180 Confratribus
624 3164 637 3187 ,
665 3146 709 3177 ut
726 3136 789 3192 ipfi
808 3135 973 3178 domum
988 3139 1213 3192 praedidtam
1226 3168 1239 3190 ,
1255 3154 1348 3195 pre-

318 3196 380 3237 tio
396 3195 511 3251 supra
531 3191 967 3249 expreffo‚mem0ratis
983 3197 1226 3239 Monialibus
1250 3212 1346 3241 ven-

319 3254 446 3303 dere,
475 3255 515 3295 δε
532 3253 740 3303 alienare,
771 3252 979 3308 ipsumque
998 3256 1174 3312 pretium
1204 3257 1244 3299 in
1266 3270 1348 3300 em-

321 3313 503 3367 ptionem
519 3322 582 3354 tot
595 3312 767 3354 aliorum
789 3313 987 3356 bonorum
1008 3315 1203 3357 stabilium
1216 3314 1345 3370 hujus-

323 3370 463 3422 modi,
492 3373 589 3412 ficut
624 3371 879 3426 praemittitur
893 3400 907 3422 ,
944 3371 993 3413 ad
1027 3371 1208 3416 favorem
1233 3373 1346 3417 dictae

323 3426 691 3472 confraternitatis
706 3459 721 3481 ,
748 3431 881 3473 &non
901 3431 938 3473 in
953 3430 1049 3473 alios
1067 3431 1154 3474 usus
1179 3447 1344 3476 conver-

324 3497 444 3537 tere,
471 3490 510 3529 &
538 3503 708 3544 erogare
739 3488 897 3538 libere,
927 3491 967 3530 δι
985 3489 1096 3533 licite
1111 3491 1276 3544 possint,
1304 3494 1344 3533 &

325 3547 484 3587 valeant
499 3574 512 3597 ,
544 3548 746 3590 licentiam
762 3577 778 3599 ,
793 3550 832 3590 &
849 3548 1343 3601 facultatem‚auetoritate

324 3603 467 3647 Nostra
491 3607 743 3660 Apostolica,
766 3607 964 3649 concedas
978 3634 991 3655 a
1009 3609 1048 3650 δι
1071 3609 1309 3664 impartiaris
1323 3640 1334 3651 .

327 3666 421 3705 Non
438 3663 586 3706 obstan.
603 3662 669 3706 fel.
686 3681 772 3708 rec.
793 3666 903 3709 Pauli
920 3668 974 3708 11.
990 3668 1028 3707 &
1050 3668 1220 3710 aliorum
1250 3671 1334 3712 Ro-

324 3734 533 3763 manorum
553 3723 808 3776 Pontificum,
828 3724 1161 3769 Praedecefforum
1182 3729 1350 3771 Nostro-

325 3795 431 3832 rum,
444 3780 496 3823 de
513 3781 634 3823 rebus
652 3784 836 3827 Ecclefiae
849 3799 927 3828 non
940 3785 1161 3829 alienandis
1177 3814 1191 3837 ,
1205 3788 1244 3829 &
1259 3787 1347 3830 aliis

1103 213 1628 302 Provincia

1400 324 1814 372 Constitututionibus
1829 353 1844 377 ,
1857 326 1897 367 &
1911 322 2434 379 Ordinationibus-Apostoss·

1401 389 1491 431 licis
1508 415 1522 439 ,
1554 399 1738 437 necnon,
1769 395 1965 442 qnatenus
1993 397 2093 440 opus
2121 382 2196 435 fit,
2224 382 2437 426 dietorum

1405 445 1666 493 Monasterii,
1697 445 1738 486 δι
1766 442 2126 488 Confraternitatis
2151 471 2164 493 ,
2196 442 2439 484 etiam-&c-

1403 505 1560 548 statutis
1574 532 1589 556 ‚
1614 505 1654 545 δε
1669 502 2027 546 consuetudinibus
2042 531 2056 552 ‚
2083 500 2315 557 ceterisque
2340 512 2446 541 con-

1404 564 1535 608 trariis
1561 562 1876 619 quibuseumque
1897 589 1910 602 .
1957 561 2156 603 Volumus
2186 570 2322 602 autem
2341 585 2355 608 ‚
2391 563 2443 599 ut

1406 621 1589 665 venditio
1603 651 1618 674 ‚
1638 622 1678 662 &
1693 621 1811 676 pretii
1837 618 2050 662 conversio
2067 617 2295 674 hujusmodi
2316 615 2445 658 unico

1404 690 1600 724 contextu
1627 678 1748 729 fiant,
1770 678 1837 720 vel
1861 678 2001 720 saltem
2016 676 2141 731 ipsum
2171 677 2350 733 pretium
2369 687 2453 729 pe·

1404 753 1478 782 nes
1495 742 1679 781 Montem
1691 735 1887 786 Pietatis,
1914 745 1982 778 aut
2012 734 2220 790 personam
2250 734 2332 777 fide
2354 761 2368 784 ‚
2402 733 2441 772 δε

1407 797 1666 841 facultatibus
1695 795 1883 838 idoneam
1919 793 2151 847 deponatur
2172 822 2187 845 ,
2213 793 2313 853 inde
2361 803 2445 832 non

1407 854 1682 900 amovendum
1699 883 1712 905 ,
1736 852 1804 896 nifi
1823 851 1872 894 ad
1891 851 2076 894 effectum
2093 851 2194 893 illud
2210 880 2224 903 ‚
2255 860 2301 894 ut
2338 863 2443 906 prae-

1410 912 1571 966 fertur,
1604 909 1915 962 convertendi,
1952 911 1992 951 δι
2026 909 2247 965 erogandi.
2285 911 2442 951 Datum

1412 976 1550 1016 Romae
1564 970 1669 1025 apud
1693 975 1732 1015 S·
1745 969 1918 1012 Mariam
1945 966 2143 1021 Maiorem
2167 966 2235 1007 sub
2266 965 2439 1009 Annulo

1401 1030 1615 1075 Piscatoris
1630 1029 1699 1071 die
1725 1042 1771 1070 vt
1787 1042 1821 1070 1.
1838 1026 2086 1070 Novembris
2107 1026 2444 1069 mncnxtvsPon-

1402 1086 1581 1133 tificatfis
1599 1087 1723 1130 nostri
1737 1088 1858 1129 Anno
1873 1086 2047 1128 Decimo
2061 1112 2073 1125 .

2029 1206 2072 1246 S.
2089 1202 2290 1258 Ugolinus
2309 1231 2319 1242 .

1463 1328 1608 1380 Autog.
1621 1321 1665 1365 in
1679 1325 1824 1365 Secret-
1841 1325 1959 1362 Brev.
1973 1319 2104 1378 Apost.
2121 1319 2362 1380 Reg.2menJI
2391 1320 2440 1368 ὅ·

1521 1378 1837 1438 annipraed.sol.
1857 1379 1927 1421 62.

1989 1521 2191 1534 ,---.---

1401 1624 1559 1670 Sacras
1610 1618 1842 1684 Reliquias
1905 1633 1959 1665 ex
2013 1611 2210 1665 Ecclefia
2257 1614 2441 1679 Domus

1469 1690 1560 1738 loci
1579 1689 1819 1755 S.Joannis
1841 1689 1886 1735 in
1902 1683 2126 1737 Perficeto
2140 1686 2336 1744 extrahi,
2356 1699 2439 1735 aut

1472 1760 1571 1808 aliis
1589 1756 1798 1810 Ecclefiis
1827 1755 2112 1805 commodari
2128 1790 2145 1813 ,
2169 1752 2440 1806 subcensu-

1480 1831 1568 1886 ris,
1597 1825 1644 1877 ὅ(
1665 1829 1811 1894 poenis
1829 1826 2039 1895 prohibet
2056 1862 2068 1874 .

1408 1957 1922 2007 CLEMENS
2008 1957 2287 2006 PAPA
2370 1959 2435 2008 X.

1601 2085 1670 2129 Ad
1682 2084 1876 2142 suturam
1899 2085 1958 2126 rei
1981 2080 2231 2126 memoriam.

1506 2200 1814 2249 Onservationi‚
1831 2203 1867 2241 &
1884 2201 2182 2249 manutentioni
2199 2204 2439 2252 Sacrarum,

1532 2270 1575 2302 ut
1637 2260 1701 2315 pie
1755 2258 1940 2300 creditur
1970 2288 1984 2310 2
2037 2262 2272 2303 Sauzstorum
2322 2259 2443 2301 Reli-

1404 2320 1619 2374 quiarum,
1648 2330 1744 2372 quas
1762 2318 1805 2359 in
1832 2317 2013 2359 Ecclesia
2038 2316 2190 2360 Domfis
2211 2321 2441 2361 Fratrum-,a

1404 2377 1571 2420 Ordinis
1603 2377 1807 2419 Minorum
1832 2378 1873 2418 S.
1900 2377 2098 2419 francisci
2125 2377 2437 2432 Capucinorum

1404 2445 1722 2491 nuncupatorum
1737 2466 1753 2487 ‚
1774 2437 1911 2477 Terrae
1939 2433 2003 2476 seu
2023 2435 2119 2477 Loci
2146 2438 2372 2492 S.J0annis
2390 2434 2433 2476 in

1404 2493 1879 2544 Perficeto‚ssononienfis
1897 2493 2089 2535 Dioecefis
2103 2522 2117 2545 ,
2130 2504 2328 2548 quantum
2343 2507 2436 2535 cum

1409 2553 1584 2595 Domino
1600 2549 1795 2607 possumus
1812 2580 1825 2602 ,
1852 2551 2026 2607 benigne
2041 2552 2276 2600 consulere,
2302 2553 2342 2592 δε
2357 2552 2434 2592 Di-

1407 2611 1534 2653 le&os
1552 2611 1673 2652 Filios
1704 2609 1917 2653 modernos
1937 2611 2242 2660 Cum-dimum,
2270 2611 2309 2650 δι
2338 2611 2436 2651 Pra-

1409 2679 1492 2712 tres
1532 2669 1643 2711 dietae
1682 2667 1835 2711 Domfis
1862 2667 2102 2724 specialibus
2134 2667 2338 2710 favoribus
2353 2696 2367 2719 ‚
2397 2670 2436 2709 &t

1410 2728 1548 2784 gratiis
1563 2723 1748 2784 prosequi
1762 2729 1949 2769 volentes
1966 2756 1980 2778 ,
2009 2729 2049 2768 &
2063 2741 2204 2770 eorum
2221 2726 2436 2782 singulares

1407 2785 1594 2842 personas
1610 2801 1634 2837 5
1651 2787 1671 2827 :i
1688 2786 1885 2842 quibusvis
1907 2785 2334 2828 excommunicationis
2356 2785 2436 2825 &c-

1407 2848 1447 2887 &
1462 2843 1663 2888 absolutas
1690 2844 1779 2887 fore
1796 2846 2008 2887 censentes
2021 2876 2036 2896 ,
2070 2843 2435 2901 supplicationibus

1406 2905 1606 2947 dic‘torum
1642 2903 1868 2946 Guardiani
1886 2932 1899 2953 ‚
1936 2906 1976 2945 &
2014 2907 2200 2946 Fratrum
2241 2904 2404 2946 nomine
2419 2930 2436 2952 2

1406 2964 1536 3007 Nobis
1550 2961 1665 3017 super
1693 2963 1769 3004 hoc
1785 2963 1994 3005 humiliter
2018 2963 2211 3018 porrec‘tis
2227 2990 2241 3013 ,
2267 2960 2437 3004 inclina·

1406 3023 1436 3064 ti
1455 3050 1469 3074 ‚
1502 3036 1551 3064 ne
1578 3021 1630 3063 de
1652 3033 1792 3064 cetero
1807 3023 1952 3077 quaevis
1970 3021 2163 3076 persona,
2191 3022 2273 3063 five
2289 3022 2434 3073 Regu-

1406 3081 1500 3124 laris
1514 3108 1528 3131 ,
1546 3079 1624 3122 five
1639 3079 1846 3124 Saecularis
1861 3109 1874 3131 ,
1900 3079 2072 3135 cujusvis
2089 3077 2208 3122 statiis
2224 3107 2237 3129 ,
2253 3077 2410 3121 ordinis
2422 3106 2435 3127 ,

1406 3139 1678 3190 conditionis,
1706 3139 1938 3195 qualitatis,
1962 3141 2002 3180 δι
2034 3138 2240 3193 dignitatis
2256 3163 2271 3186 2
2301 3137 2430 3179 etiam
2467 3157 2470 3161 ·

1406 3197 1715 3246 Ecclefiasticae,
1742 3199 2044 3254 &quacumque
2072 3197 2341 3245 auctoritate,
2367 3192 2431 3234 su-

1408 3257 1647 3314 perioritate
1666 3285 1679 3307 ‚
1702 3259 1742 3298 &
1766 3255 1902 3299 officio
1918 3255 2116 3312 fungens,
2141 3255 2263 3298 etiam
2283 3251 2434 3294 indivi-

1406 3315 1485 3358 dua
1501 3316 1708 3359 mentione
1721 3316 1841 3370 digna
1855 3344 1868 3366 ‚
1889 3315 2096 3371 Reliquias
2111 3313 2312 3369 praediffiias
2328 3339 2341 3362 ‚
2364 3308 2432 3352 seu

1408 3389 1549 3418 eorum
1564 3375 1735 3433 aliquam
1752 3385 1940 3430 partem,
1954 3376 2077 3417 etiarn
2091 3372 2322 3421 minimam,
2343 3368 2432 3411 aliis

1406 3433 1599 3477 Ecclefiis
1617 3462 1630 3484 ,
1646 3434 1896 3476 Monasteriis
1909 3462 1923 3484 ,
1942 3432 2007 3475 seu
2027 3431 2144 3474 Locis
2158 3429 2232 3485 piis
2247 3442 2433 3472 commo-

1404 3492 1532 3542 dare,
1562 3503 1631 3534 aut
1658 3494 1725 3535 sub
1752 3493 1892 3549 quovis
1917 3492 2078 3546 quaesito
2108 3489 2250 3530 colore
2271 3516 2285 3538 ,
2318 3488 2433 3541 inge-

1403 3553 1471 3594 nio
1484 3579 1498 3601 ‚
1518 3550 1632 3594 causa
1649 3579 1664 3602 ,
1687 3552 1844 3594 ratione
1857 3575 1871 3597 a
1885 3559 1954 3590 aut
1968 3545 2176 3591 occasione
2190 3548 2213 3590 ὲ
2226 3546 2331 3588 dieta
2353 3548 2434 3587 Ec-

1398 3611 1517 3652 clefia
1529 3641 1544 3663 ,
1575 3609 1640 3652 seu
1657 3609 1762 3652 illius
1780 3607 1961 3651 sacristia
1978 3607 2198 3649 extrahere
2211 3635 2226 3657 ,
2240 3606 2432 3661 &aspor-

1395 3680 1513 3721 tare,
1528 3668 1593 3712 seu
1611 3678 1680 3720 ,ut
1705 3667 2042 3715 commodentur,
2068 3668 2107 3706 &
2121 3667 2400 3709 extrahantur
2414 3692 2430 3716 ‚

1410 3729 1679 3784 permittere,
1705 3737 1775 3771 aut
1802 3726 2032 3769 consentire
2046 3724 2226 3775 audeat,
2253 3723 2322 3768 seu
2337 3737 2439 3778 prae-

1409 3785 1630 3840 sumat‚sub
1644 3785 2072 3830 excommunicationis
2090 3783 2179 3827 latae
2201 3783 2443 3887 sengentiae3

2307 3855 2385 3898 qua
