2762 4088
813 233 1319 325 ELEN

1371 236 1870 329 CHvs.

2143 247 2357 335 xlvii.

313 348 682 410 DecretoSacroe
698 353 1094 426 congregationis
1110 354 1297 425 Episco·
1357 357 1791 417 confraternitate,
1822 362 1868 408 in
1896 362 2092 413 Ecclesia
2122 371 2302 418 Sanctae
2324 372 2420 417 Ma·

245 448 448 500 porum,
469 428 521 480 &
550 425 894 495 Regularium,
922 429 1102 477 Domui
1134 426 1296 478 nostrae

242 501 459 557 Cesenoe,
485 497 582 548 duo
606 497 730 566 petia
741 498 1008 556 vinearum,
1041 501 1209 566 partim
1238 500 1297 549 ad

243 569 554 625 Seminarium
583 602 602 627 ,
643 568 816 637 partim
842 567 901 618 ad
933 567 1298 620 Confraternita-

243 659 342 696 tem
369 639 525 693 Sanffi
565 639 844 692 Homoboni
869 640 982 690 inibi
1019 638 1268 710 spectantia
1285 678 1302 700 ,

241 728 330 786 pro
364 710 638 764 instituenda
675 708 816 780 sylva
849 712 1042 762 alienari
1087 713 1299 783 indulge-

240 785 344 838 tur.
387 796 392 800 ”
1181 802 1300 848 251.

310 854 586 924 Rescripto,
607 856 912 925 Rrivilegium
939 856 1119 907 Altaris
1149 857 1195 905 in
1218 860 1302 907 Ec-

241 927 376 978 clesia
389 927 575 978 Domiis
595 926 749 978 Sansti
776 928 973 997 joannis
1003 929 1050 977 in
1075 929 1301 978 Perficeto

243 1000 302 1050 ad
352 1016 516 1050 omnes
570 998 874 1050 hebdomadae
918 997 1056 1049 ferias
1101 999 1304 1051 extendi-

244 1088 322 1123 tur
339 1109 352 1122 .
1185 1092 1211 1122 2
1222 1090 1303 1137 52.

314 1216 717 1269 PROVINCIA
756 1215 1217 1269 LOMBARDIAE.

313 1364 528 1413 Hortum
540 1395 555 1417 ,
573 1358 686 1408 alias
699 1375 782 1427 per
797 1356 1157 1409 Testamentum
1173 1362 1304 1411 Con·

242 1427 417 1482 stantiae
442 1431 640 1482 Zobolae
658 1431 940 1499 Pauperibus
958 1431 1134 1482 Christi
1151 1433 1302 1501 hypo·

244 1503 415 1554 thetice
435 1502 649 1553 relictum
665 1539 680 1561 ,
711 1503 738 1551 ὲ
765 1505 956 1553 Comite
973 1506 1181 1555 Horatio
1198 1506 1302 1553 Ma-

244 1575 427 1646 legutio
446 1574 645 1626 Haerede
664 1609 678 1631 ,
711 1575 950 1624 Fratribus
969 1592 1054 1642 pro
1073 1574 1302 1626 fundatio-

246 1664 304 1697 ne
320 1644 506 1698 Domfis
521 1682 537 1704 ‚
572 1644 621 1697 dt
641 1645 854 1696 Ecclefiae
869 1650 1004 1717 Regii
1025 1648 1176 1707 tradi,
1200 1648 1303 1717 Epi·

247 1715 388 1787 scopo
405 1720 518 1768 Loci
539 1719 813 1767 committit.
828 1718 1164 1786 Gregor.X111.
1185 1738 1209 1768 2
1221 1738 1245 1783 5
1259 1736 1303 1780 5.

320 1787 576 1840 Ecclesiam
617 1791 820 1839 ruralem
849 1789 1004 1840 Santsti
1034 1793 1270 1841 Laurentii
1287 1827 1304 1850 ‚

246 1864 297 1912 in
314 1862 579 1912 Territorio
594 1857 772 1911 Casalis
785 1863 982 1925 Majoris
1009 1862 1276 1913 existentem
1288 1899 1305 1922 ,

169 1934 171 1937 ’
247 1934 277 1984 ὲ
293 1930 595 2002 Praepositura
616 1932 771 1983 Sansti
793 1933 1002 1983 Abundii
1026 1939 1273 1986 Cremonae
1288 1971 1303 1993 ,

248 2006 377 2075 prius
394 2002 453 2053 ad
468 2002 700 2054 Ordinem
716 2007 1095 2057 Humiliatorum
1108 2004 1308 2075 spestan-

249 2092 295 2127 te
311 2111 327 2136 ‚
342 2073 392 2128 ὅ(
410 2073 564 2144 postea
580 2077 625 2124 in
647 2076 994 2128 Commendam
1008 2080 1308 2150 Archangelo

250 2146 495 2200 Cardinali
517 2148 752 2198 Theanen.
783 2165 1048 2219 nuncupato
1076 2148 1279 2200 concessa
1296 2186 1312 2209 ,

256 2237 367 2270 cum
389 2235 502 2290 agro
519 2221 745 2289 contiguo
762 2219 1118 2281 dismembrati,
1136 2222 1186 2274 ὅ(
1203 2226 1238 2272 F
1245 2241 1312 2272 ra-

257 2291 406 2341 tribus
424 2308 509 2360 pro
523 2290 804 2342 habitatione
819 2328 836 2352 ‚
868 2291 918 2344 &
937 2291 1021 2343 usu
1052 2293 1310 2364 consignari

253 2362 469 2432 indulget
483 2398 496 2410 .
571 2360 688 2411 Idem
703 2399 715 2411 .
1190 2374 1310 2430 256.

327 2437 406 2483 Fr.
427 2436 615 2484 Petrum
636 2434 660 2482 a
690 2435 922 2485 Placentia
938 2470 954 2494 ,
979 2434 1037 2485 ab
1054 2436 1311 2487 Archicon-

254 2502 539 2554 fraternitate
566 2502 854 2563 Confalonis-
869 2506 927 2556 de
955 2507 1088 2562 Urbe
1110 2526 1197 2577 pro
1219 2513 1313 2561 Ca-

254 2578 497 2645 ptivorum
533 2576 853 2645 redemptione
873 2579 1119 2648 Algerium
1137 2616 1153 2638 ,
1174 2579 1224 2631 &
1251 2580 1310 2630 ad

251 2649 362 2697 alias
379 2645 553 2698 Africae
581 2662 732 2717 partes
746 2648 1042 2714 ablegatum,
1078 2653 1217 2702 variis
1250 2650 1312 2701 fa-

252 2719 504 2769 cultatibus
518 2722 798 2770 communit.
813 2717 926 2771 Idem
938 2741 1029 2771 cum
1043 2737 1141 2772 nota
1157 2759 1170 2771 .
1191 2741 1216 2771 2
1228 2741 1253 2787 5
1263 2726 1310 2772 8.

330 2790 525 2841 Indulto
540 2789 785 2842 Pontificio
802 2827 816 2849 ‚
836 2798 998 2843 curam
1027 2795 1310 2844 Animarum

256 2861 315 2911 ab
334 2859 533 2912 Ecclesia
551 2863 809 2929 Parochiali
827 2864 1185 2933 SanstiJoannis
1203 2869 1315 2934 Bap-

255 2930 371 2983 tistae
403 2935 613 3002 Corrigii
640 2931 866 3000 separari,
888 2936 1094 3003 hancque
1111 2953 1197 3004 pro
1210 2953 1316 2985 con-

258 3003 511 3055 struRione
550 3001 738 3055 Domus
782 3005 1024 3056 Fratribus
1058 3005 1315 3077 consignari

258 3075 524 3127 decernitur
545 3111 558 3125 .
629 3093 721 3124 cum
735 3091 834 3125 nota
851 3112 864 3125 .
1198 3095 1223 3125 2
1235 3096 1317 3141 59.

331 3145 536 3216 Epistola
555 3150 704 3198 Sacrae
724 3147 1116 3216 Congregationis
1139 3147 1320 3217 Episco-

258 3235 431 3289 porum
467 3215 517 3267 ἃ
543 3219 855 3285 Regularium
871 3254 887 3278 ,
921 3216 1200 3268 construetio
1215 3222 1320 3269 Mo—

260 3289 442 3341 nasterii
474 3289 757 3338 Monialium
791 3291 835 3338 in
870 3291 1076 3341 Civitate
1118 3293 1320 3348 Parmae,

260 3359 494 3432 Episcopo
507 3360 824 3409 committitur
837 3395 851 3409 .
1225 3360 1290 3408 ibi
1309 3396 1321 3409 .

342 3437 421 3484 Fr.
455 3432 660 3481 Nicolao
717 3433 981 3481 Mantuano
1026 3430 1327 3480 Sereniffimae

269 3506 420 3555 Annae
457 3503 719 3554 Catharinae
748 3501 947 3552 Austriae
997 3499 1325 3552 Archiduciffae

271 3572 589 3632 Confessario,
615 3575 664 3623 in
688 3575 821 3635 hujus
851 3571 1024 3623 aedibus
1050 3589 1159 3622 cum
1187 3574 1327 3624 Socio

270 3649 444 3695 morari
457 3645 702 3716 indulget.
729 3645 884 3695 Paulus
895 3650 959 3696 V.
1232 3644 1325 3694 ibi.

344 3717 684 3767 Monasterium
716 3719 999 3767 Monialium
1027 3716 1071 3764 in
1091 3715 1328 3765 Civitates

269 3787 534 3838 Placentina
552 3791 670 3859 erigi
690 3807 704 3848 3
731 3805 806 3839 eas
822 3788 903 3838 sub
919 3802 1138 3857 perpetua
1153 3785 1329 3837 clausu·

267 3875 321 3909 ra
338 3892 357 3920 ,
380 3855 762 3924 &jurisdictione
778 3860 1020 3914 Ordinarii
1039 3861 1243 3911 viventes
1261 3894 1278 3919 ,
1302 3860 1327 3908 εὶ

1360 434 1435 481 riae
1473 430 1529 482 de
1565 433 1830 482 Turricella
1872 432 2019 480 eresta
2060 433 2322 499 sustentari3
2366 442 2421 489 iis

1361 505 1520 551 omnia
1553 503 1750 552 Ordinis
1781 502 2027 573 privilegia
2057 514 2423 569 communicari,

1363 591 1415 621 ac
1433 570 1742 623 Confeffarios
1757 610 1772 633 ,
1806 571 1855 625 ὅ(
1873 575 2153 642 Capellanos
2170 597 2222 626 ex
2237 582 2421 630 Ordine

1362 641 1587 713 designari
1606 680 1620 700 ‚
1654 646 1845 695 Vicario
1867 646 2085 693 Generali
2102 646 2271 698 ibidem
2289 668 2420 698 com·

1360 716 1507 765 mittit
1524 750 1536 762 .
1576 712 1691 764 Idem
1708 752 1724 775 ,
1755 735 1844 765 cum
1858 731 1955 764 nota
1967 747 1983 764 .
2298 731 2416 769 260.

1434 789 1660 856 Legatum
1678 789 1831 854 pium,
1848 786 1958 837 alias
1979 804 2057 854 per
2073 787 2424 841 Testamentum

1362 854 1589 907 Francisci
1604 858 1807 907 Gandini
1825 894 1839 915 ,
1870 858 2046 908 Domui
2066 863 2279 909 Fratrum
2298 865 2426 911 Con-

1362 931 1650 979 ventualium
1669 927 2049 979 Reformatorum
2063 965 2077 986 ‚
2094 930 2139 980 ἃ
2159 931 2306 999 postea
2323 930 2422 997 sup·

1361 1000 1615 1070 pressorum
1654 1001 1867 1050 relietum
1885 1037 1900 1058 ,
1936 1018 2020 1068 pro
2062 997 2234 1051 fabrica
2266 1003 2426 1051 nostrat

1364 1071 1549 1124 Domiis
1574 1070 1725 1124 Castri
1742 1073 2103 1142 Sanc‘tiJoannis
2123 1074 2341 1142 applicari
2360 1076 2425 1122 in-

1364 1145 1559 1216 dulget.
1634 1143 1995 1195 UrbanusVlll.
2027 1162 2116 1193 cum
2132 1161 2230 1193 nota
2254 1182 2266 1195 .
2307 1154 2374 1192 26
2380 1163 2425 1207 3.

1439 1214 1737 1286 Alphonsum
1765 1221 1836 1267 11.
1855 1216 2055 1266 Mutinae
2074 1251 2090 1274 ,
2122 1219 2258 1284 Regii
2290 1220 2423 1284 Lepi-

1365 1287 1413 1338 di
1434 1288 1526 1340 &c-
1538 1292 1724 1338 Ducem
1739 1324 1755 1347 ,
1775 1285 1984 1356 suscepto
1998 1287 2194 1339 Ordinis
2211 1287 2392 1343 Habitu
2409 1324 2426 1347 ,

1366 1358 1634 1410 immediate
1669 1361 1727 1410 ad
1743 1359 1988 1413 Votorum
2008 1358 2285 1410 solemnium
2315 1363 2429 1410 Pro-

1360 1430 1599 1482 feffionem
1627 1431 1842 1490 admitti,
1873 1435 1922 1483 P.
1957 1432 2237 1483 Provinciali
2266 1433 2430 1498 Tyro-

1361 1502 1471 1555 lensi
1490 1505 1746 1555 committit
1761 1540 1773 1552 .
1810 1502 1926 1554 Idem
1942 1538 1958 1552 .
2292 1513 2411 1565 265.

1434 1575 1601 1626 Eidem
1622 1574 1866 1645 Alphonso
1889 1611 1904 1634 ,
1935 1575 2051 1626 duos
2072 1579 2256 1626 Fratres
2276 1573 2334 1624 ad
2346 1574 2429 1623 ob·-

1363 1645 1516 1717 sequia
1534 1647 1747 1698 destinari
1769 1646 1982 1698 concedit
2007 1683 2019 1696 .
2071 1645 2187 1697 Idem
2204 1684 2216 1696 .
2305 1655 2425 1694 266.

1434 1718 1730 1779 Sereniffimo
1747 1722 1869 1770 Duci
1893 1717 2132 1770 Francisco
2151 1755 2165 1777 ,
2198 1714 2428 1786 Alphonfi

1367 1792 1488 1841 Filio
1506 1828 1520 1850 ‚
1554 1794 1682 1859 pium
1705 1794 1851 1842 Patris
1869 1789 2153 1859 propositum
2172 1828 2185 1849 ,
2215 1794 2239 1843 ὲ
2257 1791 2431 1839 Vulne-

1366 1863 1493 1913 ribus
1513 1861 1743 1913 Crucifixi
1762 1899 1777 1922 ,
1810 1862 1859 1914 <Sc
1886 1863 2042 1914 Sancti
2062 1859 2433 1931 FrancisciStig·

1366 1934 1567 1984 maribus
1587 1936 1782 2003 petitum
1799 1933 1884 1984 effe
1902 1931 2142 2004 respondet
2156 1971 2169 1984 .
2187 1934 2300 1984 Idem
2316 1969 2327 1981 .
2345 1933 2426 1982 ibi.

1442 2004 1659 2074 Ejusdem
1696 2006 1919 2074 Alphonfi
1939 2042 1954 2065 ,
1991 2011 2091 2071 jam
2126 2011 2202 2057 Fr.
2228 2007 2428 2076 Joannis

1372 2076 1617 2146 Baptistae,
1648 2076 1966 2130 Confeffiones
2003 2079 2363 2128 sacramentales
2393 2076 2422 2123 a

1371 2150 1544 2208 Socio,
1580 2154 1657 2200 Fr.
1679 2153 1866 2219 Joanne
1896 2149 1954 2199 de
1983 2148 2186 2207 Sestola,
2226 2146 2427 2214 absque,

1372 2223 1735 2272 Ordinatiorum
1751 2257 1768 2280 ,
1813 2221 1863 2272 ὅ(
1896 2223 2205 2288 Superiorum
2243 2217 2427 2269 licentia

1371 2292 1540 2358 ubique
1555 2294 1707 2361 excipi
1726 2331 1742 2352 ,
1759 2295 1993 2360 aliumque
2006 2295 2196 2343 Socium
2214 2289 2430 2359 subroga-

1370 2366 1410 2414 ri
1426 2362 1675 2414 confirmat
1689 2401 1702 2414 .
1753 2363 1870 2414 Idem
1885 2399 1902 2423 ,
1933 2383 2026 2413 cum
2053 2381 2152 2413 nota
2171 2400 2184 2413 .
2311 2372 2428 2419 267.

1443 2438 1609 2487 Literis
1642 2439 1792 2487 Sacrae
1824 2437 2213 2507 Congregationis
2239 2431 2426 2501 Episco-

1369 2525 1537 2577 porum
1558 2544 1572 2567 ,
1603 2506 1652 2559 ὅ(
1687 2510 1994 2578 Regularium
2011 2544 2027 2566 ,
2050 2509 2298 2576 Capellam
2321 2505 2426 2553 hor·

1371 2594 1422 2630 to
1451 2577 1635 2630 Domfis
1687 2582 1798 2628 Loci
1827 2578 2068 2630 Scandiani
2097 2578 2220 2627 conti
2261 2593 2364 2624 uam
2399 2577 2427 2623 ἑ

1375 2649 1768 2702 Confraternitate
1787 2649 1963 2699 Sant‘iae
1983 2651 2153 2699 Crucis
2165 2593 2306 2696 desgeri
2320 2680 2335 2701 ,
2369 2642 2418 2694 ὅ(

1372 2721 1558 2771 tandem
1580 2722 1760 2789 penitus
1788 2720 2038 2776 demoliri,
2072 2715 2303 2786 Episcopo
2337 2718 2428 2763 Re·

1370 2789 1512 2862 gienfi
1527 2791 1845 2839 committitur
1862 2826 1875 2839 .
1914 2809 2004 2838 cum
2022 2805 2121 2836 nota
2149 2823 2162 2837 .
2308 2794 2427 2844 269.

1445 2861 1729 2911 Monialibus
1745 2864 1913 2910 Parmae
1931 2856 2267 2911 Confeffarium
2283 2872 2427 2905 extra·

1378 2933 1663 2982 ordinarium
1680 2947 1841 2998 quater
1865 2934 1910 2981 in
1938 2947 2057 2980 anno
2083 2928 2274 2979 concedi
2303 2945 2429 2975 man-

1378 3003 1456 3053 dat
1471 3038 1484 3050 .
1523 3000 1637 3051 Idem
1671 3021 1760 3050 cum
1775 3018 1877 3050 nota
1892 3037 1905 3050 .
2307 3015 2423 3055 270.

1454 3072 1648 3123 Duciffae
1682 3070 1932 3121 Mutinensi
1966 3072 2187 3121 Lucretiae
2206 3086 2283 3136 pet
2304 3067 2430 3114 Viri·

1381 3144 1561 3194 darium
1578 3142 1849 3192 Conventfis
1861 3146 1915 3192 M
1923 3143 2056 3190 utinae
2069 3159 2175 3189 cum
2193 3139 2272 3188 suo
2284 3135 2426 3186 famu·

1379 3217 1477 3266 latu
1495 3212 1615 3266 reste
1632 3212 1690 3262 ad
1706 3211 1957 3263 Ecclesiam
1978 3215 2195 3263 Fratrum
2222 3212 2289 3259 ire
2316 3225 2419 3275 per-

1381 3290 1526 3338 mittit
1538 3323 1551 3337 .
1606 3283 1855 3336 Alexander
1874 3286 2026 3334 V111.
2309 3297 2371 3338 27
2386 3297 2427 3327 t.

1456 3351 1732 3409 Conventus
1783 3353 2071 3405 Lombardiae
2117 3351 2140 3398 :i
2186 3352 2430 3400 Provincia

1388 3426 1658 3479 Bononiensi
1681 3424 1873 3494 separari
1895 3461 1908 3481 ,
1927 3423 1974 3475 ἃ
1991 3442 2044 3471 ex
2064 3423 2116 3471 iis
2138 3423 2430 3471 Provinciam

1386 3499 1642 3550 distintiam
1669 3499 1788 3567 erigi
1820 3495 2101 3546 committit.
2140 3489 2433 3543 Ven.D.S.In-

1386 3575 1596 3621 nocentius
1613 3571 1708 3620 XI.
2337 3563 2401 3610 ibi
2417 3597 2431 3611 .

1459 3641 1608 3693 Aliud
1624 3638 1901 3690 Monialium
1918 3631 2250 3687 Monasterium
2265 3634 2290 3683 a
2308 3638 2434 3683 Sere-

1387 3711 1566 3762 niffima
1592 3709 1772 3763 Duciss'a
1788 3710 1934 3757 Maria
1949 3710 1992 3756 in
2008 3707 2212 3759 Civitate
2229 3709 2403 3755 Paimae
2417 3738 2433 3761 ,

1388 3801 1474 3851 pro
1515 3782 1767 3831 duodecim
1805 3777 2086 3829 Clioralibus
2102 3813 2116 3834 ,
2155 3775 2202 3827 ὅ(
2234 3791 2433 3841 quatuor

1390 3855 1640 3907 Conversis
1671 3850 1852 3902 fundari
1877 3871 1892 3911 ;
1935 3868 1988 3900 ex
2020 3854 2271 3901 Partenone
2287 3849 2435 3957 ssGlua-

2320 3931 2338 3956 a
2360 3937 2377 3947 .
