2762 4030
958 154 1384 243 Provincia
1432 158 1831 246 Romana.

2267 202 2368 288 13

583 276 781 346 Hospitio
794 272 874 340 fia
893 271 1034 338 Asjtla
1063 272 1264 324 Fratrum
1282 275 1618 343 quastuantium,
1638 284 1692 328 &
1708 281 2000 333 itinerantium
2015 283 2085 337 ΙΙ.

584 345 844 413 Monasteria
873 340 1136 394 Martialium
1165 345 1468 413 Capacinarum
1495 347 1646 398 firme
1667 349 1821 398 talium
1836 347 1903 399 II.

442 422 732 477 conventuum
745 450 763 475 ,
795 414 998 466 Fratrum
1015 451 1032 474 ‚
1059 418 1115 465 (θ’
1143 415 1494 484 Monasteriorum
1506 418 1769 472 Monialium
1790 422 1918 485 hujus
1948 423 2186 477 Pro-vincte
2200 465 2216 488 ‚
2219 432 2336 499 ficut
2374 441 2430 485 ἐς*

302 500 483 552 aliam„
497 490 857 545 provinciarum,
881 504 1056 559 quarum
1080 486 1233 541 Bullas
1255 494 1346 538 &a
1371 489 1547 557 praeftns.
1575 488 1731 541 Tomur
1746 490 1969 542 exhibebit
1983 502 2174 553 ,nomina
2202 505 2431 554 individua

301 570 425 624 dabit
442 558 636 620 Tabula,
649 558 709 610 ad
720 559 848 625 hujus.
869 561 1004 624 operis
1018 559 1170 607 calcem
1188 561 1426 624 apponenda
1438 596 1450 608 .

440 631 701 687 Celebriores
721 664 736 689 ,
759 648 845 700 qua
865 627 918 678 ab
942 634 1102 698 origine
1129 631 1255 694 hujtes
1276 629 1520 681 Provinciae
1536 630 1779 684 emanarunt
1791 669 1813 694 2
1837 653 1929 685 eam
1949 654 2231 689 concernentes
2244 639 2397 695 ‘Bulla
2416 683 2433 706 ,

299 711 470 766 Brevia
487 704 727 773 Apostolica
737 733 757 762 ‚
785 703 972 752 Decreta
983 701 1187 772 &astant
1202 736 1219 765 ‚
1249 719 1335 776 que
1338 702 1573 771 sequuntur
1587 735 1605 752 .

299 871 673 895 ...---—-

292 1004 539 1060 Fratribus
549 1020 606 1053 ex
619 1005 779 1053 Domo
794 1004 844 1052 S.
857 1000 1019 1051 Mariae
1035 1003 1342 1053 Annuntiatae

362 1095 509 1149 prope
553 1074 818 1126 Civitatem
852 1071 1336 1128 Urbeveteranensem

361 1150 495 1202 varia
518 1142 774 1196 incomoda,
798 1142 1077 1214 patientibus
1102 1182 1119 1206 ,
1165 1145 1226 1196 ad
1253 1150 1337 1197 Ec-

363 1218 548 1273 clessam
565 1215 863 1270 StBernard't
886 1213 1095 1276 ibidem,
1120 1214 1164 1266 se
1196 1214 1338 1269 trans-

360 1289 539 1344 ferendi
557 1325 574 1349 ,
605 1289 812 1358 hancque
831 1304 1237 1357 pronovaeorum
1257 1290 1338 1340 ha-

361 1363 588 1415 bitatione
597 1359 842 1431 adaptandi
854 1396 871 1420 ,
885 1378 938 1410 ac
952 1359 1186 1421 mutandi,
1206 1365 1250 1412 A
1255 1377 1346 1431 po-

361 1434 574 1487 stolicam
604 1431 881 1484 facultatem.
893 1432 1094 1503 largitur
1111 1469 1133 1482 a

293 1558 598 1614 PIUS
680 1554 1345 1609 EPISCOPUS.

560 1677 715 1718 Servus
733 1678 957 1719 Servorum
972 1672 1078 1714 Dei.

492 1784 803 1842 Adperpetuam
812 1783 876 1823 ret·
885 1783 1114 1824 memoriam
1127 1810 1139 1822 .

427 1884 602 1930 Ebituut
620 1881 846 1929 Pastoralis·
864 1880 991 1925 officii
1015 1881 1146 1927 Nobis
1171 1896 1222 1926 ex
1247 1881 1346 1924 alto-

444 1943 624 1990 conceffi-
646 1942 818 2000 requirit
834 1970 858 1995 ,‚
873 1956 919 1986 ac
934 1944 1028 1986 Nos
1050 1941 1101 1985 ad
1123 1941 1175 1984 id·
1195 1956 1335 1998 prom-

292 2020 388 2065 ptos
412 2006 567 2050 excitat
582 2033 598 2057 ,
623 2013 667 2046 ut
691 2002 743 2045 ad
758 2016 804 2046 ea
820 2031 835 2053 ,
862 2015 941 2058 per
957 2015 1044 2059 quae
1069 2002 1332 2058 personarum

291 2064 602 2124 quarumlibet,
632 2061 850 2120 praesertim
877 2060 948 2104 sub
977 2061 1159 2117 regulari
1190 2062 1334 2105 obser-

294 2127 432 2169 vautia
448 2155 465 2177 ,
494 2123 712 2178 studiopiae
727 2119 981 2165 vitat-allidue
999 2125 1235 2165 vacantium
1249 2135 1342 2164 non.

291 2183 419 2228 solum
435 2182 834 2239 dispendiisoccurri
847 2208 861 2231 ,
884 2181 1027 2226 verum
1052 2180 1180 2224 etiam
1195 2179 1335 2237 profe-

293 2245 424 2289 &ibus
452 2241 610 2289 consuli
640 2239 757 2298 poffit
779 2269 794 2292 ,
834 2239 1016 2283 libenter
1043 2240 1304 2283 intendamus
1321 2270 1335 2292 ‚

293 2317 341 2347 ac
368 2305 408 2347 in
422 2303 486 2347 his
500 2334 516 2358 .,
543 2311 665 2360 prout
689 2298 886 2356 expedire
903 2298 1173 2353 conspicimus
1187 2329 1204 2350 ‚
1231 2300 1336 2355 ejus-

293 2361 390 2404 dem
407 2361 535 2405 officii:
546 2370 693 2417 partes.
713 2357 999 2399 favorabiliter
1017 2357 1306 2411 impertiamur
1323 2385 1335 2397 .

293 2418 460 2463 Dudum
486 2418 680 2476 siquidem
703 2415 839 2459 omnia
863 2413 1064 2457 beneficia
1081 2412 1335 2457 Ecclesiasti-

293 2493 341 2521 ca
369 2477 477 2535 apud
508 2477 660 2522 sedem
688 2473 971 2530 Apostolicam.
991 2482 1092 2516 tunc
1123 2473 1335 2524 vacantia,

290 2539 381 2580 &in
399 2546 519 2578 antea
545 2542 736 2577 vacatura
751 2560 764 2584 ,
779 2531 1024 2584 collationi,
1052 2533 1093 2572 ἃ.
1110 2531 1337 2588 dispofitio·

289 2597 332 2640 ni
349 2595 492 2639 nostrae
509 2591 835 2642 reservavimus,
858 2589 1136 2633 decernentes
1165 2605 1216 2633 ex
1236 2602 1333 2634 tunc

290 2656 452 2699 irritum
483 2683 498 2707 ,
530 2655 568 2696 &
598 2653 720 2694 inane
734 2652 791 2702 ‚st
815 2648 925 2691 secus
952 2648 1071 2706 super
1100 2651 1158 2692 his
1177 2649 1200 2692 ἃ
1230 2664 1337 2706 quo-

289 2729 412 2773 quam
445 2741 460 2764 ,
499 2713 638 2768 quavis
679 2709 938 2752 authoritate
954 2738 969 2760 ,
1015 2707 1221 2759 scienter,
1269 2707 1336 2751 vel

291 2776 534 2831 ignoranter
551 2770 814 2824 contingeret
833 2768 1066 2811 attentari-1
1085 2769 1190 2809 Cum
1203 2767 1341 2822 itaque

291 2831 554 2890 postmodum
578 2827 761 2873 Ecclefia
781 2826 862 2868 fine
890 2841 993 2869 cura
1004 2826 1139 2869 Sane‘ti
1164 2828 1339 2867 Bernar-

293 2891 336 2934 di
355 2886 749 2935 Urbeveteranenfis
769 2884 1063 2941 Dioecefis.per
1078 2885 1252 2927 liberam
1272 2896 1333 2925 re-

291 2949 563 3006 signationem
597 2946 745 2989 Dileni
790 2943 862 2986 filii
908 2942 1146 2987 Simoncelli
1193 2942 1245 2983 de
1276 2941 1336 2984 si-

292 3006 515 3053 moncellis
531 3001 818 3061 ,nuperipfius
834 3002 1023 3046 Ecclefiae
1044 3001 1233 3045 Rectoris
1245 3031 1260 3052 ‚
1282 3000 1337 3042 de

292 3067 363 3111 illa
377 3097 392 3121 ,
419 3073 652 3122 quamtunc
669 3062 885 3104 obtinebat
902 3090 918 3113 ‚
930 3062 969 3103 in
986 3060 1172 3102 manibus
1186 3060 1334 3102 nostris

294 3129 439 3184 sponte
464 3122 608 3167 fastam
626 3150 640 3173 ,
667 3123 706 3163 &
734 3135 809 3177 per
833 3123 919 3162 Nos
948 3117 1153 3163 admissam
1178 3147 1193 3170 ,
1227 3117 1335 3174 apud

294 3185 451 3231 Sedem
469 3182 697 3238 praedictam
709 3178 922 3222 vacaverit
937 3206 954 3229 ,
975 3179 1013 3220 δι
1037 3187 1155 3219 vacet
1169 3177 1220 3219 ad
1239 3191 1342 3232 prae-

294 3245 412 3295 sens,
440 3239 662 3295 nullusque
686 3238 746 3282 de
767 3238 836 3280 illa
862 3246 1010 3293 praeter
1039 3238 1125 3278 Nos
1142 3236 1218 3278 hac
1245 3236 1337 3277 vice

292 3304 513 3359 disponere
525 3299 708 3355 potuerit
723 3326 737 3349 ,
762 3300 845 3340 five
861 3295 980 3353 polilt
995 3323 1009 3346 ,
1027 3295 1333 3345 reservatione,

291 3365 334 3406 δι
357 3361 533 3403 decreto
558 3355 841 3401 obsistentibus
870 3352 1140 3411 supradietis:
1169 3354 1208 3395 δι
1238 3353 1340 3395 ficut

293 3420 478 3467 exhibita
495 3418 623 3463 Nobis
637 3429 763 3472 nuper
791 3428 866 3470 pro
877 3424 995 3469 parte
1009 3411 1251 3454 dilectorum
1270 3412 1339 3454 Fi·

296 3482 446 3526 liorum
470 3473 846 3534 Congregationis,
881 3474 919 3514 &
954 3474 1139 3515 Fratrum
1170 3473 1340 3526 Capuc·

299 3541 485 3584 cinorum
536 3547 863 3591 nuncupatorum
907 3530 1075 3573 Ordinis
1128 3530 1341 3573 Minorum

301 3598 431 3642 Sancti
446 3595 647 3643 francisci
666 3595 814 3652 petitio
828 3589 1087 3640 continebat,
1108 3588 1234 3646 quod,
1249 3603 1342 3632 cum

300 3660 462 3702 Dorum
496 3660 539 3701 S.
558 3657 696 3700 Mariae
723 3651 987 3699 Annuntiatae
1016 3661 1144 3706 prope
1175 3649 1342 3692 Civita-

299 3726 386 3759 tem
415 3716 589 3761 nostram
613 3708 1042 3759 Urbeveteranensem
1066 3705 1235 3751 Ordinis
1260 3736 1275 3760 ,
1303 3710 1345 3751 δε

301 3778 490 3819 Fratrum
518 3775 811 3830 Fra-dictorum
844 3782 928 3815 tam
953 3778 1123 3828 propter
1150 3768 1252 3812 aeris
1277 3768 1342 3811 in-

1398 996 1662 1040 clementiam
1688 1026 1704 1048 ,
1742 998 1919 1055 &aquas
1947 999 2200 1052 insalubres,
2231 1016 2277 1044 ac
2305 1001 2442 1058 ligno-

1400 1071 1488 1100 rum
1518 1056 1727 1114 penuriam
1747 1057 1902 1101 eisdem
1918 1061 2133 1103 Fratribus
2161 1059 2271 1103 adeo
2284 1061 2442 1104 incom-

1399 1116 1517 1159 moda
1533 1116 1676 1159 existat
1693 1147 1707 1169 ,
1734 1128 1780 1161 ut
1800 1117 2059 1174 proill‘orum
2084 1118 2326 1162 valetudine
2343 1135 2443 1163 con-

1397 1175 1593 1219 servanda
1612 1204 1625 1228 ,
1652 1191 1696 1219 ac
1727 1177 2038 1222 neceffitatibus.
2049 1178 2217 1223 illorum
2242 1189 2444 1236 opportu-

1398 1235 1448 1279 ne
1465 1235 1751 1279 subveniendis
1780 1236 1946 1280 minime
1969 1238 2190 1282 conveniat
2210 1267 2228 1290 ,
2257 1253 2341 1295 quo
2369 1237 2445 1291 fit,

1399 1306 1444 1337 ut
1458 1298 1627 1337 Fratres,
1640 1295 1819 1351 praedieti
1837 1298 1933 1354 ,qui
1958 1312 2036 1354 pro
2048 1298 2191 1342 debita
2207 1312 2351 1342 eorum
2368 1298 2446 1341 ob-

1398 1353 1598 1397 servantia
1615 1355 1724 1411 apud
1746 1355 1862 1398 illam
1875 1355 2055 1402 relidere
2069 1367 2287 1410 tenentur„
2297 1356 2446 1414 absque

1401 1414 1657 1456 valetudinis
1674 1413 2149 1470 hujusmodidilcrimine
2162 1418 2203 1460 in
2220 1431 2271 1461 ea
2283 1415 2448 1460 habita-

1403 1487 1450 1517 re
1466 1502 1480 1524 ,
1505 1475 1543 1514 δι
1569 1487 1788 1517 remanere
1823 1477 2116 1532 nequeantssi
2139 1476 2245 1520 dieta
2262 1474 2450 1519 Ecclesia

1402 1533 1450 1576 in.
1460 1536 1638 1577 Domum
1653 1562 1667 1586 ,
1692 1532 1759 1576 seu
1775 1535 2040 1578 Conventum
2068 1535 2258 1592 ejusdem.
2279 1533 2447 1577 Ordinis

1400 1607 1478 1649 pro
1493 1593 1747 1636 habitatione
1761 1593 1960 1637 dictorum
1978 1596 2170 1637 Fratrum
2183 1595 2417 1650 erigeretur
2428 1623 2446 1645 ,

1401 1654 1442 1695 &
1468 1650 1776 1703 institueretur,
1802 1665 1857 1694 ex.
1881 1653 1957 1696 hoc
1975 1652 2162 1708 profesto
2191 1668 2274 1697 non
2303 1667 2448 1709 parum

1402 1711 1645 1754 eorumdem
1675 1709 1850 1753 fratrum
1875 1713 2049 1768 pristinae
2085 1715 2242 1757 sanitati
2270 1742 2285 1764 ,
2325 1714 2448 1768 quam

1401 1771 1527 1814 etiam
1545 1770 1684 1813 nivini
1701 1768 1839 1814 cultus
1855 1783 2077 1827 augmento
2108 1772 2332 1828 plurimum
2350 1785 2451 1813 con-

1398 1828 1639 1882 suleretur,
1656 1844 1731 1886 pro
1757 1840 1882 1885 parte·
1895 1832 2236 1888 congregationis
2255 1859 2269 1881 ,
2293 1833 2334 1873 &
2349 1833 2449 1873 Fra—

1398 1899 1509 1932 trum
1537 1889 1821 1945 praedistorum
1835 1917 1852 1940 ,
1865 1888 2126 1934 afferentium
2140 1891 2336 1948 praedit‘tae
2364 1892 2448 1932 Ec-

1397 1947 1552 1994 clefiae‚
1576 1963 1623 1991 ac
1653 1949 1714 1991 illi
1732 1948 1868 1993 forsan⁴
1883 1948 2332 2002 annexorumfruc'tus,
2348 1948 2448 1990 red-

1397 2007 1508 2050 ditus
1522 2037 1536 2059 ,
1561 2010 1600 2051 &
1616 2021 1847 2064 proventus
1864 2009 2185 2067 vigintiquatuor
2197 2009 2444 2052 ducatorum

1396 2068 1482 2109 auri
1499 2066 1550 2110 de
1563 2071 1740 2112 Camera
1754 2097 1769 2119 ,
1803 2066 2025 2111 secundum
2037 2082 2296 2112 communem
2313 2066 2447 2109 existi-

1395 2126 1618 2168 mationem
1636 2155 1650 2179 ,
1690 2127 1871 2171 valorem
1895 2141 2077 2170 annuum
2102 2143 2181 2170 non
2209 2125 2445 2175 excedere,

1402 2186 1532 2230 Nobis
1561 2184 1640 2229 fuit
1669 2186 1884 2230 humiliter
1899 2187 2173 2241 supplicatum
2192 2214 2207 2237 ,
2236 2196 2282 2228 ut
2297 2183 2446 2227 Eccle-

1401 2245 1497 2289 fiam
1525 2245 1764 2300 predictam.
1789 2247 1838 2289 in.
1857 2247 2048 2288 Domum.
2066 2243 2256 2303 ejusdcm
2278 2242 2447 2286 Ordinis

1398 2318 1474 2360 pro
1495 2304 1750 2347 habitatione
1763 2304 1965 2346 dictorum
1982 2306 2171 2347 Fratrum
2188 2304 2357 2358 erigere
2372 2330 2385 2352 ,
2399 2315 2446 2343 ac

1396 2361 1557 2404 dileffls
1578 2362 1690 2404 Filiis
1711 2362 1910 2405 moderno
1925 2361 2164 2405 Guardiano
2186 2390 2201 2413 ,
2226 2364 2266 2404 &
2294 2359 2452 2404 Fratri-

1396 2423 1467 2464 bus
1483 2421 1522 2461 in
1540 2424 1675 2462 Domo
1690 2423 1840 2462 Sanctae
1858 2420 1998 2462 Mariae
2012 2420 2241 2477 hujusmodi
2256 2420 2450 2476 degenti-

1398 2482 1471 2520 bus
1501 2479 1538 2520 s'e
1565 2478 1619 2519 de
1644 2476 1716 2519 illa
1760 2477 1812 2520 ad
1838 2478 2065 2521 Ecclefiam
2089 2481 2221 2523 Sancti
2251 2478 2450 2521 Bernardi

1401 2535 1612 2594 praesatam
1632 2536 1911 2580 transferendi
1946 2537 2158 2581 licentiam
2184 2538 2416 2581 concedere
2434 2564 2450 2587 ,

1402 2594 1579 2651 aliasque
1599 2594 1670 2638 fibi
1696 2594 1873 2652 desuper
1903 2598 2136 2652 opportune
2151 2596 2376 2653 providere
2393 2594 2448 2636 de

1403 2655 1664 2709 benignitate
1690 2654 1928 2710 Apostolica*
1950 2656 2233 2711 dignaremur.
2260 2658 2348 2695 Nos
2375 2653 2449 2708 igi·

1402 2725 1488 2763 tur,
1503 2713 1571 2767 qui
1586 2711 1740 2753 dudum
1769 2713 1881 2754 inter
1895 2712 1978 2754 alia.
1992 2713 2194 2755 voluimus
2207 2741 2223 2762 ,
2249 2711 2359 2767 quod
2374 2724 2447 2766 pe-

1403 2780 1543 2815 tentes
1569 2767 1767 2811 beneficia
1791 2769 2072 2812 Ecclefiastica
2102 2767 2199 2812 aliis
2218 2770 2352 2821 uniri,
2381 2781 2448 2810 tc-

1401 2837 1606 2873 nerentur
1633 2827 1869 2882 exprimere
1886 2842 2026 2871 verum
2052 2842 2240 2871 annuum>
2262 2828 2448 2871 valorem

1402 2887 1622 2932 secundum
1656 2886 2021 2939 existimationem,
2055 2886 2283 2943 praedielam
2298 2888 2447 2936 ‚etiam

1404 2944 1624 2997 beneficii,
1647 2944 1839 2988 cuialiud
1859 2945 1966 2988 uniri
1995 2957 2217 3002 peteretur.
2232 2946 2447 3001 ,alioquin

1400 3005 1509 3048 uniri.
1524 3017 1602 3046 non
1620 3004 1776 3047 valeret
1790 3005 1858 3054 ,δε
1873 3003 2033 3059 semper
2051 3005 2091 3046 in
2110 3005 2323 3048 unionibus
2338 3018 2449 3045 com-

1402 3062 1526 3106 mifflo
1543 3060 1664 3105 fieret
1678 3061 1731 3104 ad
1746 3072 1903 3118 partes,
1916 3064 2075 3105 vocatis
2088 3059 2450 3118 quoruminteres-

1402 3121 1462 3165 set
1475 3150 1488 3173 ,
1502 3121 1731 3175 fingulares
1741 3122 2093 3177 Congregationis
2110 3119 2332 3178 huiusmodi
2352 3133 2449 3175 per-

1403 3179 1519 3222 sonas
1534 3180 1553 3222 a
1570 3178 1776 3235 quibusvis
1794 3180 2231 3225 excommunicationis
2246 3208 2259 3230 ,
2284 3178 2448 3234 suspen·

1403 3238 1524 3282 fionis
1540 3267 1554 3291 ,
1570 3241 1609 3280 δι
1620 3237 1830 3281 interdicti
1845 3267 1859 3291 ,
1873 3237 2041 3296 aliisque
2055 3238 2341 3283 Ecclefiassicis
2356 3237 2449 3280 scn-

1401 3299 1550 3341 tentiis
1569 3327 1583 3350 ,
1609 3295 1814 3350 censuris,
1840 3299 1880 3340 &
1899 3298 2063 3355 poenis,
2090 3298 2112 3339 a
2141 3297 2258 3353 jure,
2296 3294 2363 3338 vel
2394 3296 2447 3337 ab

1404 3358 1571 3401 homine
1596 3357 1735 3413 quavis
1759 3355 2000 3409 occasione,
2027 3355 2093 3399 vel
2123 3353 2236 3398 causa
2260 3353 2354 3397 latis
2371 3382 2385 3405 ,
2419 3352 2446 3395 fi

1405 3417 1551 3471 quibus
1566 3415 1886 3473 quomodolibet
1911 3414 2113 3458 innodata:
2129 3412 2371 3466 existunt,ad
2388 3410 2450 3455 ef-

1404 3474 1558 3519 fet‘tum
1585 3473 1837 3532 praesentium
1865 3473 2063 3518 duntaxat
2089 3471 2448 3530 consequendum,

1405 3536 1551 3579 harum
1579 3535 1682 3578 serie
1708 3534 1963 3578 absolventes
1990 3562 2003 3585 ,
2037 3534 2075 3574 &
2108 3529 2312 3575 absolutas
2358 3530 2446 3574 fore

1405 3596 1654 3646 censentes„
1678 3593 2035 3652 supplicationibus
2053 3591 2268 3643 inclinati,
2297 3590 2446 3633 Eccle-

1405 3654 1498 3696 siam
1533 3656 1574 3697 S.
1590 3653 1785 3696 Bernardi
1823 3651 2082 3709 praedidtam,
2111 3648 2190 3694 five
2220 3648 2443 3707 praemilso,

1407 3711 1489 3755 five
1504 3711 1584 3755 alio
1596 3712 1740 3768 quovis
1752 3711 1877 3755 modo
1892 3739 1912 3762 ,
1935 3720 2005 3753 aut
2030 3709 2204 3755 alterius
2221 3709 2447 3767 cujuscum-

1405 3785 1486 3828 que
1504 3770 1685 3828 personae
1705 3801 1722 3824 ,
1746 3772 1811 3814 scu
1837 3783 1914 3827 per
1939 3768 2110 3818 fimilem
2137 3768 2449 3868 εείῑςοεεάἰρὲςηι

2331 3840 2340 3867 l
2385 3840 2394 3867 1
