2774 4068
414 165 595 248 128·

347 276 473 322 'debat
489 275 744 332 Regularem
757 305 774 329 2
806 277 898 334 quia
926 290 1027 325 vero
1050 277 1215 323 Patrem
1242 280 1282 321 ὃς
1298 282 1389 322 Ma-

347 348 456 381 trem
479 337 592 379 senes
621 336 795 379 habebat
813 363 827 385 s
859 338 928 394 qui
956 335 1122 384 difficile
1148 336 1295 394 absque
1324 339 1403 393 ip-.

347 397 422 439 sius
451 396 663 452 Seraphini
693 395 866 440 subsidio
897 398 1035 438 vivere
1063 407 1284 452 poterant,
1315 397 1383 439 du.

348 457 504 498 bitabat
533 456 574 498 in
601 455 781 497 secundo
804 458 912 498 die'to
944 455 1105 498 Ordine
1133 457 1268 512 quiete
1296 485 1310 507 ‚
1342 458 1381 497 δι

346 514 518 570 pacifice
547 529 767 561 remanere
794 513 898 571 poffe
923 544 936 567 ,
970 514 1037 558 nifi
1066 516 1174 571 prius
1197 514 1383 559 eisdem„

346 575 596 619 Parentibus
610 575 662 620 de
678 574 819 631 aliquo
839 574 1113 618 subventionis
1139 575 1289 623 auxilio
1310 589 1383 631 per

346 635 542 678 eumdem
578 633 746 679 Paulum
779 633 1115 677 Praedecessorem
1141 635 1384 691 providere-

348 704 417 739 tur
434 723 445 735 .
479 695 596 737 Idem
620 695 768 737 Paulus
786 694 1055 738 Praedeceffor
1077 694 1382 751 supplicationi·
1402 717 1408 729 .·

349 756 424 798 bus
455 753 552 796 diffi
574 755 787 808 Seraphini
815 754 881 797 fibi
914 753 1032 810 super
1063 755 1142 796 hoc
1171 755 1382 796 humiliter

348 817 544 871 porreetis
572 812 788 861 inclinatus
815 843 828 864 a
874 825 970 883 gine
999 814 1186 855 existenti
1215 813 1382 858 vicario

350 873 568 922 Narniensi
598 887 671 928 per
686 871 772 916 suas
793 874 935 918 literas
957 872 1183 923 commisit,
1214 873 1254 913 &
1271 886 1381 914 man-

351 933 469 981 davit
486 962 500 985 2
534 943 739 989 quatenus
766 933 941 976 constitu
963 934 1000 974 ei
1021 932 1205 987 legitime
1222 931 1274 973 de
1290 944 1384 986 prae„

349 990 471 1035 misfis
489 992 708 1048 ‚praedi&o
740 995 990 1048 Seraphino,
1024 1002 1069 1033 ut
1095 1020 1109 1042 2
1141 989 1384 1047 postquam-2

350 1051 621 1108 Religionem
649 1050 845 1107 ingressus
876 1051 1007 1094 fuisset
1033 1078 1047 1099 a
1093 1064 1138 1091 ac
1166 1048 1385 1091 Profeffio-

350 1124 447 1154 nem
475 1109 711 1165 hujusmodi
741 1109 924 1153 emisisset
955 1139 969 1161 ‚
1013 1106 1216 1151 satisfaffis
1247 1118 1387 1152 tamen

348 1170 481 1225 prim,
498 1171 696 1212 oneribus
712 1169 914 1213 Miffarum
928 1195 941 1217 2
958 1171 998 1215 &
1012 1168 1295 1224 exequiarum,
1311 1165 1387 1222 ipsa

350 1230 460 1276 bona
483 1227 599 1275 dietae
620 1229 870 1271 haereditatis
894 1230 917 1271 a
939 1228 1180 1273 Parentibus
1202 1227 1297 1272 dieti
1313 1231 1388 1270 Se-

349 1287 547 1343 raphini,
579 1288 783 1341 quamdiu
814 1285 897 1342 ipse
927 1285 1203 1342 supenvixiffet
1231 1315 1244 1338 ‚
1275 1300 1388 1329 arno-

353 1346 443 1388 veri
474 1347 702 1401 nequirent
723 1375 737 1397 ,
770 1343 837 1387 sed
867 1345 960 1388 dieti
979 1347 1175 1390 Parentes
1204 1344 1255 1387 ad
1269 1343 1386 1401 ipfius

348 1403 570 1458 Seraphini
595 1405 722 1448 vitam
763 1405 919 1448 tantum
956 1404 1158 1446 distorum
1187 1406 1386 1447 bonorum

347 1462 543 1506 frustibus
571 1462 650 1506 frui
678 1494 693 1517 ‚
729 1466 768 1505 &
797 1463 980 1519 gaudere
1021 1465 1153 1507 libere
1180 1491 1194 1514 ,
1227 1464 1265 1504 &
1296 1464 1387 1505 lici-

347 1523 391 1564 te
419 1520 606 1577 possent,
637 1524 677 1565 &
708 1523 921 1570 valerent,
954 1524 1254 1568 Austoritatem
1276 1526 1388 1579 Apo-

344 1579 528 1628 stolicam
556 1581 834 1630 concederet,
866 1583 906 1622 δε
940 1581 1205 1637 indulgeret,
1234 1581 1386 1627 &alias

343 1649 469 1697 prout
484 1641 523 1681 in
538 1639 635 1682 dieti
663 1640 776 1683 Pauli
794 1640 1099 1687 Praedecelsoris
1118 1640 1270 1692 literis,
1288 1655 1387 1700 qua·-

342 1712 435 1742 rum
459 1709 628 1742 tenores
653 1699 914 1755 praesentibus
943 1713 1019 1757 pro
1034 1699 1223 1756 expressis
1241 1700 1384 1743 haberi

341 1757 554 1808 volumus,
567 1758 727 1813 plenius
746 1759 979 1805 continetur
993 1789 1005 1801 .
1042 1763 1149 1807 Cum
1167 1770 1321 1816 autem,
1339 1758 1388 1804 fi-

342 1823 414 1859 cut
444 1817 572 1858 distas
590 1818 832 1874 Seraphinus
861 1817 992 1861 Nobis
1017 1833 1146 1875 nuper
1162 1817 1387 1877 exponife·

342 1875 417 1926 cit,
438 1875 524 1929 ejus
545 1877 722 1919 Genitor
748 1878 798 1918 ab
823 1878 1004 1921 humanis
1018 1876 1265 1929 decesserit,
1298 1877 1386 1935 ejus

341 1936 447 1976 vero
473 1936 667 1979 Genitrix
696 1935 938 1978 moribunda
961 1965 974 1987 ,
1003 1951 1048 1978 ac
1079 1951 1156 1980 una
1172 1936 1384 1994 ejusdem,

340 1994 555 2049 Seraphini
583 1992 694 2036 soror
722 2007 916 2052 germana
946 1994 1100 2039 infirma
1128 2022 1142 2044 2
1189 1996 1252 2041 cui
1280 1994 1382 2037 nihil

338 2051 593 2094 haereditatis
621 2052 861 2108 relinquere
885 2053 1040 2108 potest,
1067 2067 1152 2109 quae
1179 2054 1285 2110 apud
1302 2056 1385 2097 Na·

337 2120 404 2152 tos
423 2111 575 2153 Fratris
593 2111 689 2153 dicti
709 2112 924 2167 seraphini
940 2112 1056 2168 degit
1071 2140 1086 2163 ,
1114 2125 1279 2169 gravata
1296 2113 1383 2154 exi-

336 2170 414 2212 stat
431 2198 444 2220 ,
473 2171 512 2211 Sc
535 2182 757 2227 propterea
784 2171 912 2214 dictus
930 2172 1178 2227 Seraphinus
1207 2187 1280 2228 per
1294 2175 1381 2214 Nos

337 2229 379 2270 in
402 2228 600 2282 praemiffis
624 2229 853 2286 opportune
867 2231 1105 2285 provideri,
1137 2231 1390 2286 summopere

338 2286 545 2330 defideret
566 2316 577 2328 .
614 2292 700 2330 Nos
726 2288 879 2330 dietum
907 2292 1174 2346 seraphinum
1204 2289 1390 2347 speciali-

338 2345 416 2387 bus
437 2347 515 2387 &c-
551 2346 769 2398 volentes,
800 2349 1094 2404 &aquibusvis
1110 2353 1189 2392 &c-
1217 2349 1388 2392 censen-

337 2412 432 2455 tes,
464 2404 829 2459 supplicationibus
859 2406 946 2464 ejus
972 2408 1135 2451 nomine
1162 2411 1239 2449 ὅτε.
1271 2408 1386 2458 incli-

334 2463 445 2514 nati,
461 2464 722 2508 Fraternitati
736 2466 856 2515 Tuae,
870 2479 944 2520 per
960 2468 1175 2522 praesentes
1192 2466 1383 2508 commit·

338 2521 464 2566 timus
491 2550 505 2571 ,
539 2524 580 2568 &
608 2522 843 2567 mandamus
863 2554 877 2575 ‚
910 2536 955 2570 ut
987 2525 1090 2567 veris
1120 2526 1381 2569 existentibus

334 2580 688 2637 praemiffi8‚quod
718 2581 921 2625 satisfat‘tis
955 2586 1061 2639 prius
1087 2583 1314 2637 Miffarum,
1341 2586 1381 2628 &

333 2639 614 2695 Exequiarum
629 2641 821 2683 oneribus
840 2642 1084 2698 hujusmodi,
1097 2643 1289 2699 ptaedieae
1304 2647 1381 2686 hae⁴

331 2698 524 2741 reditatis
554 2698 659 2742 bona
699 2699 750 2742 ab
778 2700 929 2743 eisdem
958 2703 1075 2745 Natis
1102 2704 1254 2748 Fratris
1293 2717 1384 2759 ger·-

330 2758 441 2800 mani
455 2757 551 2799 disti
568 2759 779 2819 Seraphin}
795 2762 972 2805 amoveri
989 2773 1189 2817 nequeant
1206 2789 1220 2812 ,
1234 2761 1302 2804 sed
1318 2761 1383 2804 di.

330 2817 383 2857 &i
400 2817 528 2867 Nati,
560 2816 696 2872 quoad
720 2818 800 2873 ipse
824 2822 1071 2876 Seraphinus
1091 2821 1239 2865 vixerit
1264 2820 1382 2863 dum-

331 2884 445 2918 taxat
468 2904 482 2927 ,
513 2874 715 2922 diftorum
745 2878 946 2922 bonorum
976 2878 1174 2923 frustibus
1204 2879 1313 2931 frui,
1341 2882 1382 2926 ὃς

329 2934 514 2991 gaudere
538 2935 669 2977 libere
685 2961 699 2982 a
729 2937 771 2981 δε
795 2937 910 2981 licite
926 2938 1073 2994 poffint
1090 2969 1105 2990 ,
1132 2942 1171 2981 ὃς
1188 2940 1353 2981 valeant
1368 2969 1383 2992 ‚

327 2994 578 3037 auctoritate
610 2994 741 3038 nostra
780 2999 985 3043 concedas
1015 3028 1028 3051 ,
1058 3000 1095 3040 δι
1137 2997 1351 3053 indulgeas
1370 3029 1385 3050 ,

326 3066 400 3095 eos
439 3052 617 3108 denique
638 3056 769 3095 Natos
800 3055 839 3098 in
867 3055 1003 3100 locum
1044 3057 1139 3100 dieti
1171 3058 1382 3112 Seraphini

325 3111 461 3166 quoad
487 3112 592 3155 bona
627 3113 812 3167 praedicta
852 3116 1033 3170 gratiose
1062 3116 1269 3159 substituas
1297 3143 1312 3166 2
1342 3118 1383 3162 δε

325 3170 522 3225 subroges
539 3197 553 3219 ‚
583 3184 629 3212 ac
642 3183 715 3225 per
742 3173 951 3229 religionis
969 3173 1211 3231 ingressum,
1235 3177 1386 3231 &pro-

324 3228 502 3271 feffionis
530 3227 779 3273 emissionem
808 3233 1065 3290 hujusmodi,
1081 3234 1184 3277 dista
1200 3234 1304 3276 bona
1329 3235 1380 3277 ad

326 3288 600 3345 Capitulum,
630 3290 862 3333 &Domum
888 3294 1097 3348 praedit‘tos
1123 3293 1290 3336 minime
1306 3294 1381 3336 de-

324 3349 467 3391 voluta
486 3348 662 3390 existere
676 3374 691 3397 ‚
723 3351 932 3407 minusque
954 3352 1081 3395 distes
1097 3357 1228 3397 Natos
1243 3351 1264 3394 ἃ
1281 3367 1379 3407 ρτεε«

325 3404 443 3451 diffls
459 3407 664 3461 Capitulis
680 3437 693 3459 ‚
715 3409 755 3450 δι
773 3412 1060 3465 Superioribus
1078 3414 1190 3455 distae
1209 3411 1379 3461 Domus,

326 3465 395 3506 vel
411 3466 612 3517 quibusvis
626 3467 732 3516 aliis,
750 3468 833 3512 vita
850 3468 970 3526 ipsius
986 3471 1197 3529 seraphini
1225 3470 1382 3514 duran·

327 3531 396 3588 te,
413 3524 587 3579 desuper
612 3527 846 3580 molestari,
878 3532 1112 3585 perturbari
1134 3560 1147 3583 ,
1179 3531 1380 3587 inquieta-

326 3593 360 3620 Π
381 3605 395 3626 s
418 3593 486 3647 aut
503 3585 813 3639 quomodolibet
829 3588 1020 3645 impediri
1036 3591 1239 3635 ullatenus
1253 3589 1379 3646 posse,

325 3647 447 3697 ‘⁸thss
462 3649 517 3685 ¹²³
534 3669 546 3694 2
577 3645 617 3689 ὃς
633 3659 712 3693 non
731 3647 873 3702 aliter,
886 3663 960 3707 per
976 3650 1377 3711 quoscumqueJudi-

1186 159 1712 253 Provincia

1450 293 1519 323 ces
1544 280 1584 326 δι
1600 274 1926 328 CommiffariOS,
1958 277 2083 319 etiam
2115 274 2328 317 causarum
2345 276 2505 327 Palatii!

1449 337 1671 406 Apostoliei
1694 337 1916 387 Auditores
1930 367 1946 394 3
1977 338 2017 380 &
2033 340 2073 380 S.-
2091 337 2142 389 R.
2159 337 2208 380 E.
2231 335 2491 383 Cardinales·,

1446 411 1571 442 etiam
1598 397 1652 439 de
1669 394 2226 453 latere·Legatos,judicari‚
2257 396 2296 436 &
2325 392 2487 436 definiri

1443 459 1625 509 debere,
1656 471 1702 498 ac
1732 455 1924 512 quidquid
1954 455 2063 498 secus
2085 455 2202 510 super
2219 454 2281 497 his
2299 484 2315 506 ‚
2347 454 2369 497 a
2386 453 2489 510 qu'o-

1443 531 1561 574 quam
1577 546 1590 569 ,
1621 516 1758 572 quavis
1775 515 2015 558 auctoritate
2041 514 2220 557 scienter
2240 545 2254 568 ‚
2289 514 2356 556 vel
2377 513 2489 568 igno-

1444 588 1584 620 ranter
1597 574 1824 629 contigerit
1851 575 2048 616 attentari
2066 602 2080 624 .
2110 574 2271 617 irritum
2291 605 2304 628 ‚
2335 575 2375 618 δι
2401 574 2491 615 ina-

1444 650 1495 679 ne
1521 635 1626 682 dieta
1653 634 1895 677 auetoritate
1931 632 2127 681 decernas
2154 662 2168 685 ‚
2206 635 2250 678 ὃς
2286 644 2490 691 quatenus

1443 709 1541 751 opus
1572 694 1619 737 fit
1641 722 1656 746 2
1689 693 1943 739 voluntatem
1973 692 2069 734 dieti
2099 691 2324 738 Testatoris
2358 692 2490 748 quoad

1443 757 1519 798 hoc
1544 754 1742 796 duntaxat
1785 761 2011 793 commutes
2039 780 2050 792 .
2084 754 2180 793 Non
2207 753 2359 796 obstan.
2387 766 2492 807 prae-

1445 812 1562 861 millis
1593 828 1638 860 ac
1666 811 1850 854 omuibus
1878 808 1958 852 illis
1983 838 1997 861 ‚
2027 823 2113 867 quae
2145 810 2184 851 in
2210 810 2324 854 dietis
2359 811 2489 853 literis

1444 870 1625 916 concessa
1654 869 1741 912 sunt
1774 884 1851 911 non
1871 869 2032 912 obstare
2058 897 2072 919 ‚
2104 870 2349 928 coeterisque
2389 884 2490 911 con-

1449 931 1582 973 trariis
1619 927 1939 986 quibuscumque
1962 955 1976 971 .
2019 930 2171 970 Datum
2211 930 2353 972 Romae
2384 927 2490 985 apud

1450 992 1636 1037 SanCtam.
1659 988 1834 1032 Mariam
1852 987 2050 1044 Majorem
2076 985 2145 1028 sub
2163 988 2330 1036 Annulo
2355 987 2491 1035 Pisca-

1448 1049 1549 1091 toris
1572 1047 1640 1090 die
1657 1061 1760 1097 xxx.
1777 1047 1948 1108 Augusti
1962 1059 2194 1097 MDcxxyt.
2221 1045 2486 1090 Pontificatus

1449 1108 1721 1156 NostriAnno
1744 1117 1887 1168 quarto
1905 1136 1916 1148 .

1966 1227 2028 1269 M.
2058 1226 2110 1270 A.
2138 1226 2347 1270 Maraldus
2360 1257 2372 1270 .

1506 1349 1655 1402 Autog.
1689 1344 1733 1389 in
1758 1344 1880 1390 Arcb.
1909 1348 2053 1411 §arct-
2074 1348 2192 1387 Brev.
2221 1346 2354 1405 Apost.
2385 1347 2480 1401 Reg-

1624 1405 1743 1463 mens-⁸
1759 1407 1807 1455 (3·
1822 1417 1916 1447 anm
1923 1402 2142 1464 praed.fol.
2159 1405 2242 1457 246
2248 1433 2258 1446 .

1448 1547 2030 1564 'U——u——a-——u-J
2032 1545 2240 1561 u—-ss

1652 1642 2291 1686 DECRETO

1588 1748 1721 1799 Sacrae
1755 1749 2101 1820 Congregationis
2135 1750 2318 1802 Rituum
2337 1787 2350 1801 .

1449 1873 1590 1926 Circa
1607 1871 1955 1938 praecedentiam
1979 1873 2024 1920 in
2040 1869 2401 1922 Proceffionibus
2428 1873 2492 1922 in-

1485 1979 1488 1981 ·
1515 1957 1584 1991 ter
1598 1946 1800 1994 RR.PP.
1821 1943 2097 1993 Carmelitas
2110 1941 2492 2001 Collabucciae,&

1514 2015 1695 2067 Fratres
1721 2011 1895 2063 nostros
1912 2014 2069 2063 Terrae
2089 2010 2301 2067 Leoniffae
2320 2017 2490 2063 Decre-

1515 2098 1616 2137 tum
1649 2086 1824 2136 Vicarii
1855 2085 2047 2134 Foranei
2065 2120 2081 2143 ,
2119 2083 2168 2137 &
2189 2081 2491 2135 Constitutio-

1514 2172 1620 2203 nem
1644 2155 1867 2229 Gregorii
1895 2156 2024 2224 Papae
2038 2159 2192 2220 xm,
2210 2151 2382 2206 servari
2407 2153 2490 2205 sta-

1524 2239 1674 2277 tultur
1691 2263 1704 2277 ι

1845 2349 2058 2404 spoletana
2073 2379 2086 2392 .

1545 2467 1696 2509 Rati-es
1727 2465 1929 2519 Capucini
1957 2474 2167 2510 narrantes
2195 2465 2237 2510 se
2269 2466 2423 2509 habere
2446 2467 2486 2509 in

1565 2527 1694 2568 Terra
1710 2523 1900 2566 Leoniffae
1915 2526 2202 2570 Monasterium
2222 2526 2246 2570 ὲ
2264 2526 2400 2568 multis
2418 2539 2489 2569 an·

1442 2582 1500 2620 nis
1520 2611 1534 2634 a
1576 2585 1613 2625 δι
1641 2581 1942 2627 Carmelitanos
1966 2610 1980 2632 a
2012 2585 2081 2641 qui
2107 2585 2257 2628 habent
2282 2583 2489 2626 duntaxat

1441 2640 1623 2684 Domum
1649 2641 1857 2699 quandam
1885 2642 2032 2699 absque
2061 2642 2241 2687 clausura
2273 2643 2315 2684 in
2342 2643 2488 2687 Villa-a

1444 2700 1996 2757 Collabucciae,praetendere
2010 2701 2321 2757 praecedentiam
2334 2702 2373 2745 in
2386 2704 2488 2745 Pro·

1442 2758 1707 2810 cessionibus,
1738 2763 1760 2803 a
1781 2774 1859 2815 qua
1884 2775 1976 2804 cum
1996 2759 2149 2806 fuerint
2180 2761 2328 2805 exclufi
2359 2764 2383 2805 a
2411 2760 2487 2803 Vi-

1442 2821 1556 2861 cario
1573 2823 1754 2864 Foraneo
1769 2819 1878 2864 illius
1896 2819 1975 2863 loci
1993 2849 2008 2872 ,
2039 2820 2367 2878 supplicaverunt
2393 2833 2487 2876 pro·-

1442 2878 1574 2921 videri
1607 2881 1644 2921 in
1675 2878 1880 2930 futurum,
1911 2893 1963 2921 ne
1989 2878 2175 2924 scandala
2200 2882 2411 2923 oriantur.

1503 2942 1556 2980 Et
1570 2942 1693 2981 Sacra
1711 2938 1794 2981 Rit.
1813 2942 2074 2994 Congrcgatt'o
2087 2939 2325 2996 approbavit
2339 2943 2484 2984 Decre-

1442 3004 1529 3038 tum
1557 2997 1652 3039 dim
1686 2997 1861 3049 Viturii,
1894 2998 1943 3046 ὅ
1970 2999 2173 3042 mandavit
2188 2998 2355 3057 strvari
2384 3001 2484 3040 Con-

1429 3054 1682 3113 stitutionem
1718 3056 1905 3112 Gregorii
1938 3061 2005 3102 XI
2019 3060 2081 3101 ΙΙ.
2129 3059 2210 3101 Die
2232 3059 2274 3102 6.
2303 3056 2482 3101 Februa-

1443 3118 1499 3158 rii
1525 3117 1648 3166 1627.

1558 3236 1681 3293 *Joam
1708 3238 1828 3291 Bapt.
1863 3234 1982 3278 Cord.
2012 3237 2164 3280 Detur.

1675 3354 1723 3398 L.
1753 3354 1794 3395 S.

1818 3471 1867 3525 ⁶J.
1900 3469 2194 3527 Tbcffllonicen.
2208 3473 2342 3514 secret
2350 3499 2362 3511 .

1499 3591 1669 3710 Eas-Rleg.
1683 3591 1836 3691 ἐςσινεῑ.
1853 3591 2040 3646 Congreg-
2058 3589 2177 3646 mergſs
2192 3619 2208 3642 ,
2238 3593 2335 3635 anm·
2348 3593 2475 3647 praed.

1577 3663 1596 3691 o
1615 3677 1625 3690 .
1659 3661 1671 3690 1
1709 3662 1750 3704 4.
2536 3675 2540 3678 ·
