2774 4068
386 183 498 297 96

1011 253 1013 257 -
1070 179 1599 277 Provincia

327 305 486 357 Missas
505 322 589 375 pro
610 304 862 360 Animabus
879 303 1286 375 JuliIPazzaglia,
1323 299 1373 352 δε
1434 301 1479 344 lii
1512 303 1794 353 Mnccxxxt'n
1822 297 2089 350 pontificatus
2105 303 2243 351 Nostri
2255 305 2377 368 Anno
2399 317 2462 360 se.

401 378 631 429 Fidelium
660 375 717 430 de
741 381 834 441 ejus
850 375 1131 431 Familia,in
1166 370 1371 429 Ecclefia
1436 359 1599 418 cundo,

401 458 616 507 Fratrum
627 452 983 504 Civit.Centum
996 447 1239 496 Cellarum
1254 446 1373 494 cele-

402 525 625 584 brandas,
660 522 844 573 tantdm
873 520 924 568 iis
943 514 1179 586 suffragari
1206 515 1371 570 debere

402 597 639 656 concedit,
669 613 721 647 ac
741 592 775 644 fi
798 591 946 646 forent
971 587 1102 637 distae
1121 589 1168 636 in
1185 588 1339 637 Altari
1355 621 1371 646 ,

403 670 650 741 privilegio
665 662 888 715 liberandi
905 662 1130 715 Animam
1156 656 1182 712 ὂ
1201 661 1371 735 Purga-

405 744 532 794 torio
562 740 777 792 decorato
800 771 812 790 .

1914 486 1960 527 F.
1977 483 2106 528 Card.
2122 485 2329 533 oliverius
2341 521 2354 534 .

1490 605 1615 704 13er0·
1628 599 1858 660 formatum
1880 602 1926 649 in
1951 602 2122 648 Archivo
2145 609 2368 655 Conventa's
2393 612 2475 658 ibi*

1573 674 1629 704 em
1647 690 1659 705 ο

2149 806 2472 833 ’‘mn-¹⁸⁴

341 903 388 953 C
423 903 463 951 L
499 902 537 951 Ε
575 899 634 947 Μ
669 898 707 946 Ε
744 898 792 944 Ν
831 897 866 946 S
948 896 984 944 Ρ
1009 896 1055 944 A
1081 895 1183 944 ΡΑ
1244 891 1376 941 XII·
1438 902 1730 956 Monialibus
1757 904 1935 953 Montis
1954 904 2207 972 Qirinalis
2226 909 2477 981 Indulgen-

531 1043 600 1086 Ad
611 1050 845 1101 perpetuam
870 1041 929 1082 rei
955 1038 1201 1082 memoriam.

468 1199 556 1241 UM
570 1222 586 1247 ,
617 1192 714 1235 ficut
725 1191 895 1234 dilectus
912 1188 1015 1232 filius
1028 1186 1157 1245 Julius
1173 1179 1387 1237 Pazzaglia

484 1254 731 1298 Triremium
747 1251 968 1292 nostrarum
983 1243 1289 1289 Pontificiarum
1306 1240 1380 1281 As-

1501 979 1585 1027 tias
1618 974 1759 1024 Scalae
1774 974 1946 1025 Sandtae
1971 973 2110 1025 sexies
2123 993 2201 1044 per
2228 997 2400 1035 annum
2424 984 2471 1031 in

1510 1058 1786 1117 perpetuum
1814 1045 2050 1098 concedit.

1448 1176 1959 1229 CLEMENS
2044 1176 2280 1230 PAPA
2352 1183 2476 1232 XII.

346 1315 540 1364 sentista,
568 1311 696 1353 Nobis
721 1322 850 1363 nuper
876 1307 1023 1362 exponi
1046 1304 1144 1347 fecit
1161 1332 1174 1355 ,
1205 1301 1287 1357 ipse
1309 1312 1382 1341 no·
1442 1306 1613 1358 nnec-715
1641 1308 1684 1348 e'n
1715 1304 1868 1362 Christo
1905 1304 2082 1349 Filiabus
2112 1306 2328 1369 Abbatiffae
2357 1338 2371 1362 ,
2401 1309 2481 1367 stu

348 1388 442 1417 vam
471 1369 688 1425 Capellam
718 1393 732 1414 a
773 1366 842 1408 ubi
877 1368 1041 1419 Corpus
1077 1367 1119 1407 S.
1135 1357 1382 1425 Constantiae

347 1439 588 1486 nuncupat,
621 1435 666 1469 ut
693 1425 758 1481 pie
784 1425 996 1476 creditur,
1027 1419 1272 1479 requiescit,
1308 1431 1381 1483 ”²3²

346 1489 532 1537 Ecclesia
548 1489 735 1531 Fratrum
749 1484 915 1527 Ordinis
931 1484 1136 1526 Minorum
1159 1483 1200 1523 S.
1215 1480 1382 1520 Franci-

346 1552 404 1595 sci
419 1547 732 1604 Capucinorum
745 1551 1070 1599 nuncupatorum
1087 1543 1270 1583 Centum
1283 1535 1383 1579 Cel·

347 1611 483 1655 larum
497 1633 511 1655 a
525 1602 794 1648 Viterbienfis
816 1600 1014 1646 Dioecefis
1031 1628 1046 1648 ,
1077 1598 1145 1643 sua
1165 1592 1346 1654 impensi
1362 1592 1384 1635 ἃ

348 1665 630 1713 fundamentis
656 1660 842 1706 aedificari
867 1662 1056 1711 curavit,
1084 1656 1166 1716 ipsc
1193 1655 1301 1700 vero
1315 1655 1385 1709 Ju-

350 1730 430 1772 lius
442 1722 658 1781 Capellam
674 1719 894 1778 praefatam,
909 1720 1136 1763 coelestium
1151 1726 1385 1762 munerum,
1455 1748 1458 1750 Α

354 1798 530 1842 quorum
568 1779 905 1837 dispensationem
929 1779 1045 1823 Fidei
1071 1775 1225 1822 Nostrae
1250 1771 1388 1817 eredi-

352 1845 415 1887 dit
431 1842 678 1887 Altiffimus‚
708 1838 955 1896 elargitione
982 1837 1003 1881 ἃ
1026 1837 1154 1881 Nobis
1181 1832 1391 1898 condeco:

352 1904 436 1947 rari
465 1900 685 1957 plurimum
708 1897 908 1942 desideret
926 1924 941 1945 ι,
970 1901 1056 1942 Nos
1082 1890 1390 1991 ejusdemflulu

352 1962 463 2006 votis
478 1987 492 2013 ,
514 1969 709 2018 quantum
724 1972 816 2000 cum
829 1957 1006 2000 Domino
1019 1953 1219 2014 possumus
1236 1982 1251 2003 ‚
1293 1962 1389 2014 avo·

353 2021 541 2065 rabiliter
555 2031 734 2061 annuere
749 2017 940 2060 volentes
951 2044 966 2067 ,
987 2013 1249 2067 eundemque
1265 2007 1287 2050 a
1303 2020 1392 2063 qui-

355 2078 489 2123 busvis
527 2074 956 2120 excommunicationis
987 2103 1001 2125 ,
1037 2068 1323 2128 suspensionis,
1353 2067 1395 2108 &

355 2137 595 2188 interdicti,
626 2133 795 2190 aliisque
822 2131 1109 2177 Ecclefiasticis
1143 2126 1397 2176 Sententiis,

358 2196 542 2243 censuris
561 2223 576 2247 ,
600 2196 640 2239 &
665 2194 798 2250 poenis
815 2221 827 2244 ,
859 2192 882 2237 ἃ
910 2192 998 2248 jure
1014 2221 1028 2245 ‚
1060 2190 1127 2234 vel
1154 2191 1201 2232 ab
1230 2186 1395 2231 homine

358 2257 497 2313 quavis
536 2252 744 2296 occasione
761 2281 775 2304 ,
804 2253 869 2295 vel
897 2250 1011 2295 causa
1037 2249 1161 2299 latis,
1192 2250 1220 2289 sl
1245 2245 1394 2301 quibus

359 2312 676 2371 quomodolibet
701 2309 918 2355 innodatus
940 2310 1103 2361 existit,
1135 2307 1184 2350 ad
1209 2304 1395 2353 effectum

364 2372 620 2432 praesentium
645 2370 839 2411 duntaxat
870 2366 1226 2424 consequendum,
1256 2366 1398 2407 harum

361 2434 469 2477 serie
489 2429 773 2479 absolventes,
806 2429 847 2468 δε
869 2428 1097 2469 absolutum
1120 2425 1208 2467 fore
1231 2420 1396 2466 censen-

361 2505 457 2543 tes,
485 2488 847 2546 supplicationibus
876 2485 962 2540 ejus
988 2486 1156 2527 nornine
1175 2482 1304 2526 Nobis
1331 2479 1394 2521 su-

360 2566 438 2609 per
471 2551 548 2592 hoc
590 2545 797 2594 humiliter
837 2546 1031 2600 porrectis
1066 2541 1283 2590 inclinati,
1317 2548 1394 2587 ut,

360 2611 690 2667 quandocunque
722 2604 923 2648 Sacerdos
949 2603 1095 2659 aliquis
1112 2631 1126 2653 ,
1157 2601 1238 2642 sive
1264 2601 1396 2641 Saecu·

360 2670 458 2713 laris
471 2697 483 2719 ‚
510 2667 589 2709 five
610 2663 829 2718 Regularis
845 2690 859 2712 ,
876 2660 1177 2706 SacrosanCtum
1191 2653 1310 2702 Miffae
1325 2658 1398 2698 Sa-

360 2727 563 2771 crificium
582 2725 631 2767 ad
648 2723 854 2780 praelatam
871 2719 1094 2763 Ecclesiam
1110 2733 1188 2775 pro
1202 2715 1318 2773 ipsius
1328 2716 1397 2770 Ju-

359 2787 436 2838 lii,
467 2786 673 2841 postquam
694 2784 800 2827 viam
830 2778 1023 2824 universae
1050 2779 1181 2821 carnis
1205 2771 1393 2830 ingreffus

360 2845 489 2888 fuerit
506 2873 519 2896 ,
547 2843 614 2885 vel
644 2841 819 2885 aliorum
843 2852 1199 2896 quorumcumque
1221 2833 1396 2879 Christi-

361 2904 549 2950 fidelium
577 2901 631 2945 de
663 2900 749 2958 ejus
781 2898 948 2943 Familia
981 2898 1194 2953 Pazzaglia
1221 2892 1397 2936 existen-

361 2964 472 3006 tium
492 2961 719 3004 Animabus
739 2989 750 3011 ‚
781 2973 866 3016 quae
886 2961 978 3001 Deo
1005 2959 1046 3001 in
1063 2956 1278 3001 Charitate
1302 2966 1398 2994 con·

363 3022 505 3081 junctae
531 3022 580 3064 ab
604 3021 679 3063 hac
708 3019 801 3061 luce
819 3017 1086 3074 migraverint
1103 3044 1118 3067 ‚
1142 3011 1396 3060 celebrabit,

362 3081 488 3126 Miffae
502 3078 752 3124 Sacrificium
770 3076 999 3133 hujusmodi
1016 3076 1194 3126 Animae,
1222 3085 1297 3129 pro
1317 3083 1396 3126 qua

361 3139 679 3188 celebrabitur,
711 3137 881 3193 perinde
913 3134 1180 3192 suffragetur,
1210 3146 1255 3175 ac
1289 3129 1314 3172 fi
1346 3128 1396 3170 ad

361 3200 525 3251 Altare,
541 3196 769 3251 Privilegio
785 3194 1020 3251 Apostolico
1035 3224 1050 3245 ,
1065 3207 1137 3250 pro
1147 3187 1399 3236 Christifide-

363 3259 467 3304 lium
482 3257 729 3307 Animabus,
755 3254 776 3298 ἃ
803 3256 933 3309 poenis
959 3251 1200 3309 purgatoriis
1220 3249 1397 3292 liberan-

363 3319 426 3361 dis
446 3317 714 3367 decoratum,
730 3312 860 3356 fuisset
879 3308 1397 3362 celebratum,Autstorita-

365 3389 408 3419 te
435 3377 668 3433 Apostolica
695 3403 709 3424 ,
738 3384 884 3416 tenore
922 3372 1178 3428 praesentium
1199 3365 1397 3411 concedi-

366 3450 480 3488 mus,
512 3437 552 3480 &
570 3435 864 3491 indulgemus,
896 3445 974 3474 non
1003 3433 1187 3477 obstante
1208 3459 1223 3482 ,
1254 3436 1396 3483 quate-

369 3509 446 3537 nus
461 3509 560 3550 opus
586 3495 662 3547 sit,
695 3493 865 3544 Nostra,
895 3487 1396 3544 &CancellariaeAposto-

367 3554 455 3595 licae
495 3555 634 3609 regula
651 3584 667 3605 ,
693 3553 744 3597 de
770 3567 846 3596 non
868 3551 1144 3595 concedendis
1176 3547 1399 3603 Indulgen-

371 3610 439 3653 tiis
457 3610 650 3663 adinstar,
667 3612 835 3669 aliisque
852 3610 1214 3653 Constitutionibus
1232 3637 1245 3660 ,
1270 3609 1307 3648 &
1321 3609 1401 3649 Or-

372 3669 644 3712 dinationibus
657 3675 690 3712 A
697 3671 896 3727 postolicis
907 3699 920 3722 ,
934 3668 1168 3727 caeterisque
1183 3667 1396 3710 contrariis

371 3727 675 3784 quibuscunque
690 3759 701 3771 .
730 3734 880 3774 Datum
894 3732 1035 3773 Romae
1049 3729 1156 3787 apud
1171 3730 1210 3771 S.
1224 3727 1396 3771 Mariam

371 3786 576 3845 Maiorem
602 3788 668 3832 sub
690 3789 853 3834 Annulo
868 3788 1107 3844 piscatoris,
1133 3791 1212 3835 Die
1231 3793 1393 3850 vit-Ju-

1482 1362 1678 1424 Prioriffae
1689 1394 1704 1415 ,
1718 1364 1766 1413 θ’
1781 1363 2019 1408 Martialibus
2033 1367 2267 1424 Monasterii
2282 1371 2442 1412 Monta-

1560 1427 1656 1469 lt'um
1675 1427 1964 1480 Capun'narum
1982 1432 2369 1480 nuncupatorum,in

1588 1486 1727 1527 Monte
1743 1483 1953 1539 Quirinali
1967 1484 2010 1524 de
2030 1484 2147 1533 Urbe,
2145 1485 2340 1541 salutem,

1622 1542 1670 1592 θ’
1689 1540 1949 1599 Apostolicam
1964 1542 2275 1587 Benediffionem
2299 1574 2310 1585 .

1587 1663 1628 1703 D
1664 1659 1892 1715 augendam
1922 1663 2092 1705 vestram
2122 1662 2416 1717 devotionem,
2445 1665 2486 1706 &

1603 1719 1841 1762 Animarum
1867 1718 2035 1764 salutem
2063 1723 2309 1765 Coelestibus
2335 1723 2489 1766 Eccle-

1449 1782 1510 1825 siae
1525 1777 1745 1822 Thesauris
1760 1776 1825 1832 pia
1843 1780 2046 1824 charitate
2066 1779 2213 1824 intenti
2230 1782 2382 1833 ,Vobis
2400 1797 2490 1825 om-

1425 1841 1568 1886 'nibus
1590 1864 1605 1886 ,
1634 1838 1674 1878 &
1702 1835 1864 1892 singulis
1881 1867 1895 1889 ,
1927 1854 1974 1881 ac
1998 1838 2084 1881 aliis
2117 1840 2156 1882 in
2184 1839 2317 1884 vestro
2345 1844 2491 1884 Mona-

1453 1898 1578 1943 sterio
1606 1910 1709 1938 nunc
1727 1924 1741 1947 ‚
1769 1897 1808 1938 δε
1822 1911 1895 1952 pro
1909 1908 2104 1953 tempore
2119 1897 2365 1957 degentibus
2383 1930 2396 1953 ,
2419 1913 2492 1943 ve-

1452 1959 1498 2002 r‘e
1525 1954 1819 2013 poenitentibus
1833 1984 1847 2007 ,
1871 1959 1908 1999 &
1924 1955 2107 1999 confeffls
2122 1987 2135 2009 ‚
2158 1973 2203 2001 ac
2224 1962 2345 2002 saera
2361 1962 2491 2003 Com-

1454 2017 1646 2060 munione
1662 2012 1830 2057 refectis
1845 2045 1860 2066 ,
1893 2030 1977 2073 quae
2005 2017 2164 2060 §calam
2187 2018 2296 2060 intra
2313 2018 2491 2061 claustra

1458 2075 1580 2121 vestri
1602 2073 1833 2117 Monasterii
1866 2074 2005 2127 sitam,
2036 2076 2209 2118 orationi
2239 2078 2395 2121 tanturn
2420 2077 2495 2119 de-

1457 2137 1640 2180 stinatam
1667 2133 1775 2176 ultra
1804 2146 1976 2188 quatuor
2002 2135 2139 2185 viceS,
2167 2149 2301 2189 nuper
2331 2136 2401 2180 sub
2423 2136 2495 2178 die

1457 2211 1526 2238 xx
1538 2208 1573 2236 1.
1586 2193 1782 2250 Januarii,
1797 2193 1982 2248 proxime
1996 2195 2204 2247 praeteriti,
2220 2194 2242 2237 ἃ
2256 2195 2387 2238 Nobis
2401 2209 2495 2238 con.

1455 2253 1607 2303 celsas,
1639 2251 1699 2292 bis
1729 2250 1921 2307 quolibet
1952 2266 2057 2295 anno
2084 2252 2199 2294 flexis
2229 2254 2399 2309 genibus
2429 2253 2496 2309 pie

1456 2307 1723 2357 ascenderitis
1739 2339 1754 2363 s
1785 2312 1822 2353 δι
1849 2312 1903 2354 ibi
1933 2325 2006 2366 pro
2029 2311 2355 2355 Christianorum
2380 2314 2499 2356 Prin-

1458 2372 1594 2427 cipum
1618 2370 1840 2413 eoncordia
1858 2399 1872 2422 ,
1901 2370 2091 2412 haeresum
2119 2371 2423 2426 extirpatione,
2449 2385 2495 2413 ac

1457 2433 1504 2473 S.
1523 2428 1667 2472 Matris
1684 2427 1872 2471 Ecclefiae
1895 2429 2146 2472 exaltatione
2164 2431 2273 2484 ,pias
2304 2429 2496 2473 achum

1459 2500 1604 2546 preces
1631 2484 1856 2528 effuderitis
1881 2512 1895 2535 ,
1927 2485 2005 2542 qua
2032 2487 2121 2528 vice
2151 2487 2435 2542 praedictarum
2454 2487 2497 2533 id

1455 2546 1626 2602 egeritis
1640 2574 1655 2597 ,
1687 2554 1730 2586 ut
1747 2558 1815 2586 eas
1831 2559 1973 2587 omnes
1990 2573 2004 2595 ,
2027 2546 2066 2586 &
2083 2545 2254 2601 singulas
2269 2546 2496 2602 Indulgen-

1457 2609 1532 2650 tias
1551 2634 1565 2657 ,
1595 2605 1634 2647 δε
1649 2614 1915 2665 peccatorum
1933 2603 2175 2647 remissiones
2189 2634 2203 2655 ,
2225 2620 2272 2647 ac
2286 2607 2498 2660 poeniten-·

1459 2668 1607 2709 riarum
1628 2662 1904 2707 relaxationes
1918 2661 2248 2719 consequamini,
2281 2679 2377 2720 quas
2392 2678 2495 2708 con-

1459 2722 1729 2779 sequeremini
1756 2751 1769 2772 ‚
1801 2721 1827 2763 fi
1858 2723 2014 2768 scalam
2046 2724 2228 2765 Sanctam
2260 2722 2315 2765 de
2350 2724 2494 2766 eadem

1457 2784 1577 2828 Urbe
1603 2778 1873 2836 personaliter
1896 2811 1910 2834 ,
1944 2783 1982 2823 &
2008 2779 2191 2834 devote,
2223 2783 2348 2824 etiam
2376 2782 2492 2824 flexis

1458 2842 1624 2901 genibus
1639 2838 1913 2887 ascenderetis
1925 2871 1941 2897 ,
1969 2842 2223 2887 Austoritate
2240 2841 2491 2897 Apostolica,

1460 2913 1610 2946 tenore
1639 2899 1893 2954 praesentium
1923 2900 2215 2952 concedimus,
2243 2902 2283 2942 δι
2305 2900 2494 2956 indulge-

1461 2973 1548 3012 mus
1565 2989 1576 2999 .
1612 2962 1704 3001 Non
1730 2959 1976 3002 obstantibus
2002 2960 2146 3016 regula
2173 2960 2306 3002 nostra
2331 2959 2385 3001 de
2414 2973 2495 3001 non

1457 3017 1736 3063 concedendis
1765 3019 2037 3074 Indulgentiis
2066 3019 2268 3066 adinstar,
2301 3015 2492 3062 coeteris-

1457 3092 1537 3136 que
1551 3078 1767 3120 contrariis
1782 3076 2098 3135 quibuscunque.
2115 3078 2375 3122 Praesentibus
2392 3091 2490 3133 per-

1458 3137 1591 3195 petuis
1616 3134 1760 3179 futuris
1776 3138 2028 3194 temporibus
2046 3137 2230 3183 valituris
2246 3165 2258 3182 ,-
2291 3136 2488 3179 Volumus

1457 3207 1593 3241 autem
1615 3224 1629 3247 ,
1658 3206 1704 3239 ut
1732 3196 1838 3240 dieta
1866 3197 1982 3241 Scala
2009 3197 2097 3240 aliis
2115 3197 2244 3241 ufibus
2267 3209 2346 3237 non
2374 3194 2498 3237 insen

1456 3258 1541 3300 viat
1571 3283 1582 3295 .
1616 3258 1773 3298 Datum
1803 3259 1944 3301 Romae
1968 3257 2072 3312 apud
2100 3261 2140 3301 S.
2167 3253 2333 3299 Mariam
2364 3253 2492 3310 Majo-

1456 3329 1545 3362 rem
1574 3311 1642 3357 sub
1673 3315 1839 3363 Annulo
1867 3315 2081 3359 piscatoris
2110 3345 2124 3368 ‚
2156 3315 2236 3359 Die
2261 3326 2353 3353 xxx.
2380 3316 2492 3355 Mar-

1457 3375 1506 3418 tii
1542 3389 1690 3440 inance
1705 3389 1827 3421 xxxi
1844 3390 1858 3419 1
1875 3390 1907 3421 1.
1937 3373 2198 3419 Pontificatus
2214 3370 2350 3416 Nostri
2370 3373 2492 3416 Anno

1458 3443 1604 3479 tertio.

1946 3496 1990 3538 F.
2005 3493 2132 3540 Gai-d.
2146 3490 2351 3536 Oliverius
2366 3521 2378 3533 .

1518 3618 1643 3657 Breve
1654 3614 1828 3675 format.
1855 3615 1898 3656 t‘n
1925 3611 2046 3655 Arch.
2072 3612 2304 3670 Monasterii
2336 3613 2497 3654 Mania-¹

1576 3674 1674 3716 lium
1708 3675 1902 3718 dierorum
1929 3700 1945 3721 ‚
1985 3674 2029 3713 in
2058 3686 2133 3727 quo
2159 3672 2385 3729 rifi-matur
2400 3701 2415 3723 ,
2444 3672 2494 3719 ἐς

1575 3733 1780 3790 αἰὶιιᾶβψ
1794 3746 1858 3776 21.
1880 3733 2080 3783 §ianuarii-
2092 3733 2228 3774 datum
2242 3761 2256 3783 ,
2289 3735 2337 3784 ω’
2361 3735 2406 3774 in
2418 3730 2494 3791 fit-

1566 3801 1648 3851 pra
1667 3792 1790 3852 postte
1819 3794 1937 3836 Brevi
1961 3801 2216 3835 memoratum
2233 3821 2245 3834 .
