2774 4068
1080 159 1600 250 Marchiae.

301 281 377 329 Fr.
392 278 677 329 Michaelem
700 275 942 344 Angelum
963 275 989 326 ὃ
1018 278 1343 349 Ragusio,Mi·

358 349 553 400 nisti-um
578 347 889 405 Generalem,
927 350 1044 417 Regi
1092 353 1340 407 Catholico

362 438 450 491 pro
467 418 673 472 feliciore
704 412 975 469 visitationis
993 418 1190 472 succeffu
1214 441 1339 476 com.

361 489 550 543 mendat
568 523 582 539 .

298 616 521 679 char-fimo
561 616 605 660 in
638 618 790 677 Christo
837 619 942 664 Filio
977 621 1120 680 Nostro
1161 620 1335 682 Philippo

487 676 759 736 Hispanorum
782 682 881 737 Regi
910 681 1114 726 catholico
1131 710 1145 723 .

285 799 812 851 CLEMENS
888 802 1329 854 PAPAXI.

325 924 552 985 Charffme
578 929 622 970 in
645 927 798 986 Christo
822 928 908 972 Fili
928 931 1066 986 Noster
1079 931 1285 990 filatem,

462 987 513 1035 ὅ·
537 988 792 1046 Λβςβοίδωνη
818 991 1149 1035 Benedafflonem.

283 1106 374 1220 P
388 1106 588 1151 Aternam
611 1106 945 1152 benevolentiam
967 1113 1138 1155 nostram
1154 1112 1321 1168 praecla-

403 1166 455 1209 ris
485 1167 707 1209 virtutibus
734 1166 809 1209 suis
835 1166 1091 1225 jampridiem
1114 1171 1183 1214 sibi
1215 1187 1320 1229 quae·

282 1226 374 1267 sivit
387 1225 569 1269 Dilectus
593 1225 716 1269 Filius
731 1226 910 1270 Michael
927 1230 1112 1285 Angelus
1136 1230 1159 1274 ἃ
1186 1233 1318 1287 Ragn-

281 1281 527 1334 fio,Ordinis
539 1286 729 1328 Fratrum
744 1286 954 1330 Minorum
970 1292 1010 1331 S.
1026 1290 1224 1333 francisci
1239 1294 1318 1333 Ca.

280 1343 529 1398 pucinorum
545 1347 1075 1401 nuncupatorum,Minister
1088 1349 1321 1398 Generalis,

281 1401 349 1458 qui
381 1403 621 1460 propediem
654 1403 810 1447 insthuc
847 1404 1046 1461 proficisci
1080 1408 1321 1459 constituit,

281 1469 330 1505 ut
358 1473 407 1503 ea
426 1489 442 1513 ,
474 1477 554 1518 qua
581 1476 653 1518 par
666 1464 723 1507 est
749 1492 765 1515 ,
796 1462 976 1519 ejusdem
1000 1467 1168 1511 Ordinis
1196 1467 1318 1511 rebus

281 1516 421 1562 sedula
453 1521 656 1565 charitate
672 1522 912 1579 prospiciat.
939 1529 1034 1570 Non
1049 1527 1316 1584 ambigimus,

282 1579 380 1634 quin
408 1579 488 1635 ipse
504 1579 640 1624 iisdem
670 1582 943 1639 praestantibus
966 1586 1158 1640 dotibus,
1180 1602 1227 1630 ac
1243 1587 1323 1629 fin-

281 1636 416 1693 gulari
430 1640 470 1681 in
484 1639 623 1696 primis
636 1643 801 1698 pietatis
810 1643 1185 1704 studiQMajestatis
1199 1647 1323 1690 etiam

282 1707 360 1741 tuae
374 1699 631 1751 animum,in
657 1704 801 1744 Sacros
824 1703 1031 1755 Ordines,
1060 1719 1106 1748 ac
1132 1706 1318 1764 Religio-

277 1756 339 1799 sos
357 1758 476 1801 Viros
491 1757 598 1801 ultra
610 1759 850 1817 propensum
861 1791 875 1816 ,
891 1760 959 1804 fibi
976 1762 1098 1806 facile
1123 1767 1317 1808 concilia-

285 1825 403 1859 turus
428 1818 501 1859 fit.
533 1817 689 1861 facere
714 1829 852 1864 tamen
877 1835 955 1877 pro
981 1822 1109 1866 nostra
1134 1825 1173 1866 in
1199 1824 1313 1868 illum

278 1876 485 1919 charitate
510 1890 589 1919 non
605 1876 802 1933 poll'umus
817 1907 833 1931 ,
862 1881 958 1936 quin
972 1895 1064 1924 eum
1079 1884 1171 1926 Tibi
1190 1883 1315 1941 nntjo·v

277 1947 369 1977 rem
391 1935 430 1977 in
458 1935 626 1978 modum
648 1938 982 1984 commendemus
999 1969 1013 1993 ,
1045 1953 1170 1999 atque
1193 1943 1315 1986 teste-

277 2006 371 2036 mur
395 1993 610 2049 gratiffima
626 1998 756 2040 Nobis
778 2000 868 2044 fore
891 2001 1024 2042 omnia
1039 2030 1053 2053 ‚
1087 2002 1152 2044 vel
1180 2006 1315 2046 aueto-

278 2052 411 2096 ritatis
438 2052 645 2110 praelidia,
679 2058 744 2101 vel
770 2058 1032 2103 humanitatis
1048 2060 1207 2114 officia,
1229 2076 1314 2120 quae

276 2110 339 2155 illi
382 2112 567 2157 tribuere
599 2127 675 2168 pro
706 2118 840 2174 Regia
868 2119 1125 2175 benignitate
1154 2131 1222 2165 tua
1252 2122 1314 2164 di-

278 2170 493 2227 gnaberis.
528 2171 732 2229 Maiestati
748 2177 843 2219 Tua:
862 2176 1098 2221 diuturnam
1127 2179 1317 2223 solidam—

276 2243 361 2330 gue
388 2229 631 2274 felicitatem
659 2245 710 2274 ex
725 2235 876 2275 Animo
890 2248 1130 2290 precamur,
1154 2239 1318 2296 &Apo-

309 2287 458 2332 olicam
485 2289 818 2335 Benedictionem
840 2294 1105 2338 amantillime
1127 2297 1315 2354 imperti·

275 2360 396 2389 mur.
430 2350 585 2391 Datum
614 2349 754 2392 Romae
777 2351 886 2407 apud
924 2355 965 2396 S.
979 2355 1154 2397 Mariam
1183 2356 1318 2412 Majo-

279 2420 367 2447 rem
394 2403 467 2450 sub
492 2406 661 2450 Annulo
685 2408 930 2465 Piscatoris,
962 2413 1043 2456 Die
1079 2429 1107 2458 v
1128 2426 1165 2455 t.
1192 2418 1317 2472 Apri-

277 2463 328 2507 lis
344 2479 548 2510 unccxv.
580 2468 661 2510 &c-

441 2586 508 2643 Jo.
525 2583 843 2643 christophorus
868 2588 1071 2634 Battellus
1094 2593 1254 2637 Secret-

332 2706 481 2759 Autog.
516 2704 561 2745 in
593 2709 739 2748 secret.
769 2711 861 2752 Bev.
896 2709 948 2752 ad
972 2709 1183 2767 Principes
1217 2713 1312 2769 Reg-

387 2762 520 2820 Menfi
531 2787 546 2810 ,
570 2764 620 2814 (5
635 2768 746 2809 Amn'
758 2768 887 2823 praed.
900 2767 984 2827 fil.
1004 2781 1019 2810 ι
1033 2780 1096 2820 ¹7·

1134 2912 1310 2927 ὴ

609 3015 733 3064 Item
763 3016 953 3085 Reginae
972 3051 984 3064 .

275 3129 513 3190 Chargffi'mae
537 3132 579 3175 fn
597 3130 749 3190 cbristo
766 3132 884 3178 Fillae
906 3133 1060 3190 Nqstrae
1075 3137 1309 3195 Elise‘sbetbe

448 3189 716 3248 Hispaniarum
727 3192 887 3249 Regt'nae
899 3193 1111 3238 CathoIIcae
1123 3224 1134 3236 .

271 3310 791 3362 CLEMENS
882 3314 1118 3367 PAPA
1201 3319 1307 3368 xl.

274 3436 501 3497 Cbaerffma
535 3440 578 3482 In
613 3440 768 3499 christo
802 3443 910 3485 Filia
941 3442 1088 3499 Nostra
1099 3445 1307 3502 filum,

445 3499 494 3548 (⁴5
516 3499 776 3557 Apostolicam
800 3501 1130 3548 BenediHieneu·

268 3616 520 3725 Dlvinae
553 3619 709 3663 Gloriae
740 3618 1027 3679 amplificanda
1068 3621 1244 3668 studium
1280 3605 1305 3676 ,'

412 3674 453 3716 δι
478 3676 675 3735 Religioli
699 3677 755 3722 sui
782 3679 945 3723 Ordinis
960 3682 1163 3724 Coenobia
1193 3683 1299 3725 invi-

265 3730 374 3775 sendi
398 3733 611 3781 necemus
634 3766 649 3790 ,
681 3738 805 3784 isthuc
834 3742 875 3783 in
901 3737 1105 3798 praesentia
1144 3753 1293 3786 vocant

1403 278 1597 321 dilectum
1614 276 1760 319 Filium
1776 274 2023 321 Michaelem
2038 282 2243 337 Angelum
2256 287 2279 329 a
2296 204 2435 341 Ra5gu-

1403 336 1486 389 fio,
1510 337 1676 380 Ordinis
1704 338 1892 380 fratrum
1929 337 2130 383 Minorum
2167 347 2206 385 δ.
2235 344 2436 387 Francisci

1400 397 1710 450 Capucinorum
1724 404 2050 451 nuncupatorum
2061 424 2076 444 ,
2092 400 2319 446 Ministrum
2343 405 2433 447 Ge.

1401 455 1611 507 neralem,
1635 453 1805 511 quinon
1833 453 1918 499 line
1944 453 2206 510 plurimarum
2231 461 2432 507 virtutum

1396 513 1623 562 comitatu,
1652 528 1699 557 ac
1728 513 1892 570 pietatis
1917 513 1957 556 in
1984 513 2122 569 primis
2150 542 2165 566 ,
2195 518 2234 559 δι
2259 521 2434 574 pruden.

1397 573 1461 615 tia:
1487 572 1611 615 laude
1625 571 1891 629 conspicuus,
1913 570 2111 629 ejusmodi
2143 574 2219 616 iter
2244 580 2429 632 aggredi-

1397 640 1488 673 tur.
1521 634 1637 682 Nos,
1666 633 1734 687 qui
1753 631 2064 687 paternoillum
2089 630 2229 675 affeetu
2252 637 2429 691 comple-

1395 690 1540 732 &imur
1562 716 1578 740 ,
1620 689 1891 735 honorificum
1921 691 1998 734 hoc
2030 690 2328 735 benevolentia:
2359 710 2431 738 no-

1396 750 1480 791 ssrae
1504 747 1777 792 testimonium
1804 749 1874 807 ipfi
1901 749 2205 806 adjungendum
2234 752 2434 796 existima-

1396 808 1550 850 vimus·
1568 810 1664 851 Non
1681 817 1814 852 tamen
1827 823 1926 864 opus
1941 809 2022 852 effe
2035 809 2220 853 ducimus
2238 836 2252 860 ,
2278 820 2321 852 ut
2337 825 2431 855 eum

1393 866 1598 922 Maiestati
1645 868 1744 910 Tuae
1788 869 2025 924 diligentius
2065 870 2396 913 commendemus
2418 901 2430 914 .

1390 927 1555 969 Etenim
1572 927 1699 969 statim
1714 956 1729 979 ,
1753 942 1797 970 ac
1813 928 2057 983 praessantes,
2071 929 2218 986 quibus
2232 940 2428 982 ornatur,

1385 986 1508 1028 animi
1521 987 1641 1029 dotes
1655 1015 1669 1039 ,
1681 986 1721 1030 in
1739 986 1996 1042 conspeetum
2014 987 2052 1032 se
2064 986 2289 1037 dederint,
2311 1000 2431 1031 accu-

1388 1055 1484 1087 ratae
1499 1044 1867 1089 commendationis
1895 1047 2001 1102 apud
2020 1049 2081 1090 Te
2105 1045 2243 1088 officio
2269 1042 2428 1089 fiinCtu·

1384 1118 1445 1147 ras
1474 1104 1554 1148 effe
1580 1104 1742 1148 minime
1770 1104 2030 1150 dubitamus.
2063 1107 2204 1160 Qtare
2229 1103 2331 1147 illud
2354 1120 2427 1161 po-

1383 1164 1463 1205 tius
1491 1164 1565 1206 hac
1586 1166 1897 1220 opportunitate
1922 1164 2226 1208 testatum'Tibi
2255 1160 2335 1206 effe
2355 1177 2428 1207 vo-

1379 1223 1754 1272 lumus-,charitatis
1782 1223 1938 1268 scilicet
1964 1237 2061 1280 erga
2088 1225 2150 1267 Te
2176 1221 2317 1266 nostra:
2341 1237 2429 1265 ma-

1379 1282 1581 1339 gnitudini
1610 1281 1762 1325 nullam
1788 1281 1872 1326 fieri
1890 1280 1998 1337 posse
2012 1282 2311 1333 accellionem,
2340 1281 2428 1325 affi-

1382 1342 1591 1397 duumque
1619 1340 1838 1384 Pontificiae
1863 1340 2155 1385 sollicitudinis
2187 1350 2329 1384 votum
2343 1339 2425 1384 effe

1383 1400 1656 1451 felicitatem,
1683 1402 1724 1443 δι
1746 1401 1921 1456 gloriam
1950 1401 2171 1458 Maiestatis
2199 1403 2324 1454 Tuae,
2356 1401 2422 1444 cui

1381 1460 1659 1517 Apostolicam
1689 1460 2020 1503 Benedictionem
2052 1460 2315 1504 amantissimi:
2350 1461 2426 1502 im-

1379 1520 1578 1576 partimur
1593 1549 1605 1560 .
1640 1521 1793 1562 Datum
1811 1521 1952 1561 Romae
1971 1520 2075 1575 apud
2090 1525 2131 1563 S.
2146 1521 2322 1563 Mariam
2336 1523 2426 1563 Ma-

1385 1578 1514 1634 iorem
1539 1576 1611 1622 sub
1639 1580 1810 1620 Annulo
1829 1578 2072 1630 Piscatoris‚
2104 1580 2185 1621 Die
2213 1592 2279 1622 vt.
2297 1579 2425 1635 Apri-

1384 1639 1437 1682 lis
1454 1652 1658 1683 Muccxv.
1682 1635 1949 1681 Pontificatus
1965 1638 2104 1681 Nostri
2116 1641 2239 1682 Anno
2252 1638 2395 1694 quinto
2410 1667 2423 1680 .

1550 1758 1618 1814 Jo:
1638 1756 1959 1814 Christophorus
1987 1757 2189 1802 Battellus
2204 1760 2367 1802 Secret-

1435 1878 1579 1932 Autog·
1610 1879 1653 1918 in
1667 1878 1811 1918 secret.
1829 1880 2019 1919 Brevium
2031 1876 2081 1922 ad
2099 1877 2310 1936 Principes
2328 1880 2426 1934 Reg.

1493 1935 1623 1994 Mens:
1637 1964 1651 1988 ,
1683 1936 1731 1984 θ’
1747 1936 1859 1980 Anni
1881 1937 2004 1993 pred.
2031 1934 2115 1996 fol.
2134 1951 2148 1980 1
2163 1952 2176 1980 ι
2183 1953 2228 1995 9.

1379 2187 1454 2235 Ac
1488 2183 1727 2235 Francisco
1754 2184 1991 2237 Cardinali
2018 2185 2074 2238 de
2098 2186 2272 2259 Judice
2291 2223 2305 2237 .

1379 2312 1535 2357 Dicho
1564 2312 1665 2354 Filio
1683 2314 1823 2368 Nostro
1847 2316 2055 2374 Francsso
2091 2318 2171 2361 Tit.
2204 2319 2244 2358 s.
2263 2315 2425 2359 Sabine

1463 2376 1504 2415 S.
1522 2374 1569 2414 R.
1577 2375 1621 2414 Ε.
1637 2373 1858 2429 Presbytero
1882 2376 2094 2419 cardinali
2111 2378 2154 2419 de
2163 2375 2311 2431 ‘Judtce
2323 2405 2336 2418 .
2387 2415 2392 2419 .

1771 2443 1997 2490 nuncupato
2012 2464 2024 2476 .

1377 2554 1906 2604 CLEMENS
1993 2557 2220 2607 PAPA
2309 2557 2418 2605 XI.

1375 2679 1533 2722 Diche
1556 2680 1641 2721 Fm
1672 2676 1814 2731 Nesser
1826 2679 2006 2736 statuti-m
2021 2706 2036 2730 ,
2067 2681 2123 2732 ῥ’
2154 2680 2418 2740 Apssolicam

1724 2737 2039 2782 Benedefflonem
2054 2770 2067 2782 .

1513 2857 1585 2898 Ul
1615 2854 1696 2897 iter
1724 2855 1851 2899 isthuc
1876 2856 2063 2911 proxime
2090 2858 2337 2918 aggreditur
2352 2855 2418 2899 di·

1528 2914 1782 2959 lectusffilius
1797 2915 2166 2973 MichaelAngelus
2179 2919 2200 2961 :l
2220 2916 2422 2971 Ragufio,

1560 2974 1723 3016 Ordinis
1740 2976 1931 3016 Fratrum
1947 2976 2157 3019 Minorum
2190 2980 2231 3021 S.
2249 2974 2420 3018 Franci-

1371 3030 1426 3072 sci
1440 3033 1746 3088 Capucinorum
1762 3044 2087 3091 nuncupatorum
2102 3065 2116 3087 ‚
2129 3034 2311 3080 Minister
2326 3035 2415 3076 Ge·-

1372 3090 1526 3134 neralis
1548 3120 1562 3143 ,
1597 3093 1828 3135 visitaturus
1853 3107 1928 3148 pro
1967 3090 2022 3136 sui
2050 3095 2229 3139 muneris
2257 3093 2416 3135 ratione

1370 3150 1577 3194 Coenobia
1603 3150 1784 3207 ejusdem·
1799 3151 1995 3204 Ordinis,
2025 3168 2114 3210 quae
2146 3156 2183 3198 in
2213 3149 2412 3207 Hispaniis

1370 3206 1441 3252 fita
1470 3208 1558 3254 sunt
1582 3238 1596 3261 ‚
1635 3210 1682 3252 iis
1707 3221 1879 3254 ornatur
1908 3212 2157 3263 virtutibus,
2188 3213 2343 3269 pietate
2372 3209 2411 3251 in

1370 3269 1538 3324 primis,
1569 3280 1692 3325 atque
1714 3269 1935 3326 prudentia
1959 3269 2175 3329 lingulati,
2204 3281 2247 3313 ut
2267 3271 2291 3313 a
2308 3269 2408 3314 Te)

1368 3326 1423 3372 de
1449 3328 1647 3386 ejusmodi
1674 3330 1785 3373 Viris
1808 3330 2069 3374 benemereti
2107 3344 2185 3373 non
2211 3327 2410 3372 tantum...

1368 3399 1540 3444 parato,
1571 3387 1639 3431 sed
1653 3388 1778 3432 etiam
1791 3388 1942 3446 cupido
1955 3416 1970 3440 ,
1987 3388 2121 3432 omnia
2144 3387 2412 3431 humanitatis

1366 3446 1500 3492 officia
1523 3447 1710 3505 polliceri
1726 3447 1794 3492 libi
1810 3448 1961 3491 merito
1977 3447 2114 3504 ponit.
2149 3450 2245 3491 Non
2266 3457 2407 3490 tamen

1365 3505 1459 3564 pafli
1478 3505 1609 3551 sumus
1628 3507 2101 3565 ReligiosumHominem
2112 3534 2126 3558 ‚
2142 3506 2272 3550 Nobis
2284 3518 2408 3548 acce-

1360 3565 1591 3622 ptissimum,
1606 3565 1658 3609 ad
1673 3568 1737 3610 Te
1758 3568 1874 3610 adire
1888 3564 2035 3622 absque
2058 3565 2201 3609 nostris
2229 3566 2335 3610 hisce
2354 3565 2406 3607 li·

1359 3626 1491 3677 teris,
1521 3626 1670 3684 quibus
1706 3628 1957 3682 perspectum
1985 3625 2080 3669 Tibi
2103 3623 2185 3669 effe
2213 3628 2403 3670 volumus

1358 3696 1520 3740 gratum
1542 3684 1761 3729 admodum
1775 3682 1904 3727 Nobis
1919 3682 2035 3738 fore,
2050 3683 2078 3728 ti
2090 3685 2227 3730 testari
2240 3687 2314 3730 ille
2331 3697 2403 3739 po·

1357 3745 1454 3789 terit
1468 3774 1483 3796 ,
1499 3743 1731 3801 ubicunque
1742 3757 1842 3800 opus
1858 3741 1982 3787 fuerit
1995 3771 2011 3797 ,
2039 3746 2288 3790 auctoritatis
2306 3744 2403 3784 'l‘uae

2204 3815 2347 3860 patro-
