2762 4108
1069 188 1485 279 Veneta.

360 308 415 351 Et
429 305 611 355 deinde,
636 304 733 351 ficut
743 300 922 348 “hibita
944 301 1073 345 Nobis
1101 319 1229 359 nuper
1250 320 1326 361 pro

301 376 417 422 parte
434 365 684 409 nusciosum
698 359 895 409 Filiorum
910 361 1098 403 Fratrum
1120 364 1324 410 Minurum

298 424 434 469 saneti
453 422 648 469 Francilei
664 418 970 474 capucinorum
983 430 1323 475 nuncupatorum,

301 494 349 527 ac
373 483 536 528 Civium
548 477 742 523 &vitatis
764 475 1033 527 Veronensis,
1065 490 1224 522 necnon
1252 482 1325 523 Di·

299 540 493 589 lectarum
506 538 548 582 in
558 534 721 579 Christo
732 534 924 582 filiarum
936 533 1148 580 Abbatiffae
1159 563 1174 587 ‚
1186 537 1226 578 δι
1241 540 1325 580 Mo.

299 598 469 645 nialium
485 593 714 641 “misterii
729 595 861 640 Sancti
874 592 1056 641 silvestri
1069 619 1085 642 s
1110 593 1208 639 alias
1219 599 1326 638 San-

295 658 367 702 ἃ·
379 654 520 700 uaris
534 652 679 700 Matris
696 653 859 700 Domini
874 653 1092 708 nuncupati
1110 653 1328 697 Veronen-

298 714 376 763 fis,
409 712 578 757 Ordinis
592 713 724 759 Sancti
740 711 949 759 Benedicti
973 710 1122 767 petitio
1143 713 1326 755 contine.

297 774 397 823 bat,
425 772 534 827 quod
551 799 565 823 ,
577 770 740 828 quando
750 770 847 819 dieti
875 772 1039 818 Fratres
1054 770 1187 826 primo
1203 771 1241 813 in
1257 773 1331 814 Ci-

294 830 425 877 vitate
440 828 520 884 ipsa
534 830 808 881 acestes-unt,
823 830 933 876 bons
948 829 1327 884 memoricJoannes

289 890 511 937 Mattheus
524 917 540 941 ,
552 888 649 933 dum
664 888 848 939 viveret,
866 886 1084 944 Episcopus
1106 889 1324 934 Veronen-

291 946 345 999 ἧι
363 976 379 1000 ,
401 946 551 993 eisdem
568 947 775 993 Fratribus
798 948 852 993 de
868 945 1074 996 Scelesta,
1091 946 1138 992 ,δι
1150 946 1324 1002 quadam

288 1009 429 1055 Domo
443 1033 460 1058 ‚
486 1007 527 1049 in
543 1020 621 1063 qua
644 1007 717 1062 ἐμῆ
742 1006 947 1060 hucusque
961 1018 1054 1052 cum
1070 1003 1216 1050 summa
1232 1005 1323 1049 vitae

294 1065 529 1110 innocentia
543 1093 559 1117 ,
574 1078 623 1109 ae
639 1078 736 1109 vera
755 1063 978 1119 Religionis
993 1076 1133 1109 norma
1146 1092 1164 1116 ,
1178 1062 1320 1107 totius-

291 1138 376 1181 que
399 1123 534 1180 populi
557 1124 671 1171 diac
697 1123 887 1171 Civitatis
914 1122 1198 1168 benevolentia
1230 1135 1320 1179 per-

289 1180 524 1228 manserunt
536 1210 551 1234 ,
566 1194 708 1227 munus
722 1180 1016 1237 predimtionia
1032 1181 1071 1232 iu
1103 1182 1183 1226 iter
1198 1195 1321 1224 exer-

289 1251 461 1294 centes,
488 1254 537 1287 ac
550 1239 640 1284 aliis
666 1240 815 1284 divinis
842 1237 992 1285 auidus
1013 1239 1067 1285 de
1084 1241 1320 1290 ervientes,

209 1325 212 1328 ⁴
290 1299 493 1360 singulare
531 1297 604 1344 suae
638 1298 854 1354 probitatis
878 1299 1112 1354 exemplum
1140 1297 1317 1344 tradide.

288 1368 386 1407 gunt
403 1386 419 1411 ,
446 1368 566 1414 prout
584 1369 680 1405 tunc
693 1357 856 1413 potuit,
877 1355 1085 1413 providit:
1117 1356 1201 1403 sed
1215 1371 1315 1412 qao..

290 1418 427 1469 niam,
450 1416 678 1472 elargiente
691 1417 898 1468 Domino.
923 1417 1207 1472 congregatio
1221 1416 1321 1459 isio·

289 1490 383 1523 rum
412 1477 603 1521 Fratrum
629 1489 708 1521 non
733 1474 939 1522 mediocre
964 1475 1007 1520 in
1038 1474 1131 1520 dies
1140 1474 1315 1530 iits'cepit

288 1535 592 1582 incrementum
604 1562 619 1586 ‚
656 1533 763 1581 dida
790 1547 936 1581 eorum
967 1536 1124 1580 Domus
1151 1534 1313 1590 angusta

290 1592 414 1640 valde
427 1619 443 1644 ,
472 1594 513 1636 δι
531 1591 773 1639 ncceffitstis
797 1590 869 1639 sue
877 1593 1047 1648 incapax
1071 1592 1091 1644 (
1107 1593 1325 1648 prasertim

289 1665 383 1694 cum
399 1652 466 1708 ipfi
480 1651 587 1693 ultra
604 1665 811 1694 numerum
829 1653 1014 1696 Fratrum
1039 1650 1119 1710 jam
1135 1653 1235 1696 inibi
1247 1652 1325 1696 ade.-

290 1714 448 1754 autssum
473 1723 590 1752 unam
602 1709 865 1754 Academiam
888 1709 937 1752 ad
965 1711 1159 1755 honorem
1175 1711 1315 1754 Omni·

286 1769 467 1826 potentis
487 1769 562 1813 Dei
572 1796 588 1821 ,
601 1781 648 1817 ac
661 1768 877 1815 Christiani
893 1768 1081 1811 Nominis
1093 1769 1284 1813 decorem
1296 1799 1312 1822 ,

287 1827 486 1883 fideique
503 1825 724 1870 Catholicae
738 1835 998 1883 augmentum
1023 1827 1060 1868 in
1076 1840 1125 1869 ea
1151 1829 1309 1883 erigere

288 1885 532 1940 statuerint)
561 1894 723 1940 reperta
745 1886 801 1931 est
814 1914 827 1927 .
858 1887 963 1945 Qsae
984 1886 1118 1932 omnia
1131 1916 1147 1939 ,
1178 1901 1310 1934 eum

286 1944 605 2000 permultidietoe
615 1945 805 1990 Civitatis
822 1945 946 1990 Cives
969 1942 1275 1991 considerassent
1294 1974 1308 1997 ,

286 2005 460 2059 ipsorum
479 2004 664 2045 Fratrum
681 2003 925 2059 puritatem,
949 2004 989 2046 δι
1003 2003 1306 2050 Christianam-.-

281 2061 555 2105 intentionem
580 2059 851 2117 cognovissent
866 2090 880 2112 ,
905 2062 1110 2106 Fratribus
1140 2063 1228 2118 ipsis
1253 2063 1306 2105 de

282 2119 520 2175 alioaptiori
535 2146 551 2170 s
566 2121 606 2165 δι
617 2121 746 2178 magis
757 2120 908 2171 habili,
922 2121 1070 2164 idoneo
1084 2147 1101 2170 ,
1118 2123 1159 2164 δι
1172 2120 1309 2178 capaci

282 2178 532 2223 Monasterio
546 2207 560 2231 ,
587 2179 653 2221 seu
686 2183 818 2221 Domo
851 2178 1070 2234 providere
1094 2180 1277 2223 volentes
1292 2205 1307 2226 ,

280 2252 372 2283 cum
387 2236 502 2282 dietis
519 2234 722 2283 Abbatiffs
734 2262 749 2285 ‚
770 2237 812 2280 δι
824 2236 1071 2283 monialibus
1087 2242 1306 2293 pertracta·

285 2306 434 2342 rerunt
448 2322 464 2345 ‚
489 2298 530 2339 δι
545 2303 858 2343 convenerunt,
882 2293 988 2349 quod
1019 2295 1095 2340 ilia
1108 2297 1309 2342 monaste-

283 2355 388 2397 rium
398 2356 548 2397 Sanaae
558 2353 778 2404 Crucis,de
793 2351 1018 2398 Cittadella
1033 2366 1310 2412 nuncupatum

284 2411 604 2456 Veronen.di6ti
617 2409 784 2454 Ordinis
797 2411 931 2454 Sancti
953 2412 1183 2462 Benedicti,
1199 2413 1308 2470 quod

286 2471 477 2527 predicto
502 2483 641 2514 earum
668 2470 917 2513 Monasserio
956 2471 1087 2513 Sancti
1126 2471 1306 2515 silvestri

282 2531 437 2573 unitum
449 2539 560 2581 erat,
587 2542 680 2571 cum
695 2527 872 2571 Ecclesia
885 2557 900 2581 ‚
913 2529 954 2571 δι
969 2531 1103 2572 Domo
1115 2559 1133 2581 ,
1149 2544 1306 2574 necnon

280 2599 392 2636 terra
407 2587 603 2633 duntaxat
619 2585 835 2642 adiacente
845 2614 860 2638 ,
871 2588 1112 2644 quantitatis
1123 2591 1162 2633 in
1173 2598 1308 2634 totum

281 2648 348 2691 sex
362 2660 610 2702 camporum,
625 2645 687 2690 vel
700 2643 1030 2697 circa,mensurae
1042 2646 1200 2690 illarum
1213 2661 1306 2700 par.

281 2705 383 2747 tium
396 2734 413 2756 ,
426 2703 636 2762 juxtasuoa
655 2703 835 2748 veriores
846 2703 1192 2753 confineaeeisdem
1210 2708 1307 2748 Fra-

279 2765 409 2806 tribus
424 2789 440 2812 ,
456 2764 511 2805 ita
522 2787 538 2810 ‚
552 2762 661 2819 quod
674 2762 819 2806 liceret
834 2765 892 2805 eis
915 2763 1010 2805 inibi
1026 2763 1208 2806 habitare
1225 2774 1306 2806 ter-

278 2836 366 2866 ram
380 2821 602 2872 dictampni
614 2820 835 2864 necessitati
851 2821 923 2863 sue
935 2821 1119 2877 apprime
1129 2836 1307 2864 commo·

277 2883 370 2925 dam
381 2891 524 2921 tenere
537 2905 553 2928 ,
565 2880 606 2920 &
617 2877 818 2935 poffidere
830 2904 846 2925 2
864 2892 1022 2921 necnon
1043 2879 1303 2923 Academiam

275 2937 483 2997 praesatam
510 2948 587 2991 pro
611 2948 754 2979 eorum
783 2947 886 2980 voto
910 2937 1073 2992 erigere
1093 2966 1110 2989 ‚
1133 2937 1302 2994 reliquis

278 3009 417 3042 tamen
445 2994 560 3037 bonis
573 3021 589 3045 ,
613 2994 765 3051 juribus
777 3021 794 3044 ‚
815 2992 1155 3050 jurisdictionibus
1172 3024 1187 3047 ‚
1212 3009 1300 3051 per.

281 3055 488 3105 tinentiis,
497 3054 538 3094 δι
549 3052 862 3096 obventionibus
877 3052 1076 3097 universis
1087 3053 1137 3100 ad
1149 3054 1301 3096 dictum

276 3112 568 3161 Monasserium
596 3113 747 3154 Sancte
772 3112 920 3154 Crucis
937 3110 1204 3166 speaantibus
1218 3141 1233 3165 ‚
1262 3115 1304 3155 δι

276 3170 575 3231 pertinentibus
603 3166 840 3219 Abbatiil'ae,
862 3170 903 3211 Be.
922 3169 1167 3212 Monialibus
1181 3199 1196 3221 ‚
1232 3185 1303 3214 es-

280 3245 453 3288 rumque
468 3227 714 3273 Monssterio
727 3229 855 3272 Sancti
870 3228 913 3271 Si
919 3226 931 3268 l
937 3227 1051 3271 vestri
1080 3228 1300 3283 hujusmodi

279 3290 446 3347 integre
458 3317 474 3342 ,
496 3290 534 3331 ά
545 3289 623 3330 fine
636 3285 950 3331 diminutionein
966 3286 1149 3329 omnibus
1164 3313 1179 3337 ‚
1193 3287 1305 3343 iusta

276 3349 391 3393 diae
413 3349 487 3391 iiie
516 3347 675 3389 unionis
697 3355 907 3395 tenorem,
936 3343 991 3387 ita
1012 3346 1120 3401 quod
1141 3344 1208 3389 illa
1227 3346 1301 3389 iri-³

280 3406 450 3463 reliquis
461 3407 646 3450 omnibus
666 3405 738 3447 suis
753 3404 935 3459 partibus
945 3399 1058 3446 firma
1072 3432 1091 3455 ,
1103 3402 1219 3448 illoesa
1230 3432 1248 3456 ‚
1261 3407 1304 3448 δι

277 3465 432 3511 illibata
447 3474 732 3513 remanerent,
748 3461 1075 3517 permanentibus
1086 3488 1103 3512 ‚
1123 3462 1271 3507 darent
1284 3494 1301 3515 ,

277 3522 602 3568 &concederent
616 3550 631 3572 ,
655 3531 773 3578 prout
796 3532 890 3565 tunc
905 3534 999 3563 cum
1012 3519 1156 3564 effectu
1170 3520 1303 3564 dede-

278 3591 372 3626 runt
385 3607 402 3629 ,
412 3584 454 3625 δι
467 3579 744 3625 conceiserunt
760 3610 772 3622 .
806 3583 858 3623 Et
872 3580 1060 3636 quoniam
1075 3578 1276 3623 Abbatiffa
1287 3607 1306 3630 ‚

280 3639 641 3697 &Monialesipsoe
653 3653 704 3683 ex
731 3638 958 3689 fructibus,
985 3636 1239 3687 redditibus,
1262 3639 1300 3680 δι

275 3698 539 3756 proventibus
551 3698 781 3742 Monasterii
807 3701 960 3742 Sanctae
971 3697 1119 3739 Crucis
1135 3721 1151 3746 ,
1177 3694 1300 3738 illius·

275 3771 355 3814 que
371 3759 526 3799 Domus
537 3780 553 3804 s
580 3757 622 3799 δι
646 3767 763 3800 terrae
790 3756 1021 3815 adjacentis
1048 3753 1303 3812 hujusmodi,

2183 197 2349 307 285

1385 304 1733 362 trigintaDucatos
1751 302 1802 349 sd
1821 305 2041 356 summum,
2066 308 2105 349 δι
2128 311 2410 364 quandoque-i

1381 364 1515 407 minus
1527 361 1581 406 de
1591 361 1727 419 giomi
1749 363 1915 420 triginta
1945 365 2064 408 unius
2081 394 2096 415 ‚
2120 376 2293 411 monetae
2316 366 2407 411 illa·

1386 435 1474 466 rum
1488 422 1666 476 partiunt
1679 448 1695 474 ,
1708 435 1785 478 pro
1801 421 1985 479 quolibet
2005 423 2168 466 Ducato
2197 426 2415 482 percipere¹

1384 481 1684 525 consueverunt
1703 507 1715 523 .
1750 482 1802 524 Et
1830 493 1880 523 ne
1908 493 1959 522 ex
1983 482 2181 535 premiffis
2197 483 2273 526 illae
2291 484 2415 534 mini-.

1386 550 1493 581 nium
1505 536 1756 595 dispendium
1772 548 2012 595 paterentur
2026 567 2041 588 ,
2070 540 2229 593 quidam
2246 542 2409 585 Nobilis

1387 596 1503 639 Civis
1514 597 1756 642 Veronensis
1772 624 1787 648 ,
1816 595 2044 640 Christiana
2066 597 2411 651 Religionecom.

1389 663 1520 699 motus
1533 681 1549 707 ,
1580 663 1624 698 ut
1640 654 1715 698 hoc
1729 668 1829 710 opus
1844 664 1927 698 tam
1938 654 2049 710 pium
2064 683 2079 705 ,
2108 665 2275 710 tamque
2291 657 2408 701 dictae

1386 711 1727 767 Civitatigratum
1743 712 1791 757 ad
1808 711 1930 757 finem
1946 712 2267 769 perduceretur,
2281 724 2343 757 tot
2355 714 2411 759 de

1387 770 1503 818 bonis
1517 770 1612 821 suis,
1622 783 1673 814 ex
1685 772 1829 827 quibus
1844 770 1921 815 illae
1936 770 1989 814 tri
2022 771 2101 815 ints
2117 772 2263 816 ssmiles
2277 775 2411 816 Duca-

1387 837 1452 873 tos
1464 828 1577 873 annis
1590 829 1748 884 singulis
1764 830 1892 873 libere
1904 843 1983 873 con
2001 831 2096 884 equi
2112 831 2297 874 valerent
2311 859 2325 881 ,
2337 830 2417 876 ἀο-ι

1385 900 1459 931 nec
1472 885 1698 932 collectisi
1714 889 1888 933 Civibus
1901 886 2058 943 ipfistot
2083 892 2107 934 a
2131 887 2413 933 christifideli-

1383 945 1456 989 bus
1483 943 1783 1000 eleemosynis,
1813 960 1864 989 ex
1892 947 2037 1002 quibus
2062 946 2199 991 idonei
2229 946 2341 989 fundi
2368 948 2409 992 in

1381 1017 1481 1059 agro
1496 1004 1718 1050 Veronensi
1735 1033 1752 1056 ,
1781 1019 1954 1061 quorum
1972 1004 2156 1050 redditus
2183 1004 2273 1062 jure
2287 1004 2407 1049 annui

1381 1063 1535 1108 affictus
1547 1064 1599 1109 ad
1611 1061 1799 1108 summam
1816 1064 1983 1119 triginta
2001 1066 2254 1109 Ducatorum
2272 1063 2408 1117 hujus-

1380 1123 1488 1168 modi
1517 1122 1807 1174 ascenderent,
1834 1124 1983 1179 quique
2000 1119 2242 1173 Abbatiffae‚
2265 1124 2306 1164 δι
2320 1125 2410 1164 Μο·

1380 1180 1554 1226 nialibus
1580 1181 1668 1239 ipsis
1695 1181 1859 1226 obnoxii
1880 1185 2086 1237 perpetuo
2114 1190 2408 1231 remanerent,

1379 1250 1612 1343 efferentur
1626 1269 1641 1293 ‚
1665 1239 1818 1285 eisdem
1841 1239 2052 1284 Abbatifloe
2067 1269 2082 1293 ,
2101 1242 2142 1284 ἀ
2162 1239 2407 1285 Monialibus

1376 1313 1398 1341 a
1429 1309 1582 1353 ignavie
1595 1329 1609 1342 .

1433 1359 1632 1403 Praeterea
1644 1385 1659 1408 ‚
1669 1372 1762 1402 cum
1785 1357 1972 1402 Ecclefiae
1996 1357 2227 1402 Monasserii
2239 1360 2281 1401 S.
2294 1359 2408 1402 Cru-

1376 1415 1434 1458 cis
1448 1415 1674 1471 hujusmodi
1701 1431 1799 1460 cura
1825 1418 2056 1461 immineret
2086 1418 2327 1466 animarum,
2341 1417 2406 1461 Tu

1376 1476 1520 1518 Frater
1539 1477 1749 1531 Episcope,
1766 1475 1986 1519 Ecclefiam
1999 1476 2123 1531 ipsam
2138 1490 2240 1518 curae
2256 1476 2410 1517 anima-

1380 1549 1472 1577 rum
1490 1562 1505 1585 ,
1518 1535 1557 1576 δι
1572 1537 1920 1579 sacramentorum
1936 1534 2280 1576 administratione
2294 1533 2409 1575 ordi-

1381 1593 1489 1636 naria
1505 1595 1592 1635 Tua
1618 1594 1859 1636 auctoritaie
1882 1592 2028 1648 (salvo
2049 1592 2172 1635 etiam
2194 1590 2311 1646 super
2333 1593 2411 1634 hoc

1377 1651 1535 1699 nostro,
1563 1652 1603 1694 δι
1616 1653 1734 1697 Sedis
1754 1651 1993 1708 Apostolicae
2015 1651 2309 1707 beneplacito)
2339 1664 2413 1706 pe-

1376 1711 1482 1753 nitus
1517 1710 1688 1753 liberasti
1714 1740 1731 1761 ,
1769 1724 1989 1767 curamque
2019 1711 2240 1753 animarum
2278 1709 2412 1766 hujus-

1372 1769 1481 1811 modi
1497 1769 1637 1824 abipsa
1656 1769 1834 1813 Ecclesia
1859 1769 2044 1826 separasti
2064 1796 2079 1819 ,
2109 1769 2272 1811 &illam
2287 1797 2302 1819 ,
2316 1766 2418 1827 ejus:-

1370 1827 2020 1932 {¹351}3:¹1⁶:523'1332d533533i5
2022 1842 2063 1939 Τ
2053 1826 2416 1938 υὲςῖῖἓὲἶὲἱὲἑῗζ

1367 1947 1406 1989 &
1421 1946 1748 1989 commodiorem
1778 1946 2031 1998 transtulisti,
2061 1948 2101 1988 δι
2117 1946 2176 1991 illi
2189 1943 2413 2001 applicasti,

1366 2013 1487 2061 prout
1501 2003 1539 2045 in
1558 2003 1832 2048 instrumentis
1845 2005 2016 2061 publicis
2029 2003 2200 2062 desuper
2216 2000 2410 2047 confectis

1366 2061 1527 2119 plenius
1541 2061 1692 2107 dicitur
1704 2063 2089 2107 contineri.1dcirco
2105 2078 2180 2119 pro
2195 2071 2310 2118 parte
2326 2073 2411 2104 tant

1368 2124 1589 2172 Fratrum,
1601 2120 1639 2164 δι
1653 2122 1821 2168 Civium
1833 2152 1850 2173 ‚
1874 2128 1980 2166 ‘uam
1999 2119 2236 2171 Abbatiffae.
2260 2121 2300 2164 δι
2314 2123 2409 2163 Μο-

1367 2179 1531 2224 nialium
1546 2179 1821 2234 predictorum
1836 2195 1856 2223 a
1889 2181 2096 2223 eremium
2118 2179 2380 2224 donationem
2392 2208 2412 2229 ,

1369 2237 1663 2283 concessionem
1675 2266 1690 2290 ,
1702 2239 1740 2279 &
1754 2237 2049 2294 alligationem,
2063 2236 2219 2295 aliaque
2234 2236 2410 2293 praemis-

1373 2299 1410 2338 st
1434 2297 1474 2339 in
1500 2296 1735 2340 evidentem
1763 2298 1859 2340 dieti
1886 2296 2122 2340 Monasserii
2159 2300 2200 2339 S.
2226 2295 2410 2339 silvestri

1370 2355 1591 2398 utilitatem
1612 2354 1760 2401 ceffiffe
1772 2384 1788 2409 ,
1803 2358 1844 2398 δι
1856 2355 2023 2408 cedere,
2042 2356 2170 2400 Nobis
2186 2354 2262 2398 fuit
2279 2355 2408 2397 humi·

1370 2415 1465 2457 liter
1478 2412 1762 2470 supplicatum,
1776 2424 1822 2457 ut
1836 2414 2063 2464 donationi,
2075 2414 2319 2457 conceffioni
2334 2441 2349 2463 ,
2369 2414 2410 2454 δε

1369 2471 1638 2529 affignationi,
1652 2472 1819 2530 aliistjue
1872 2473 2034 2517 rediistis
2052 2486 2125 2528 pro
2139 2472 2303 2515 illorum
2319 2473 2410 2515 sub-

1369 2531 1537 2575 fluentia
1577 2528 1758 2575 firmiore
1796 2546 1842 2575 ro
1873 2546 1920 2580 ur
1945 2532 2180 2589 Apostolicae
2207 2531 2407 2574 firmitatis

1367 2589 1548 2645 adjicere
1565 2617 1582 2640 ,
1609 2604 1655 2632 ac
1675 2589 1772 2634 alias
1787 2594 1827 2632 in
1845 2588 2044 2645 praemiffis
2061 2589 2290 2644 opportune
2307 2602 2407 2644 pro-

1368 2649 1511 2693 videre
1523 2678 1540 2701 ,
1553 2647 1607 2690 de
1628 2649 1883 2705 Benignitate
1896 2647 2057 2702 Apostol
2065 2647 2123 2689 ica
2142 2646 2406 2704 dignaremur

1367 2711 1454 2751 Nos
1479 2707 1607 2762 igitur
1631 2706 1687 2748 de
1716 2703 1917 2760 premiffis
1946 2715 2099 2746 certam
2115 2708 2301 2748 notitiam
2327 2718 2406 2747 non

1368 2766 1568 2807 habentes
1583 2789 1598 2812 ‚
1622 2777 1669 2805 ac
1685 2762 1961 2805 Ministrorum
1975 2761 2252 2818 praedifilorum
2272 2763 2407 2804 verio-

1365 2837 1432 2865 res
1457 2834 1625 2863 tenores
1653 2820 1913 2876 praesentibus
1936 2835 2010 2877 pro
2035 2819 2227 2877 expressis
2263 2819 2404 2863 haberi

1365 2881 1577 2927 volentes,
1593 2878 1774 2936 ipsosque
1789 2881 1952 2922 Fratres
1977 2906 1993 2928 ‚
2021 2878 2200 2922 &Cives
2213 2908 2226 2930 ‚
2240 2891 2402 2922 necnon

1362 2936 1608 2983 Abbatiss'am
1620 2966 1635 2989 ,
1648 2940 1686 2980 δι
1704 2938 1903 2980 Mottiales
1917 2966 1931 2988 ‚
1944 2950 1991 2979 ac
2004 2936 2225 2992 singulares
2241 2950 2404 2979 eorum·

1358 2998 1453 3041 dem
1484 2997 1816 3039 Monalieriorum
1844 2993 2030 3052 personas
2054 2997 2078 3038 a
2099 2993 2304 3050 quibusvis
2329 3008 2403 3036 ex·

1363 3055 1745 3100 communicationis
1762 3083 1775 3105 ‚
1814 3051 2068 3110 suspensionis
2090 3080 2105 3104 ,
2135 3055 2173 3097 δι
2194 3052 2401 3096 ἱοῑετάἰᾶί

1363 3112 1532 3170 aliisque
1560 3112 1843 3157 Ecclefiafficis
1871 3111 2115 3162 sententiis,
2135 3111 2338 3158 censuris,
2360 3112 2402 3153 δι

1361 3173 1496 3231 poenis
1511 3172 1533 3214 a
1548 3170 1636 3225 jure
1647 3201 1663 3223 ,
1678 3170 1744 3216 vel
1760 3172 1811 3213 ab
1825 3170 1987 3216 homine
2002 3198 2018 3222 ‚
2030 3171 2170 3229 quavis
2188 3172 2399 3215 occassone

1366 3230 1431 3274 rel
1449 3230 1564 3273 causa
1584 3230 1676 3272 latis
1691 3259 1708 3281 ‚
1741 3229 1766 3272 sn
1785 3230 1931 3286 quibus
1946 3229 2257 3288 quomodolibet
2283 3229 2399 3271 inno-

1365 3288 1451 3337 dati
1464 3287 1909 3340 calnomum-effectum
1923 3288 2174 3344 presentium
2199 3287 2399 3331 duntaxat

1362 3346 1851 3405 consequendum‚barum
1864 3346 1967 3390 serie
1980 3345 2236 3389 absolventes
2250 3373 2264 3394 ,
2274 3345 2316 3386 δι
2328 3343 2400 3386 ab·

1361 3405 1513 3450 solutos
1539 3403 1628 3448 sore
1638 3404 1865 3456 censentes,
1887 3403 2109 3457 huiusmodi
2139 3402 2397 3460 supplicatio-

1360 3465 1475 3508 nibus
1486 3463 1933 3526 incl·inatl,Discretioni
1950 3463 2083 3506 vestrae
2097 3475 2168 3519 per
2183 3461 2395 3521 praesentes

1362 3523 1652 3565 committimus
1666 3551 1680 3575 ‚
1696 3524 1737 3564 δι
1753 3523 2203 3578 mandamus,quatenus
2219 3520 2397 3572 vocatis,

1361 3581 1411 3624 ad
1429 3579 1469 3622 id
1483 3606 1499 3629 ,
1529 3582 1596 3637 qui
1616 3578 1770 3625 suerint
1789 3581 1996 3631 vocandi,
2028 3593 2072 3623 ac
2095 3577 2250 3623 servata
2267 3576 2395 3622 sorma

1361 3635 1680 3695 preinsertarum
1718 3638 1928 3683 literarum
1967 3637 2080 3684 Pauli
2103 3637 2395 3697 predecessoris

1360 3697 1612 3754 hujusmodi,
1634 3699 1676 3741 δι
1698 3699 1943 3742 Monssterio
1958 3700 1998 3741 S.
2010 3699 2159 3741 Crucis
2176 3726 2192 3750 ,
2210 3697 2394 3751 initiaque

1360 3754 1575 3813 Εεςῑείὶιζ,
1602 3758 1765 3810 Domo,
1793 3759 1831 3799 8(
1863 3759 1992 3800 Terra
2021 3755 2234 3813 adjacente
2262 3753 2397 3853 Ιιιέἰῇμΐ-

2232 3828 2295 3856 mo
2330 3826 2341 3853 ι
