2762 4108
443 209 614 318 276

372 333 547 378 cumque
578 322 691 365 Feria
710 336 756 368 v.
788 317 950 376 maioris
980 318 1248 366 haebdomadae
1273 320 1310 361 in
1337 333 1406 362 ea-

369 379 463 422 dem
477 380 647 437 Capella
659 378 772 427 Missa
794 381 984 425 solemnis
1012 378 1216 428 celebrari
1247 391 1401 432 neque-

363 447 406 479 at
423 465 435 489 ,
463 450 681 496 propterea
697 453 773 497 pro
790 437 984 483 facultate
1004 463 1018 486 a
1054 446 1097 481 ut
1127 438 1232 482 ultra
1251 434 1402 480 Missam

362 498 650 541 Parochialem
679 498 719 540 in
733 497 866 541 Altari
896 496 1036 554 majori
1064 495 1401 542 decantandam-2

363 553 442 598 alia
470 557 631 615 privata
654 558 696 599 in
721 567 944 600 memorata
968 555 1139 610 Capella
1165 586 1179 606 ,
1210 555 1260 600 ad
1285 553 1400 610 spiri-

362 619 516 662 tualem
536 614 710 671 ipsarum
735 614 1054 658 consolationem
1079 615 1281 659 celebrari
1306 611 1397 671 pos-

362 677 427 731 sit,
442 676 620 722 Sac-Rit.
636 673 957 731 Congregationi
972 672 1090 715 enixe
1105 673 1396 729 supplicarunt,

361 740 402 782 δι
429 735 574 780 eadem
607 737 648 783 S.
664 733 941 788 Congregatio
957 732 1122 774 attentis
1139 731 1397 775 circumstan-

360 797 428 838 tiis
445 822 460 849 ,
487 793 744 837 Oratricibus
771 791 939 845 gratiam
964 791 1151 844 petitam,
1165 789 1396 834 conceden-

360 856 455 897 dam
482 850 559 895 effe
587 850 739 895 censuit
765 879 780 902 ,
820 847 1121 905 quibuscunque
1138 848 1326 892 Decretis
1355 848 1394 889 in

360 913 611 957 contrarium
650 924 728 955 non
751 907 996 952 obstantibus
1016 937 1032 961 ,
1063 908 1144 951 Die
1178 922 1256 951 xr.
1285 909 1398 949 Mar-

362 973 408 1020 tii
430 983 656 1015 moccxix.

573 1088 627 1139 F.
644 1085 769 1136 Card.
788 1084 1006 1134 Paulutius
1039 1084 1170 1152 Praefi

476 1219 530 1264 N.
548 1220 610 1261 M.
627 1213 800 1270 Tedefihi
817 1213 1018 1271 Epistopus
1036 1214 1209 1267 Liparit.
1224 1215 1265 1254 S.
1281 1215 1329 1256 R.
1348 1217 1391 1256 C.

589 1276 828 1317 secretarius
843 1301 855 1314 .

412 1398 474 1441 Ex
488 1396 581 1450 Reg.
599 1393 936 1446 Secret.Congreg.
952 1389 1154 1447 men-fia&
1167 1392 1263 1434 anni
1265 1391 1394 1447 praed.

593 1527 1391 1567 -..........-.-„-—..-....-..

355 1634 412 1684 In
427 1628 698 1688 causa,inter
717 1631 895 1678 Domos
911 1626 1169 1679 Parmenses
1183 1665 1198 1687 ,
1217 1627 1263 1681 δι
1283 1632 1390 1679 Mu-

420 1699 615 1752 tinenses
634 1696 840 1750 versante
861 1733 875 1755 ,
913 1698 1097 1747 confilia
1115 1736 1130 1758 ,
1158 1699 1322 1767 quibus
1338 1699 1388 1751 ὅ(

421 1774 556 1822 malis
573 1782 892 1819 occurreretur
906 1804 921 1828 ‚
936 1767 983 1819 ὅ(
1002 1770 1110 1817 alias
1129 1772 1295 1837 optatis
1311 1769 1388 1819 ob·

420 1842 754 1898 fecundaretur,
770 1836 974 1907 suscepta
990 1838 1091 1896 effe,
1111 1844 1263 1890 Seren.
1282 1841 1388 1890 Rai-

422 1913 559 1966 naldo
573 1912 694 1962 Duci
706 1910 900 1960 Mutinae
927 1907 1151 1981 fignificat
1165 1947 1178 1960 .

348 2044 384 2089 A
406 2051 552 2097 tergo:
590 2037 744 2083 DilebJo
775 2038 880 2082 Filio
908 2035 1045 2079 Nobili
1079 2038 1166 2081 Viro
1190 2041 1384 2084 Rainaldo

624 2096 772 2155 Esterfi
791 2094 899 2138 Daci
925 2099 1120 2141 Mutinae.

346 2217 879 2274 BENEDICTUS
931 2217 1135 2267 PAPA
1186 2220 1379 2272 XIII.

414 2347 571 2394 DilebJe
597 2346 679 2389 Fili
709 2344 861 2387 Nobilis
898 2346 963 2387 Vir
982 2372 996 2395 ‚
1014 2343 1190 2401 filati-m
1211 2372 1226 2392 ,
1252 2347 1305 2398 &⁴

552 2405 808 2463 Apostolicam
834 2402 1134 2447 Benede‘ffionem
1148 2434 1160 2446 .

464 2526 503 2568 U
518 2526 561 2567 M
593 2523 818 2567 occasiones
832 2519 946 2564 ultro
969 2549 983 2572 ,
1013 2534 1058 2562 ac
1080 2521 1255 2564 libenter
1281 2523 1381 2564 arri-

474 2583 630 2639 piamus
642 2585 827 2625 Paternae
839 2581 980 2623 nostrae
993 2579 1096 2621 bene
1106 2581 1297 2625 volentiae
1309 2583 1380 2623 Ti-

339 2643 381 2686 bi
398 2641 565 2697 amplius
580 2638 829 2684 declarandae
845 2665 859 2689 ,
886 2638 1075 2682 claritate
1093 2641 1247 2681 Domus
1269 2651 1344 2681 tuae
1359 2670 1375 2692 ,

339 2701 665 2756 meritorumque
679 2709 840 2740 tuorum
856 2695 1128 2751 amplitudine
1141 2726 1154 2748 ,
1165 2698 1372 2753 singularis

340 2759 455 2803 studii
481 2759 608 2806 nostri
632 2756 763 2801 officia
787 2755 1042 2811 postulante,
1068 2756 1159 2799 satis
1179 2757 1372 2813 intelligit

338 2818 544 2862 Nobilitas
561 2830 646 2870 tua,
657 2816 777 2872 quam
790 2825 974 2857 amanter
986 2843 998 2865 ,
1013 2814 1244 2871 cupideque
1259 2829 1373 2858 com-

335 2876 446 2934 plexi
475 2876 589 2919 fimus
618 2886 712 2919 vota
739 2902 753 2924 ,
785 2874 1003 2929 precesque
1030 2874 1165 2924 Tuas,
1198 2889 1292 2929 quas
1321 2875 1372 2917 ad

338 2939 424 2979 Nos
441 2934 622 2980 detulisti
645 2950 718 2991 per
734 2931 928 2974 dilectum
946 2931 1094 2974 Filium
1112 2933 1369 2977 Dominicum

335 2996 509 3039 Mariam
530 2995 785 3050 Jacobatium
813 2990 1191 3037 Administratoresn
1223 3003 1336 3034 tuum
1354 3022 1368 3044 ,

337 3052 452 3109 cujus
485 3053 682 3104 solertia,
710 3050 955 3105 integritas,
986 3050 1025 3090 δι
1051 3047 1150 3091 fides
1183 3052 1367 3106 apprime

334 3113 465 3155 Nobis
496 3109 698 3167 perspecta
716 3138 731 3161 ,
760 3109 1033 3165 &approbata
1049 3107 1127 3151 est.
1162 3111 1367 3165 Quoniam

333 3182 474 3215 autem
489 3170 602 3217 causa
620 3169 699 3226 ipsa
714 3166 820 3213 haud
846 3166 1002 3223 segnius
1022 3171 1108 3208 Nos
1130 3169 1337 3212 excitabat
1350 3198 1365 3222 2

331 3291 371 3330 δε
397 3289 544 3343 optatis
576 3290 658 3333 tuis
687 3284 966 3331 obsecundare
990 3284 1220 3327 niteremur
1237 3312 1250 3333 ³
1283 3301 1364 3330 ea,

333 3347 494 3390 consilia
519 3346 760 3403 suscepimus
777 3372 791 3395 ‚
824 3357 907 3399 quae
936 3342 1151 3387 Nobilitati
1176 3346 1272 3387 Tuae
1300 3344 1365 3388 fu-

332 3404 409 3446 fias
424 3403 906 3462 explicabitVenerabilis
923 3403 1222 3446 FraterNoster
1237 3405 1364 3446 Fran-

332 3462 457 3506 ciscus
489 3468 706 3521 Episcopus
725 3461 984 3507 Praenessinus
1015 3465 1056 3505 S.
1075 3463 1130 3504 R.
1149 3463 1198 3507 E.
1215 3463 1367 3506 Cardi-

329 3521 429 3563 nalis
446 3525 690 3568 Barberinus
708 3549 722 3571 a
755 3523 822 3578 qui
840 3521 958 3570 Tibi,
974 3523 1013 3564 δι
1028 3520 1190 3567 virtutis
1205 3548 1218 3570 ,
1237 3522 1276 3561 δε
1293 3535 1366 3576 ge-

334 3581 441 3623 neris
467 3582 754 3626 necessitudine
774 3578 1009 3636 conjunctus
1026 3606 1039 3628 ,
1069 3581 1109 3620 &
1132 3580 1365 3634 Capucino-

333 3653 423 3682 rum
451 3642 561 3683 fimul
591 3642 760 3686 Familiae
801 3640 1011 3681 Ρωῑεὲἲοι·
1044 3638 1203 3692 paribus
1233 3639 1362 3683 Nobis

332 3711 424 3741 cum
451 3700 585 3742 studiis
609 3711 720 3743 curat
745 3728 758 3751 ‚
789 3700 828 3742 8c
854 3695 995 3753 satagit
1031 3707 1115 3740 tam
1149 3697 1252 3739 votis
1283 3699 1361 3739 tuis

330 3754 591 3809 satisfacere,
623 3761 743 3815 quam
774 3756 969 3813 Religioli
1001 3756 1165 3798 Ordinis
1185 3754 1363 3810 discipli·

329 3832 452 3871 nam,
481 3818 825 3876 concordiamque
856 3815 987 3862 tueri.
1021 3814 1190 3861 Minime
1213 3825 1354 3860 autem

1117 203 1656 291 Provincia

1467 318 1698 360 dubitamus
1714 346 1727 367 ,
1759 321 1856 376 quin
1887 320 1981 364 Tibi
2013 322 2227 377 gratissima
2260 323 2395 368 futura
2431 326 2506 370 sint

1463 378 1608 420 nostrae
1632 376 1904 422 solicitudinis
1934 379 2064 422 officia
2083 410 2096 432 ,
2134 382 2277 437 quibus
2307 384 2504 428 constitu-

1466 451 1554 479 rum
1572 435 1788 480 Nobilitati
1809 441 1901 481 Tuae
1917 439 2156 482 confidimus
2170 468 2183 489 ,
2212 442 2354 495 quanti
2380 442 2503 486 flacia-

1463 509 1550 539 mus
1565 496 1808 552 dignitatem
1823 525 1836 548 ,
1853 511 1899 539 ac
1917 497 2154 554 sapientiam
2170 511 2287 542 tuam
2303 527 2317 547 a
2330 501 2370 541 &
2384 503 2502 557 quam

1460 555 1692 610 praeclaram
1709 583 1723 607 ,
1755 554 1982 612 veterisque
2014 558 2201 601 amicitiae
2234 573 2297 600 me
2307 573 2500 602 morem„

1458 626 1557 670 erga
1593 616 1654 656 Te
1680 613 1937 656 voluntatem
1965 628 2178 671 geramus,
2212 618 2325 674 cujus
2357 619 2499 662 testem

1458 672 1730 727 Apostolicam
1779 672 2108 717 Benedictionem
2151 676 2244 718 Tibi
2272 706 2286 728 ,
2312 688 2316 690 ’
2334 678 2498 723 ΒιΙεέὶβ

1458 731 1535 777 Fili
1552 761 1565 782 ,
1582 730 1748 774 Nobilis
1765 733 1839 774 Vir
1854 745 1903 773 ex
1921 732 2055 774 animo
2081 733 2337 790 impertimur
2357 765 2368 776 .

1519 793 1668 832 Datum
1684 791 1825 835 Romae
1837 789 1940 844 apud
1956 794 2144 836 Sanc‘tum
2159 796 2328 838 Petrum
2340 794 2498 837 subAn-

1462 849 1558 891 nulo
1572 848 1786 891 Piscatoris
1799 878 1811 899 ,
1829 850 1908 890 Die
1925 861 1970 889 vr
1987 863 2020 890 1.
2040 852 2490 896 Februariimnccxxv.

1459 906 1727 954 Pontificatus
1756 909 1876 950 nostri
1898 909 2021 950 Anno
2048 910 2208 964 primo.

1765 1025 2107 1084 Archiepiscopus
2123 1025 2344 1072 Emiffenus
2366 1058 2379 1070 .

1512 1145 1575 1188 Ex
1594 1143 1766 1186 Archiae
1778 1147 1921 1186 secret.
1950 1148 2069 1188 Brea.
2096 1146 2147 1187 ad
2163 1145 2371 1203 Principes
2392 1150 2490 1204 Roga

1570 1202 1702 1260 Mans:
1713 1230 1728 1255 ,
1741 1202 1795 1254 ὼ
1806 1203 2047 1260 Annipraed.
2059 1201 2148 1262 fol.
2159 1218 2184 1254 4
2190 1219 2208 1260 3
2218 1219 2261 1257 4.

1454 1343 1826 1358 ——n—
1829 1344 1944 1355 —-
2258 1345 2493 1359 ——

1455 1440 1624 1492 Petitas
1655 1440 1711 1490 de
1748 1444 1801 1489 Β.
1819 1442 2066 1509 Seraphino
2087 1440 2291 1490 &Monte
2308 1445 2381 1491 Gr
2392 1461 2493 1492 ana-

1521 1511 1592 1561 rio
1629 1515 1677 1561 S.
1698 1513 1926 1578 Reliquias
1961 1511 2257 1562 Sereniffimae
2280 1513 2483 1562 Duciffae

1520 1585 1693 1632 Parmae
1725 1618 1740 1638 ,
1779 1580 1827 1632 ὅ(
1857 1584 2095 1633 Placentiae
2124 1582 2372 1632 Dorotheae
2404 1587 2486 1633 So·

1519 1653 1633 1721 phiae
1664 1652 1909 1703 mittendas
1942 1652 2024 1702 effe
2055 1650 2305 1724 fignificat.

1450 1780 1623 1826 Dileffae
1636 1783 1678 1822 in
1698 1780 1849 1838 Chrsso
1875 1779 1993 1825 Filiae
2009 1781 2145 1825 Nobili
2159 1783 2331 1825 Mulieri
2351 1785 2481 1826 Doro-

1563 1849 1634 1881 tcae
1656 1839 1806 1894 Sophia
1822 1867 1836 1886 2
1854 1842 2003 1881 Parma.-
2026 1869 2039 1890 ,
2068 1841 2121 1891 ὢν
2153 1840 2357 1883 Placentia

1784 1898 1957 1956 Ducg'ffae
1994 1899 2121 1947 Vidua·
2138 1929 2150 1940 .

1448 2018 1976 2073 BENEDICTUS
2037 2020 2241 2070 PAPA
2299 2021 2482 2069 XIII.

1508 2144 1671 2188 Dilelffa
1693 2146 1737 2184 in
1766 2143 1916 2199 Christo
1932 2146 2042 2190 Filia
2055 2175 2069 2197 ,
2087 2148 2240 2190 Nobilis
2267 2149 2422 2189 Mulier

1570 2204 1768 2262 filatem,
1784 2203 1837 2252 ὠν
1851 2205 1983 2261 Apost-
1999 2206 2305 2249 Benedimoncm
2317 2234 2329 2246 .

1547 2322 1690 2365 Ximiae
1715 2320 1862 2377 pietati
1878 2331 1951 2364 tuae
1967 2351 1982 2375 ,
2011 2336 2088 2380 qua
2108 2323 2171 2365 Te
2187 2321 2382 2366 charitati
2399 2325 2481 2364 No.

1563 2383 1649 2424 strae
1673 2380 1880 2436 insigniter
1897 2382 2071 2437 probare
2088 2382 2250 2438 pergis,
2276 2381 2364 2438 pari
2380 2395 2474 2422 cum

1441 2442 1598 2496 paterni
1620 2441 1740 2483 animi
1758 2439 1967 2483 alacritate
1989 2440 2317 2484 obsecundantes
2338 2467 2353 2491 ‚
2381 2453 2478 2496 quas

1443 2499 1647 2543 Nobilitas
1674 2508 1744 2541 tua
1765 2498 2036 2553 exquisierat,
2060 2498 2273 2555 Reliquias
2297 2502 2341 2541 B.
2356 2500 2480 2541 Sera·

1441 2559 1551 2615 ph'ini
1578 2572 1628 2601 ex
1644 2557 1803 2599 Ordine
1819 2558 2123 2612 Capucinorum
2137 2585 2150 2608 ,
2185 2557 2344 2600 Dilecto
2367 2557 2475 2599 Filio

1439 2618 1594 2660 Comiti
1620 2617 1640 2658 a
1657 2618 1776 2658 Porta
1802 2617 2024 2660 tradendas
2039 2615 2312 2658 mandavimus
2328 2644 2341 2666 ,
2371 2625 2414 2658 ut
2434 2616 2487 2658 ir»

1434 2675 1568 2718 nostrae
1592 2689 1691 2731 erga
1707 2677 1770 2718 Te
1787 2673 1981 2717 studiossae
2008 2675 2227 2718 voluntatis
2254 2688 2474 2729 argumen-

1436 2746 1522 2776 tum
1538 2733 1870 2777 adNobilitatem
1886 2744 1996 2776 tuam
2012 2734 2119 2776 mitti
2133 2736 2379 2776 curaret.Ex
2393 2747 2475 2788 quo

1435 2792 1662 2850 persuasum
1695 2793 1789 2834 Tibi
1816 2790 1906 2835 fore
1936 2791 2204 2839 confidimus,
2238 2792 2470 2848 gratiffimas

1436 2854 1564 2896 Nobis
1580 2849 1659 2895 esse
1674 2851 1904 2895 occasiones
1921 2880 1934 2902 ,
1959 2867 2034 2908 per
2048 2865 2145 2907 quas
2162 2850 2381 2894 Pontificiae
2397 2850 2473 2893 be-

1434 2911 1678 2955 nevolentiae
1693 2911 1889 2967 praecipua
1906 2910 2255 2953 ssudiaNobilitati
2273 2921 2347 2952 tuae
2364 2923 2473 2952 com.

1431 2971 1679 3026 probemus.
1713 2973 1874 3012 Novam
1902 2972 2060 3012 interea
2089 2968 2347 3025 gratificandi
2376 2969 2470 3012 Tibi

1429 3029 1783 3085 opportunitatem
1802 3029 1948 3083 cupide
1976 3029 2244 3084 praestolantes
2261 3056 2276 3078 ‚
2306 3027 2471 3070 Nobili-

1430 3089 1503 3131 tati
1545 3090 1641 3130 Tuae
1661 3114 1675 3134 a
1725 3086 1998 3142 Apostolicam
2045 3085 2372 3130 Benedictionem
2416 3100 2468 3129 ex

1426 3148 1574 3191 intimo
1598 3146 1727 3189 corde
1750 3145 2036 3203 depromptam
2064 3146 2343 3201 impartimur.
2383 3146 2469 3187 Da-

332 3240 378 3273 nt
394 3244 465 3286 per
479 3241 711 3287 opportuna
728 3226 909 3269 remedia
925 3227 986 3277 ‚&
1000 3225 1112 3269 mah-s
1128 3236 1363 3283 occurrere,
1377 3228 1397 3256 ,ρ
1427 3218 1515 3250 tum
1529 3209 1670 3249 Romae
1689 3205 1794 3261 apud
1827 3209 1867 3249 S.
1883 3208 2050 3248 Petrum
2067 3202 2137 3246 sub
2152 3203 2318 3246 Annulo
2330 3201 2469 3245 Pisca-

1426 3267 1551 3316 toris,
1584 3267 1662 3307 Die
1682 3279 1739 3307 ιν.
1761 3265 2000 3308 Decembris
2016 3275 2323 3306 moccxxvrtt.
2354 3263 2460 3304 Pon.

1428 3325 1603 3373 tificatus
1633 3324 1767 3368 Nostri
1790 3325 1914 3366 Anno
1941 3323 2084 3382 quinto
2103 3350 2116 3363 .

1889 3497 2083 3554 Archiep.
2100 3493 2321 3539 Emiffenus
2335 3525 2348 3538 .

1485 3686 1630 3734 Autog.
1662 3681 1704 3721 in
1735 3681 1879 3721 Sccrct.
1908 3681 2022 3721 Brea.
2050 3674 2100 3717 ad
2120 3674 2325 3730 Principes
2365 3675 2459 3730 Reg.

1538 3737 1660 3795 mens-⁸
1671 3764 1685 3786 2
1712 3738 1765 3789 &⁴
1781 3733 1876 3779 anni
1893 3738 2025 3794 praed.
2045 3732 2127 3792 fol.
2145 3734 2201 3785 56
2202 3750 2245 3789 3.

2158 3870 2164 3884 .
2196 3872 2243 3899 »w
2261 3851 2392 3903 “bo-
