2762 4030
365 284 628 442 Antigiuffn
656 373 872 423 Domum
906 369 1144 425 Tiburtin.
1164 369 1334 429 vendi,
1364 369 1414 424 ἃ

427 465 481 495 ex
507 446 657 513 pretio
675 443 780 495 inde
794 443 982 494 redacto
1001 459 1133 492 novae
1149 439 1334 495 Domiis
1348 439 1411 495 fa-

428 517 607 567 bricam
647 513 811 585 perfici
829 514 1044 583 indulget
1060 550 1072 564 .

355 651 392 692 A
421 656 543 703 tergo
559 675 571 687 .
636 643 794 688 Dilecto
811 643 903 702 filio
921 643 1167 687 Provinciali
1194 646 1410 689 Provincia,-

418 710 612 753 Romanae
627 704 789 748 Ordinis
807 707 1007 749 Fratrum
1024 705 1348 761 capuccinorum.

345 825 984 881 PAULUS
1089 826 1246 875 PP.
1347 828 1406 875 V.

467 953 625 1000 Dilcb't‘o
653 955 738 998 Fili
753 954 935 1012 salutem
964 954 1019 1006 όν
1049 948 1310 1012 Apostolicam

719 1012 1048 1057 benedjffionem·.

477 1150 557 1191 Um
575 1175 589 1198 ‚
615 1147 713 1190 sicut
729 1147 966 1203 accepimus
983 1176 997 1199 ‚
1029 1150 1185 1191 Domus
1223 1149 1414 1190 Fratrum

491 1207 829 1263 Capuccinorum
850 1222 980 1263 prope
1006 1209 1234 1251 Civitatem
1261 1205 1411 1248 Tibur-

360 1266 491 1306 tinam
509 1266 764 1310 vetustiffima
779 1295 793 1318 ‚
819 1269 858 1308 &
887 1267 1059 1309 multum
1089 1268 1241 1310 distans
1258 1264 1280 1308 ἂ
1295 1262 1411 1309 Civi-

353 1334 442 1366 tate
458 1353 471 1374 2
489 1338 536 1366 ac
551 1325 673 1368 valde
694 1325 949 1369 incommoda
964 1327 1128 1378 existat,
1147 1327 1217 1378 ita,
1234 1334 1278 1367 ut
1292 1323 1343 1366 ad
1360 1322 1408 1365 il·

352 1382 436 1425 lam
451 1385 625 1426 maxima
642 1399 736 1425 cum
755 1383 1177 1428 difficultateetMedici
1193 1382 1353 1439 Phyfici
1367 1383 1408 1424 δι

352 1442 550 1497 Chirurgi
566 1442 616 1484 ad
633 1445 833 1485 curandas
851 1444 1042 1497 Fratrum
1061 1443 1317 1487 infirmitates
1334 1442 1408 1484 ad-

351 1499 618 1553 ducantur‚&
634 1504 687 1544 ob
705 1503 928 1558 angustiam
945 1501 1039 1546 fitfis
1057 1502 1170 1547 nullo
1183 1501 1310 1545 modo
1325 1515 1406 1543 am-

350 1559 472 1616 pliari
496 1560 643 1616 -poffit:
674 1563 712 1603 &
730 1573 953 1618 propterea
971 1563 1230 1606 Guardianus
1252 1564 1289 1603 δε
1309 1563 1405 1604 Fra-

349 1629 436 1662 tres
453 1619 567 1663 dictae
587 1620 740 1662 Domus
757 1622 875 1664 aliam
892 1625 1073 1665 Domum
1089 1652 1103 1674 ,
1126 1624 1167 1665 &
1182 1620 1404 1664 Ecclefiam

349 1678 391 1721 in
410 1678 505 1722 loco
531 1680 807 1722 commodiori
832 1691 1030 1724 extruere
1059 1683 1188 1724 coacti
1217 1679 1402 1732 fuerint3

351 1751 531 1793 cumque
559 1738 676 1794 ipsius
704 1753 816 1782 novae
837 1743 1045 1784 Domus&
1065 1740 1250 1784 Ecclefiae
1278 1738 1403 1782 fabri-

349 1809 442 1839 cam
457 1797 510 1839 ob
525 1798 794 1853 pecuniarum
821 1798 1027 1842 defectum
1046 1799 1248 1857 perficere
1265 1812 1408 1854 nonpo

347 1855 442 1899 ffint
460 1884 474 1906 ,
502 1860 589 1899 Nos
602 1857 767 1899 illorum
783 1860 1070 1902 commoditati
1096 1860 1230 1917 aliqua
1245 1859 1406 1901 ratione

349 1914 568 1958 consulere
586 1918 802 1972 cupientes
819 1947 832 1969 ,
857 1933 903 1960 ac
922 1919 1049 1975 ipsum
1063 1918 1313 1963 Cardianum
1330 1946 1344 1968 ,
1366 1917 1407 1958 &

350 1976 519 2018 Fratres
548 1973 794 2030 specialibus
820 1978 898 2019 &c-
940 1979 1131 2021 volentes
1169 1980 1209 2020 δε
1258 1990 1404 2021 eorum

348 2033 579 2089 quemlibet
609 2033 631 2076 ἃ
658 2035 863 2090 quibusvis
878 2038 956 2077 &c.
988 2037 1202 2081 censentes
1221 2066 1235 2089 ,
1262 2050 1406 2079 eorum

346 2093 711 2148 supplicationibus
754 2096 886 2138 Nobis
924 2094 1043 2152 super
1073 2099 1150 2140 hoc
1191 2095 1406 2139 humiliter

344 2152 545 2209 porrectis
564 2151 928 2205 inclinati‚Tibi,ut
943 2153 1055 2211 juxta
1073 2154 1276 2198 indultum
1292 2153 1312 2196 a
1329 2152 1396 2198 fel.

346 2226 433 2254 rec.
450 2209 693 2253 Alexandro
710 2213 790 2255 PP.
808 2215 883 2255 IV.
911 2211 1206 2258 Praedeceffore
1232 2214 1368 2256 nostro
1382 2243 1396 2266 ,

349 2269 562 2314 Fratribus
586 2269 756 2313 Ordinis
774 2271 984 2316 Minorum
1013 2274 1272 2317 S-Francisci
1296 2287 1398 2317 con·-

347 2329 506 2372 cessum
522 2359 538 2381 ,
567 2331 748 2373 Domum
764 2330 972 2388 antiquam
988 2333 1151 2375 &illius
1170 2331 1286 2376 fitum
1303 2347 1397 2375 cum

347 2390 537 2431 omnibus
549 2388 638 2430 aliis
654 2389 913 2443 adieumdem
930 2392 1065 2434 locum
1081 2392 1402 2450 pertinentibus,

349 2457 527 2502 excepta
554 2445 739 2489 Ecclesia
766 2478 781 2499 ‚
826 2462 876 2490 ex
904 2451 1049 2503 quibus
1068 2479 1084 2501 ,
1114 2451 1211 2493 ficut
1243 2451 1402 2507 pariter

348 2508 582 2562 accepimus
602 2534 615 2556 ‚
652 2505 834 2562 pretium
872 2517 1160 2551 trecentorum
1201 2510 1400 2565 quinqua-

345 2566 459 2622 ginta
489 2564 695 2607 scutorum
734 2566 945 2621 reperitur
970 2597 985 2618 ,
1034 2581 1108 2623 per
1146 2569 1401 2624 personam-2

344 2625 413 2667 seu
434 2622 624 2680 personas
650 2624 865 2668 saeculares
890 2625 940 2667 ad
962 2628 1040 2669 hoc
1056 2626 1079 2669 a
1107 2629 1168 2669 Te
1196 2628 1398 2682 deputan-

341 2684 415 2726 das
430 2683 552 2726 vendi
578 2713 592 2735 ,
618 2684 848 2739 &pretium
870 2684 1103 2740 hujusmodi
1134 2686 1172 2727 in
1204 2686 1396 2729 fabricam

343 2757 460 2785 novae
502 2745 658 2784 Domus
685 2744 724 2784 &
753 2742 948 2786 Ecclefiae
985 2744 1178 2801 praedie'tae
1215 2758 1392 2789 conver-

344 2803 376 2845 ti
399 2802 538 2845 facere
566 2800 700 2844 libere
730 2830 743 2853 ,
769 2803 809 2843 &
840 2802 954 2845 licite
985 2805 1149 2855 valeas,
1174 2805 1394 2847 auetorita-

345 2872 391 2904 te
421 2860 656 2917 Apostolica
684 2889 698 2911 ,
747 2871 892 2904 tenore
924 2862 1180 2918 praesentium
1204 2895 1219 2916 ,
1259 2864 1392 2907 licen-

344 2921 444 2963 tiam
473 2919 741 2963 concedimus
767 2921 1114 2978 &indulgemus‚
1140 2924 1180 2964 δι
1206 2922 1256 2966 ad
1283 2924 1390 2965 hunc

341 2979 530 3023 effectum
547 2979 895 3039 tantum,1ndultu
905 2995 941 3022 m
959 2982 1189 3039 praedictum
1209 2982 1391 3026 Alexan·

340 3039 407 3082 dri
422 3041 498 3081 IV.
513 3039 562 3082 ad
582 3039 664 3081 Vos
692 3040 956 3082 extendimus
973 3071 983 3083 .
1012 3045 1108 3085 Non
1133 3042 1390 3085 obstantibus

341 3097 548 3156 quibusvis
561 3099 964 3152 constitutionibus,
994 3101 1385 3144 &Ordinationibus

341 3157 587 3214 Apostolicis
604 3187 616 3209 ,
642 3173 690 3201 ac
706 3158 1004 3214 vestrijordinis
1016 3190 1030 3212 ,
1045 3162 1172 3203 etiam
1187 3161 1395 3219 juramen·

345 3227 394 3259 to
407 3219 485 3260 διε.
504 3217 665 3260 statutis
682 3247 696 3270 ‚
724 3219 764 3259 ἃ,
790 3218 1154 3266 consuetudinibus
1169 3249 1183 3271 ι,
1214 3219 1390 3265 caeteris-

345 3291 426 3335 que
442 3277 659 3319 contrariis
682 3276 1004 3334 quibuscumque
1021 3309 1031 3319 .
1068 3283 1219 3322 Datum
1248 3283 1387 3322 Romae

343 3337 450 3392 apud
467 3341 509 3380 S.
529 3339 716 3380 Marcum
743 3337 813 3379 sub
830 3339 983 3382 annulo
1014 3338 1232 3381 piscatoris
1248 3339 1315 3381 die
1332 3353 1388 3381 ix.

344 3396 605 3451 Septembris
639 3412 787 3442 Mncv.
813 3396 1080 3441 pontificatus
1123 3399 1245 3442 nostri
1282 3413 1390 3442 anno

350 3468 481 3509 primo
497 3485 508 3496 .

750 3578 813 3619 M.
836 3575 998 3633 vestrim
1011 3576 1237 3620 Barbianus
1251 3607 1261 3618 .

402 3690 549 3741 Autog.
575 3694 617 3731 in
653 3696 799 3736 δειναί.
823 3701 940 3738 Brev.
970 3695 1104 3753 Apoll.
1126 3705 1230 3738 tomo
1260 3697 1380 3756 meust

457 3750 563 3801 Sept.
586 3749 704 3799 1605.
709 3752 899 3812 fol.443.

1191 250 1733 341 Provincia

1477 373 1674 420 Novam
1717 372 1931 419 Domum
1974 368 2022 418 in
2052 367 2205 418 Terra
2244 367 2382 418 Setiae
2406 386 2517 423 con-

1543 439 1653 492 strui
1685 474 1702 498 ,
1731 437 1780 490 &
1804 442 1980 508 perium
2000 454 2130 490 terrae
2167 437 2225 488 ad
2264 440 2526 496 Ecclefiam

1543 513 1817 565 Saecularem
1833 515 1883 562 S.
1906 512 2102 562 Antonii
2127 509 2242 560 inibi
2262 508 2524 579 spestantis,

1539 583 1598 633 ,ad
1626 583 1675 634 id
1693 583 1919 642 concedi,
1952 580 2182 655 Episcopo
2202 583 2526 642 Terracinenfi

1542 655 1800 705 committit
1820 689 1832 706 2

1568 786 1608 827 A
1626 793 1765 840 tergo.

1840 785 2058 829 Venerabili
2076 790 2222 831 Fratri
2239 790 2422 848 Epist-opo

1870 849 2124 888 Terracinen.

1473 965 2519 1021 PAULUSPP.V.

1508 1082 1748 1128 Venerabilis
1765 1066 2096 1142 Fratrrsblutem
2116 1113 2131 1135 ,
2155 1083 2205 1133 θ’
2222 1085 2485 1143 Apostolicam

1824 1143 2136 1188 BenediHionem
2156 1173 2169 1186 .

1582 1267 1620 1308 X
1649 1265 1830 1324 injuncto
1846 1266 1978 1310 Nobis
2003 1262 2230 1334 Apostolici
2247 1267 2428 1308 muneris
2442 1265 2522 1311 de-

1600 1325 1689 1367 bito
1705 1323 1753 1367 ad
1769 1339 1817 1368 ea
1844 1325 2024 1368 libenter
2041 1323 2293 1368 intendimus
2306 1352 2319 1376 ,
2341 1338 2416 1380 per
2429 1340 2517 1383 quae

1470 1383 1779 1440 Religiosorum
1798 1384 2005 1427 Altiffimo
2033 1385 2105 1428 sub
2138 1383 2247 1426 suavi
2281 1384 2517 1441 Religionis

1468 1442 1566 1499 jugo
1614 1442 1899 1486 famulantium
1950 1442 2236 1500 propagationi
2274 1446 2516 1499 opportune

1468 1501 1702 1545 consulitur
1716 1532 1727 1543 .
1762 1503 1920 1558 Exponi
1936 1503 2131 1560 siquidem
2147 1499 2277 1546 Nobis
2293 1516 2428 1559 nuper
2452 1503 2515 1548 fe-

1467 1572 1613 1605 cerunt
1651 1561 1791 1604 dilecti
1824 1561 1896 1604 filii
1924 1561 2193 1606 Provincialis
2226 1562 2267 1602 &
2296 1561 2518 1605 Deffinito-

1466 1636 1528 1664 res
1546 1623 1733 1663 Fratrum
1750 1620 1917 1663 Ordinis
1934 1622 2268 1677 Capuccinorum
2291 1622 2518 1677 Provincie‘

1461 1683 1693 1731 Romanae,
1720 1680 1829 1736 quod
1849 1693 1993 1722 eorum
2011 1679 2308 1724 monasterium
2325 1679 2422 1722 dicti
2438 1683 2518 1723 Or-

1467 1739 1574 1783 dinis
1602 1741 1743 1782 Terrae
1763 1739 1883 1783 Setiae
1907 1739 2026 1782 fitum
2054 1738 2112 1781 est
2142 1740 2180 1780 in
2212 1738 2393 1794 quadam
2419 1753 2518 1795 pat·-

1468 1810 1511 1842 te
1543 1799 1599 1841 ita
1631 1799 1738 1840 aeris
1779 1799 2030 1854 intemperie
2054 1796 2196 1840 affecta
2225 1825 2241 1848 ,
2287 1806 2332 1839 ut
2360 1798 2447 1839 alib
2474 1797 2514 1841 se

1467 1855 1694 1902 transferre
1723 1869 1946 1912 cogantur.
1978 1859 2031 1899 Et
2056 1858 2150 1913 quia
2176 1867 2317 1911 parum
2344 1855 2468 1912 longe
2489 1855 2513 1900 a

1468 1917 1653 1975 praedista
1683 1918 1870 1959 Civitate
1899 1916 2106 1973 reperitur
2132 1914 2300 1972 quidam
2326 1913 2421 1958 [itus
2437 1929 2514 1971 pro

1467 1977 1623 2020 fabrica
1652 1990 1766 2020 nova:
1793 1979 1976 2028 Domus,
2013 1977 2080 2018 seu
2110 1979 2360 2019 Conventus
2388 1974 2514 2018 valde

1467 2036 1707 2080 commodus
1728 2063 1742 2086 ‚
1787 2034 1857 2077 sed
1887 2034 2102 2092 angustus,
2133 2034 2305 2089 cupiunt
2334 2035 2513 2076 Provin-

1466 2094 1578 2139 cialis
1610 2097 1649 2138 &
1677 2093 1926 2138 Definitores
1960 2093 2170 2152 praedieti,
2199 2106 2321 2136 unum
2350 2093 2511 2148 petium

1460 2155 1658 2206 Terreni,
1672 2154 1722 2197 ad
1741 2152 1964 2198 Ecclesiam
1980 2153 2196 2197 S-Antonii
2210 2151 2326 2195 dietae
2343 2154 2511 2204 Terrae,

1458 2228 1581 2272 quam
1606 2214 1777 2257 dilec‘tus
1795 2212 1900 2258 filius
1910 2214 2090 2273 Jacobus
2117 2213 2362 2256 Brancarius
2382 2212 2512 2255 Pres-

1460 2277 1585 2330 byter
1611 2274 1661 2316 ad
1687 2273 1860 2329 praesens
1887 2275 2050 2316 obtinet
2067 2302 2081 2324 ‚
2110 2271 2299 2328 legitime
2325 2271 2511 2328 spectan-

1463 2334 1702 2390 quantitatis
1718 2334 2012 2390 oetavaepartis
2043 2332 2160 2376 unius
2190 2331 2330 2382 rubri,
2359 2345 2410 2374 ex
2425 2344 2510 2386 quo

1463 2393 1782 2448 dictusJacobus
1804 2393 1935 2448 Julios
1956 2395 2110 2448 septem
2142 2391 2352 2434 annuatim
2369 2390 2510 2446 perci·

1463 2453 1553 2508 pit,
1578 2451 1684 2492 &ob
1713 2451 1819 2494 illius
1850 2449 2052 2494 fruetuum
2080 2451 2330 2494 tenuitatem
2360 2449 2505 2492 eidem

1462 2509 1711 2555 Provinciali
1736 2511 1776 2550 &
1802 2510 2150 2560 Deffinitoribus,
2179 2524 2257 2564 pro
2271 2507 2508 2564 hujusmodi

1461 2580 1569 2610 novo
1592 2571 1815 2610 Conventu
1834 2569 2034 2624 erigendo
2063 2569 2248 2616 libenter
2269 2566 2505 2610 concedere

1458 2626 1495 2670 se
1521 2625 1640 2669 offert
1657 2655 1670 2678 ‚
1697 2626 1853 2669 habere
1869 2655 1883 2678 ‚
1907 2641 2000 2669 cum
2022 2626 2104 2683 jam
2119 2625 2216 2667 dieu·
2243 2634 2502 2679 exponentes

1450 2687 1689 2742 ‘repererint
1702 2713 1717 2736 ‚
1731 2687 1799 2742 qui
1813 2685 1937 2738 illud,
1950 2687 2061 2744 quod
2077 2699 2153 2743 pro
2166 2684 2262 2727 dicti
2278 2684 2380 2740 petii
2398 2685 2508 2726 Ter·

1454 2745 1543 2789 reni
1573 2747 1914 2790 remuneratione
1940 2746 2049 2789 dieto
2082 2744 2232 2789 Iacobo
2260 2740 2501 2799 persolven-

1454 2805 1553 2849 dum
1578 2806 1685 2858 erit,
1721 2804 1934 2860 persolvet
1956 2819 1971 2847 .-
2010 2806 2143 2849 Nobis
2170 2813 2394 2860 propterea
2425 2800 2503 2843 hu-

1454 2864 1608 2908 militer
1632 2863 1848 2921 supplicari
1874 2862 2068 2907 fecerunt
2097 2894 2112 2918 ‚
2143 2874 2188 2906 ut
2217 2864 2258 2905 in
2290 2859 2494 2919 praemiffis

1454 2924 1687 2980 opportune
1717 2923 1940 2979 providere
1953 2954 1970 2975 ,
1983 2924 2035 2967 de
2049 2923 2306 2979 benignitate
2325 2918 2501 2977 Aposto-

1454 2985 1531 3026 lica
1562 2981 1853 3039 dignaremur:
1881 2986 1970 3026 Nos
1995 2983 2119 3039 igitur
2147 2983 2196 3026 ad
2220 2996 2267 3025 ea
2287 3009 2301 3032 ‚
2338 2993 2423 3037 quae
2447 2976 2499 3021 ad

1456 3040 1745 3086 Divinicultfis
1772 3052 2071 3098 augmentum,
2105 3041 2316 3098 religionis
2347 3051 2498 3096 propa·

1453 3102 1660 3156 gationem
1677 3130 1692 3152 ,
1729 3103 1769 3144 &
1795 3102 2018 3144 animarum
2047 3101 2219 3145 salutem
2248 3099 2494 3157 pertinent,

1453 3160 1715 3203 intendentes
1732 3189 1745 3211 ‚
1773 3174 1820 3203 ac
1846 3160 2045 3204 dictorum
2062 3158 2325 3204 Provincialis
2341 3159 2380 3199 &
2397 3154 2496 3198 Def-

1452 3221 1656 3263 finitorum
1673 3220 1743 3276 pio
1768 3219 2214 3277 defiderio,quantum
2240 3231 2334 3261 cum
2354 3214 2500 3258 Domi—

1453 3295 1504 3322 no
1532 3278 1761 3334 postumus,
1779 3279 1957 3335 benigne
1984 3293 2170 3323 annuere
2199 3277 2384 3319 volentes
2403 3303 2418 3325 ‚
2456 3274 2496 3315 &

1451 3354 1597 3384 eorum
1624 3339 1857 3395 quemlibet
1881 3338 1902 3381 ἃ
1931 3339 2136 3395 quibusvis
2169 3334 2498 3380 excommunica-

1451 3399 1572 3441 tionis
1596 3398 1899 3442 &c.censentes
1917 3425 1930 3447 2
1959 3397 2187 3455 hujusmodi
2217 3392 2495 3451 suplicationi-

1451 3461 1523 3501 bus
1540 3459 1753 3509 inclinati,
1767 3458 2038 3505 Fraternitati
2057 3459 2153 3501 Tuae
2170 3469 2243 3511 per
2260 3451 2482 3508 praesentes

1447 3518 1740 3560 committimus
1772 3518 1812 3558 &
1838 3516 2104 3573 mandamus,
2129 3525 2173 3557 ut
2205 3511 2357 3555 eisdem
2392 3514 2494 3554 Pro-

1445 3577 1608 3619 vinciali
1635 3578 1676 3618 δι
1710 3571 2012 3619 Diffinitoribus
2054 3574 2290 3631 praedictum
2330 3571 2490 3627 petium

1445 3639 1586 3686 Terrae
1603 3635 1657 3678 de
1673 3633 1865 3678 consensu
1897 3633 2148 3690 diHiJacobi
2165 3661 2179 3684 ,
2210 3630 2310 3673 illud
2325 3631 2374 3672 ad
2394 3644 2491 3684 prae-

1440 3695 1533 3738 sens
1546 3696 1773 3747 obtinentis
1787 3723 1801 3744 ‚
1821 3692 1870 3736 ad
1889 3690 2075 3735 effectum
2090 3723 2105 3744 ‚
2122 3703 2165 3734 ut
2188 3690 2342 3733 ibidem
2371 3703 2488 3732 unam

1441 3756 1538 3798 dieti
1557 3754 1728 3797 Ordinis
1748 3755 1941 3795 Fratrum
1959 3752 2290 3807 Capuccinorum
2311 3752 2489 3798 Domum

1440 3829 1532 3856 cum
1549 3814 1625 3856 Cla
1635 3813 1743 3854 nstro
1757 3840 1770 3861 ,
1789 3809 2046 3852 Dormitorio
2063 3839 2076 3861 ,
2095 3809 2333 3852 Reseftorio
2348 3837 2360 3859 a
2373 3808 2487 3849 'aliis-

1440 3888 1520 3930 que
1539 3872 1682 3916 officiis
1698 3901 1712 3921 ,
1725 3872 1764 3911 &
1781 3867 1951 3911 officinis
1975 3868 2209 3913 necessariis
2227 3869 2388 3925 erigere
2406 3864 2491 3924 pos-

2325 3929 2399 3971 fint
2420 3955 2433 3979 ,
