2762 4030
1072 193 1601 294 'Romana

282 323 411 378 suris,
435 326 513 369 hac
539 310 629 368 vice
654 321 863 365 dumtaxat
890 314 1155 373 specialiter,
1178 323 1218 364 δε
1249 338 1326 366 ex-

279 384 413 442 presse
442 385 683 438 derogamus
706 405 722 429 ,
746 376 985 433 caterisque
1014 376 1053 420 in
1078 383 1327 425 contrarium

279 440 763 502 quibuscunque.mtum
782 438 920 479 Romae
936 436 1042 491 apud
1054 440 1241 481 Sanctum
1258 443 1330 483 Pe.

280 516 391 547 trum
420 502 491 544 sub
520 495 690 541 Annulo
716 494 933 539 Piscatoris
966 496 1047 536 Die
1071 510 1110 537 x.
1144 498 1327 542 Februa„

279 564 330 607 rii
341 569 556 607 uncxxvi.
582 553 853 599 Pontificatus
872 553 1008 599 Nostri
1025 556 1150 598 Anno
1165 559 1295 600 tertio
1306 587 1321 601 .

283 723 293 737 ι
327 681 478 732 ΑΑιιιοέ.
500 677 544 717 in
562 674 735 718 Archino
747 678 892 719 Secrct.
921 678 1042 716 Brev.
1068 675 1201 734 Apost.
1229 679 1325 731 Reg.

390 733 618 778 ann11626.
638 731 721 790 fol.
742 747 840 784 157.
861 733 907 775 dc
935 746 1010 790 quo
1026 737 1150 776 Breve
1159 738 1324 794 jorma-

391 804 478 837 tum
502 806 588 836 cum
613 794 839 837 executione
857 823 871 845 ,
901 796 946 834 t'n
963 794 1084 836 Arch.
1102 809 1197 851 gen.
1222 794 1318 838 Ord.

391 854 585 897 Armario
615 854 820 896 Provincia
837 855 1015 896 Romana
1031 882 1043 894 .

738 973 797 1014 Μ.
815 970 994 1014 Vestrius
1010 970 1230 1015 Barbianus
1247 1001 1259 1014 .

276 1112 394 1124 ———
645 1112 783 1125 -ο
793 1109 1020 1127 ι--ι--μ-

269 1206 825 1256 CHIROGRAPHO
861 1209 1311 1256 PONTIFICIO.

270 1335 855 1469 ⁸⁶¹{zffd0123211332112
867 1326 1307 1454 {ffsshssffiffssssf

280 1526 284 1530 ,
338 1474 552 1523 cletianas
569 1506 586 1529 ,
610 1472 760 1524 eidem
779 1474 954 1523 Domui
967 1471 1026 1522 de
1043 1471 1177 1528 Urbe
1196 1493 1304 1526 con-

337 1543 439 1597 cedi
460 1541 713 1595 mandatur
727 1580 739 1592 .

387 1684 541 1743 Praestel
552 1683 642 1740 Cest'
651 1687 829 1728 Camere
839 1683 982 1742 nostre
997 1686 1149 1731 ClerIce
1160 1717 1172 1728 .

262 1770 370 1924 C
382 1806 469 1850 ΟΜ
484 1805 654 1850 Fratres
676 1801 880 1858 Capucini
901 1803 1045 1848 Romae
1067 1805 1172 1864 aqua
1190 1804 1302 1848 Feli-

53 1868 90 1898 ln
99 1867 246 1900 kemla!-

399 1878 449 1907 ce
464 1892 480 1916 ‚
507 1861 587 1920 qua
600 1862 654 1907 de
669 1858 774 1904 fatto
786 1861 1000 1919 potiuntur
1012 1893 1027 1917 ,
1045 1865 1112 1920 vel
1127 1876 1302 1909 utuntur-

263 1926 304 1968 in
330 1924 504 1982 ipsorum
530 1924 758 1966 Conventu
773 1949 787 1974 ,
814 1921 1021 1968 Palatium
1046 1926 1227 1969 Datariae
1260 1926 1300 1970 in

262 1986 411 2028 Monte
425 1980 635 2041 Quirinali
665 1981 914 2037 respiciente
929 2013 944 2036 ,
972 1986 1014 2028 δε
1039 1984 1154 2043 cujus
1180 1986 1296 2029 uncia

260 2043 353 2099 ipsis
367 2041 390 2086 ἃ
410 2040 482 2086 fel.
497 2057 580 2086 rec.
592 2043 713 2086 Sixto
730 2043 782 2084 V.
799 2055 895 2085 cum
922 2042 1002 2088 alia
1022 2044 1160 2088 media
1176 2046 1295 2089 uncia

262 2101 368 2146 asel.
385 2116 468 2146 rec.
484 2100 730 2145 Innocentio
748 2102 824 2144 IX.
839 2102 983 2146 nostris
998 2104 1297 2159 praedeceffori.

260 2163 334 2205 bus
348 2161 462 2205 fimul
475 2176 569 2205 cum
584 2156 762 2217 regressu
774 2159 950 2206 fontium
967 2164 1185 2208 hortorum
1202 2167 1296 2207 Mo-

259 2222 487 2266 nachorum
503 2223 544 2265 S.
562 2219 771 2265 Benedicti
797 2220 838 2262 in
852 2222 1004 2266 eodem
1021 2226 1169 2268 Monte
1186 2225 1298 2281 Qi-

260 2281 380 2326 rinali
394 2311 410 2335 ,
423 2279 445 2324 ἓ
456 2282 613 2338 pariter
641 2278 712 2326 fel.
727 2293 814 2323 rec.
827 2281 956 2325 Paulo
970 2284 1022 2327 V.
1039 2284 1174 2329 nostro
1195 2283 1301 2333 Prat-v

1045 2443 1272 2507 ΝΟ

1390 323 1601 369 decessore
1630 336 1733 367 anno
1754 322 1876 367 1612.
1900 323 1977 368 suit
2000 330 2180 375 concessa
2199 360 2214 385 ,
2242 334 2282 377 in
2313 350 2422 382 novo

1390 398 1538 428 corum
1561 386 1785 427 conventu
1801 413 1816 436 ,
1840 397 1963 439 quem
1987 385 2029 427 in
2049 388 2184 442 platea
2211 393 2261 436 ad
2281 396 2422 451 Caput

1393 446 1623 490 Domorum
1641 453 1874 500 nuncupata
1898 441 2096 487 aedificant
2112 476 2126 498 ‚
2154 452 2213 492 uti
2246 467 2420 511 eamque

1389 502 1516 558 usquc
1542 501 1608 544 ad
1646 503 1859 545 unciarum
1901 504 2177 558 quantitatem
2221 510 2419 566 septem,

1386 575 1479 603 cum
1495 559 1662 603 dimidia
1682 560 1795 618 juxta
1825 562 2227 620 mensuramsorzata
2242 569 2387 613 dictam
2401 601 2418 624 ‚

1385 621 1440 663 ob
1472 619 1692 661 maximam
1723 621 1899 664 Fabricae
1922 651 1937 672 ,
1967 620 2103 672 horti,
2131 625 2170 664 &
2196 624 2290 667 disti
2322 632 2418 672 novi

1387 676 1631 720 Conventus
1657 679 1927 736 indigentiam
1950 681 2122 736 augeri,
2150 681 2340 739 simulque
2353 687 2418 729 in..

1386 747 1545 792 tegram
1573 737 1721 781 dietam
1746 739 2024 796 quantitatem
2044 739 2252 784 unciarum
2270 755 2310 792 7.
2327 758 2418 788 cum

1381 794 1550 837 dimidia
1576 824 1590 847 ,
1629 798 1669 838 in
1698 812 1775 840 una
1805 797 2019 841 dumtaxat
2049 797 2176 841 fistula
2206 801 2321 844 unire
2347 818 2419 846 cu-

1380 865 1517 910 piant.

1503 916 1589 955 Nos
1606 913 1723 956 dietis
1741 917 1955 959 Fratribus
1975 930 2061 960 rem
2078 930 2236 972 gratam
2260 917 2417 974 praest‘a-

1380 987 1426 1015 re
1442 972 1630 1017 volentes
1658 973 1890 1017 ordinamus
1907 1003 1920 1026 ‚
1946 987 1990 1018 ut
2021 975 2111 1031 ipfis
2129 987 2215 1019 tota
2233 978 2418 1032 praedicta

1378 1032 1582 1088 quantitas
1619 1033 1831 1077 unciarum
1860 1032 2021 1091 septem
2043 1048 2137 1075 cum
2164 1036 2333 1079 dimidia
2365 1035 2419 1078 ad

1374 1090 1601 1135 mensuram
1622 1095 1798 1136 Forzata
1821 1107 1870 1135 ex
1887 1093 2094 1137 conductu
2115 1094 2336 1149 principali
2366 1093 2419 1136 ad

1381 1151 1579 1193 Thermas
1596 1150 1883 1195 Diocletianas
1899 1151 2119 1208 assignetur
2133 1181 2147 1204 ,
2171 1151 2279 1196 facto
2303 1155 2419 1209 prius

1376 1212 1549 1254 Canone
1567 1241 1581 1264 ,
1596 1213 1637 1254 δε
1652 1210 1817 1268 quidem
1841 1212 1880 1253 in
1909 1226 1960 1254 eo
1976 1212 2072 1254 loco
2091 1242 2105 1264 ‚
2132 1212 2199 1269 qui
2219 1211 2338 1255 illam
2364 1212 2416 1256 ad

1369 1283 1523 1313 novum
1538 1273 1726 1327 Ipsorum
1744 1273 2013 1314 Conventum
2031 1271 2212 1315 ducendi
2239 1300 2255 1324 ,
2285 1270 2419 1314 subla*

1366 1329 1416 1370 tis
1430 1329 1548 1381 aliu,
1577 1345 1662 1387 quae
1687 1330 1786 1372 inibi
1803 1329 1921 1384 sunt,
1940 1330 2081 1375 fistulis
2097 1361 2112 1383 ,
2141 1331 2418 1388 opportunior

1366 1388 1579 1432 videbitur
1594 1418 1607 1431 .
1632 1389 1699 1433 Ad
1715 1403 1886 1445 quorum
1909 1389 2099 1434 effectum
2110 1389 2238 1434 solitae
2256 1390 2269 1434 l
2285 1396 2419 1434 itterae

1363 1451 1561 1493 Patentes
1589 1451 1717 1505 gratis
1733 1477 1747 1501 ‚
1771 1451 1811 1492 &
1837 1449 1917 1493 fine
1945 1450 2027 1493 ulla
2045 1449 2160 1492 dietae
2176 1449 2420 1508 aquaesolu-

1365 1510 1479 1551 tione
1496 1509 1795 1565 expediantur,
1810 1523 1905 1551 cum
1928 1510 2201 1565 quantitatem
2219 1508 2414 1567 majorem

1364 1565 1438 1611 illa
1456 1595 1470 1619 ‚
1497 1583 1616 1625 quam
1640 1568 1739 1610 alias
1767 1566 2131 1622 impraesentiarum
2161 1568 2350 1622 habent,
2374 1570 2416 1613 δι

1364 1627 1544 1683 gaudent
1564 1657 1578 1680 ‚
1593 1627 1684 1683 ipfis
1703 1627 1803 1681 pure
1818 1627 1858 1668 &
1875 1626 2010 1670 libert:
2024 1625 2225 1670 donemus
2244 1658 2257 1670 .

1422 1687 1478 1728 Et
1499 1687 1558 1732 ita
1583 1686 1820 1728 executioni
1850 1686 2098 1738 mandetur,
2128 1700 2223 1730 cum
2258 1687 2342 1731 haec
2364 1686 2413 1730 fit

1361 1759 1478 1789 mens
1495 1747 1625 1789 nostra
1643 1776 1657 1798 ,
1671 1761 1753 1788 non
1783 1745 1970 1788 obstante
1999 1745 2116 1788 Bulla
2135 1746 2243 1790 Sixti
2261 1749 2314 1789 V.
2331 1746 2407 1788 sel.

1362 1819 1449 1848 rec.
1481 1803 1787 1849 Praedecess‘oris
1815 1803 1971 1859 nostri,
1997 1803 2270 1863 omnibusque
2288 1805 2407 1858 aliis,

1361 1879 1449 1921 quae
1463 1866 1503 1907 in
1518 1868 1778 1908 contrarium
1793 1863 1947 1908 faciunt
1966 1865 2031 1907 vel
2047 1863 2271 1922 disponunt
2289 1894 2303 1917 ‚
2317 1866 2409 1922 qui-

1361 1925 1435 1967 bus
1451 1926 1643 1971 omnibus
1659 1953 1674 1976 ,
1702 1925 1870 1968 illorum
1884 1934 2050 1968 tenores
2063 1938 2140 1980 pro
2154 1924 2406 1969 sufficienter

1358 1984 1548 2040 expreffis
1564 1986 1761 2029 habentes
1776 2015 1791 2038 ,
1822 1982 1898 2030 hae
1927 1983 2018 2027 vice
2036 1985 2202 2031 tanturn
2218 2013 2232 2037 ‚
2251 1984 2407 2040 specia-

1357 2044 1456 2086 liter
1483 2046 1524 2087 &
1553 2045 1744 2101 expresse
1779 2043 2053 2100 derogamus,
2086 2046 2239 2087 Datum
2273 2044 2311 2086 in
2329 2057 2406 2085 no·

1359 2104 1440 2146 stro
1468 2104 1630 2166 Palatio
1671 2107 1712 2148 in
1741 2107 1887 2147 Monte
1914 2103 2128 2161 Quirinali
2163 2117 2270 2147 xxi.
2298 2100 2399 2145 Maii

1358 2178 1581 2208 mncxxvi.

1505 2271 1727 2326 Urbanus
1748 2276 1870 2340 Papa
1886 2269 2102 2320 Ostavus
2122 2305 2135 2320 .

1372 2444 1621 2508 TA.

608 2584 653 2620 Et
667 2583 743 2629 lege
757 2573 1004 2620 executionem
1029 2580 1184 2630 praedicti
1196 2582 1437 2633 Chirographi
1462 2583 1498 2622 in
1509 2565 1738 2635 Diplomate,
1764 2587 1863 2635 quod
1878 2585 2056 2635 sequitur.

440 2682 862 2737 HIPPOLITUS
900 2665 1150 2737 Trium
1186 2686 1237 2734 s.
1275 2685 1540 2734 ANGELI
1580 2688 1659 2734 IN
1699 2684 1891 2737 Fono
1929 2687 2223 2740 PISCIUM

311 2802 491 2841 Diaconos
505 2802 711 2840 cardinalis
733 2800 1025 2839 Aldobrandinur
1050 2802 1092 2840 S.
1105 2799 1152 2837 R.
1169 2799 1211 2837 E.
1223 2800 1449 2839 Camerarius·
1461 2825 1473 2843 ,
1499 2801 1668 2850 universis
1697 2803 1740 2844 ὼ·
1749 2800 1895 2852 singulis
1924 2802 1985 2839 bat
2010 2801 2192 2852 praesentes
2215 2802 2341 2854 nostras

424 2850 547 2888 literas
557 2851 689 2901 visuris
699 2875 712 2895 ‚
740 2848 942 2898 inspefluris
954 2874 967 2894 ,
990 2851 1196 2901 pariterque
1210 2849 1389 2886 audituris
1402 2848 1559 2885 Salutem
1569 2851 1607 2886 in
1622 2851 1772 2887 Domino
1787 2877 1795 2891 ‚
1821 2851 1865 2892 ὼ·
1877 2850 2001 2901 nostris
2013 2851 2207 2902 hujusmodi
2220 2877 2232 2895 ,

735 2900 800 2937 ima
813 2899 934 2936 verius
947 2925 960 2943 ‚
983 2897 1176 2950 Apostolica
1189 2895 1553 2945 aufioritatefirmiter
1564 2899 1699 2936 obedire
1710 2899 1896 2937 Mandatis
1909 2926 1919 2938 .

264 2981 350 3088 C
362 2999 427 3035 vm
447 2991 557 3046 nuper
580 2996 807 3047 Sanfiiffimur
821 2996 881 3034 D.
897 2994 955 3036 N.
967 2997 1132 3037 vrbanus
1144 3021 1152 3036 .
1167 2997 1306 3035 Divina
1331 2995 1565 3034 Providentia
1580 2996 1677 3046 Papa
1692 2996 1861 3042 Ottavus,
1875 2998 2014 3035 unciam
2036 3010 2143 3036 unam
2156 3011 2232 3036 cum
2243 2999 2388 3036 dimidia

374 3049 487 3096 Aquae
500 3045 622 3082 Felicis
634 3069 646 3087 .
673 3057 745 3082 una
758 3058 834 3083 cum
848 3045 967 3083 reditu
981 3045 1285 3130 Aguae-Dufiuum
1297 3056 1338 3081 ex
1343 3044 1503 3091 fhntibus
1519 3046 1714 3083 Honorum
1729 3045 1977 3083 Monachorum
1990 3047 2020 3084 S
2021 3070 2032 3081 ·
2046 3047 2222 3084 Benediffi
2233 3050 2272 3084 in
2287 3048 2388 3086 Mon.

264 3107 298 3136 te
311 3095 500 3147 Qrinali
516 3097 537 3131 ᾶ
551 3093 636 3131 RR.
652 3094 726 3133 FP.
738 3094 928 3152 Capacinit
953 3094 993 3131 de
1013 3144 1022 3152 ι

260 3147 422 3184 Datariae
440 3143 635 3194 Apostolicae
648 3144 687 3179 in
701 3143 823 3180 Monte
832 3141 1021 3191 Qrinals
1033 3143 1140 3191 perse

1045 3095 1106 3131 rbe
1125 3119 1134 3135 ‚
1141 3094 1366 3178 proserpina
1380 3095 1424 3135 ὠ·
1436 3095 1598 3131 commodo
1612 3106 1728 3153 eorum
1745 3094 2012 3179 Conventusfti
2027 3094 2044 3129 ἒ
2057 3096 2226 3153 conspeftu
2242 3096 2388 3133 ‘Palatii

1155 3154 1234 3179 .rec.
1247 3144 1388 3180 Sextum
1403 3140 1448 3179 V.
1466 3144 1702 3181 Innocentium
1719 3141 1786 3179 IX.
1802 3143 1846 3185 ὼ·
1860 3144 1938 3182 Pau
1952 3156 2010 3180 um
2025 3141 2068 3181 V·
2081 3158 2154 3194 ejus
2169 3142 2388 3195 Praedeceffo-

263 3207 318 3232 ret
330 3192 508 3243 conceffam
519 3218 528 3233 ‚
552 3204 594 3230 ex
600 3193 723 3240 gratia
730 3191 944 3241 particulari
955 3191 1146 3239 &speciali
1157 3193 1354 3228 accreverit
1370 3217 1378 3233 ,
1391 3190 1435 3232 ὠ·
1446 3192 1727 3240 augmentaverit
1737 3193 1777 3226 in
1791 3201 1901 3229 totum
1916 3193 1963 3228 ad
1974 3195 2095 3229 uncias
2102 3194 2229 3243 septem
2246 3205 2321 3229 cum
2332 3192 2388 3228 di-

262 3243 370 3281 midia
381 3246 426 3280 ad
437 3242 628 3289 mensuram
642 3250 876 3289 nuncupatam
891 3239 1035 3276 Forzata
1050 3263 1063 3283 ‚
1089 3239 1302 3289 recipiendas
1317 3251 1358 3277 ex
1370 3241 1536 3279 condutta
1541 3238 1738 3326 grincipah'
1748 3239 1843 3276 dietae
1857 3253 1951 3326 aquae
1962 3241 2008 3277 ad
2025 3240 2187 3279 Thermas
2199 3240 2386 3279 Diocletian*

262 3305 326 3329 nas
349 3293 395 3329 ad
409 3290 556 3343 effefimn
580 3289 658 3326 illas
675 3287 935 3327 conducendiad
948 3299 1074 3325 novum
1087 3289 1306 3327 Conventum
1317 3288 1482 3327 ditiorum
1502 3290 1536 3327 R

1598 3289 1758 3327 Puerum
1766 3313 1780 3333 ,
1794 3291 1855 3338 qui
1890 3302 1908 3326 e
1917 3287 2075 3338 praesenti
2098 3289 2304 3339 construitur
2317 3315 2327 3333 ,
2341 3290 2386 3332 ὼ·

258 3340 451 3389 edificatur
475 3340 519 3376 ad
534 3339 661 3388 Capita
674 3338 860 3375 Domorum
868 3346 933 3387 pro
936 3337 1088 3385 servitio
1103 3361 1116 3383 ,
1129 3339 1174 3381 ὼ·
1185 3337 1350 3374 commodo
1361 3337 1444 3375 dieta·
1457 3341 1541 3377 novi
1552 3339 1754 3378 Conventus
1766 3364 1776 3380 ‚
1786 3346 1893 3387 prout
1902 3338 2008 3376 latias
2027 3349 2067 3375 ex
2083 3338 2317 3386 Chirograepbo
2326 3338 2384 3375 de·

255 3390 363 3440 super
376 3389 551 3442 expedito,
590 3399 694 3425 manu
707 3386 853 3436 ejusdem
864 3386 1063 3436 Sanfliffimi
1075 3412 1087 3429 ,
1109 3397 1152 3426 ut
1173 3395 1317 3436 apparet
1336 3413 1348 3431 ,
1357 3387 1517 3438 fignato‚
1550 3390 1593 3432 ὲν
1616 3386 1899 3439 Reverendiffimo
1925 3388 2071 3427 Domino
2097 3386 2183 3436 Cesio
2207 3386 2383 3437 Deputato

262 3438 387 3477 direflo
414 3465 427 3485 ‚
459 3439 591 3476 tenoris
606 3438 785 3486 sequentis
800 3460 812 3480 ‚
826 3433 1010 3473 videlicet:

358 3487 505 3539 Praesul
516 3487 588 3537 Cest
598 3487 672 3530 ὰς.
687 3486 820 3534 reliqua
835 3484 886 3520 uti
899 3486 997 3531 supra
1014 3510 1024 3519 .

363 3536 443 3578 Nox
457 3538 572 3586 igitur
587 3536 737 3573 volentes
751 3537 786 3572 Α
811 3532 949 3583 ostolicit
959 3533 1096 3571 obedire
1106 3535 1283 3573 mandatis
1293 3557 1307 3579 ‚
1319 3536 1485 3587 ditiusque
1496 3537 1583 3575 RR.
1600 3536 1674 3576 PP.
1687 3534 2089 3587 Capuetnosspecialibm
2096 3533 2282 3582 favoribus
2296 3543 2383 3585 pro·

256 3588 383 3637 sequi,
407 3588 449 3624 de
461 3584 666 3627 mandato
691 3584 890 3669 Santdigimi
915 3582 963 3620 D.
981 3582 1037 3621 N.
1050 3582 1187 3633 Papae.
1207 3584 1250 3626 ὼ·
1275 3584 1479 3624 austeritate
1503 3600 1545 3623 no
1572 3588 1606 3624 ri
1632 3586 1893 3624 camerariatus
1919 3584 2016 3631 officii
2040 3585 2072 3620 ei
2088 3583 2161 3620 dem
2186 3582 2273 3621 RR.
2299 3584 2378 3624 PP.

263 3637 453 3683 Capucinit
484 3635 527 3672 de
548 3636 643 3672 vrbe
662 3645 703 3671 ex
721 3646 783 3671 con

261 3692 325 3732 per
338 3684 481 3721 eundem
498 3682 823 3732 Reverendiffimum
832 3682 879 3719 1).
891 3681 1018 3732 Cefium
1031 3682 1224 3732 affige-tando
1235 3706 1247 3727 ,

834 3633 886 3669 fia
909 3631 1107 3682 Principali
1133 3633 1228 3670 dittae
1250 3645 1271 3669 a
1295 3645 1346 3671 uae
1361 3633 1483 3673 Felicis
1507 3649 1528 3672 a

1322 3683 1522 3732 designando
1536 3684 1659 3722 dietam
1671 3696 1796 3733 aquam
1812 3683 1858 3719 nd
1869 3682 2100 3731 quantitatem
2127 3681 2297 3720 ditiorum
2307 3695 2375 3720 un-

264 3733 399 3768 ciarum
413 3732 541 3782 septem
556 3745 632 3770 cum
645 3733 791 3770 dimidia
802 3729 932 3768 aunam
942 3756 953 3772 ,
974 3731 1017 3773 &¹
1032 3741 1314 3780 augumentatatn
1324 3735 1476 3782 accipere
1488 3761 1498 3777 ,

1583 3633 1746 3673 Thermas
1761 3629 2008 3672 Diocletianus
2021 3659 2031 3675 ,
2104 3642 2147 3670 ex
2158 3632 2227 3670 loco
2236 3635 2376 3683 proprio

1522 3735 1565 3777 ὰ
1577 3735 1727 3783 recipere
1740 3758 1750 3775 ,
1773 3745 1813 3768 ac
1825 3731 1919 3768 Illam
1939 3730 1987 3768 ad
1997 3729 2122 3768 dmum
2144 3743 2271 3769 novum
2285 3733 2358 3770 Con
2367 3745 2379 3756 ·

265 3789 409 3816 ventum
422 3780 546 3818 ducere
558 3805 571 3826 ‚
596 3784 640 3825 ό·
655 3782 842 3819 conducere
856 3805 868 3824 ‚
880 3778 1007 3828 illaque
1017 3781 1191 3829 perpetuis
1204 3781 1343 3828 futuris
1361 3783 1568 3840 temporibus
1587 3785 1643 3821 uti
1654 3783 1697 3824 ά
1745 3782 1784 3819 ui
1801 3806 1811 3822 ,
1827 3780 1930 3830 juxta
1961 3790 2087 3817 ormam
2098 3806 2110 3823 ,
2136 3781 2179 3823 ὁ·
2193 3782 2374 3817 continen-

258 3830 350 3866 tiam
360 3829 557 3878 praeinserti
570 3830 805 3881 chirographi
828 3829 1026 3879 Santinffimi
1039 3827 1266 3882 &Nmpe
1279 3853 1292 3877 ,
1311 3831 1489 3870 licentiam
1502 3855 1517 3879 ,
1543 3833 1586 3877 ό·
1599 3832 1685 3882 facu
1700 3841 1806 3870 tatem
1828 3841 1927 3869 conce
1950 3831 2042 3870 imas
2069 3829 2114 3875 ά·
2137 3831 2374 3881 impertimur.

2225 3878 2329 3916 Man.
