2762 4088
890 210 1941 309 ELENCHUS.

265 341 327 389 D.
343 334 582 385 Nuntium
601 327 903 383 venetiarum
923 330 1058 389 data,
1091 332 1313 399 possessio..

265 427 343 457 nes
360 444 375 466 ,
410 423 543 456 naves
571 401 662 453 ὅτε.
690 403 713 450 ἑ
734 400 968 450 Fratribus
996 404 1214 468 privatim
1234 406 1310 454 be.

266 479 416 529 nedici
445 470 600 543 posse,
637 470 687 523 ὅ(
722 488 797 520 eos
822 472 850 519 ὲ
877 473 1091 521 Parochis
1118 473 1313 542 desuper

267 568 360 600 non
387 541 620 597 molestari
646 542 812 593 debere
846 541 1048 593 sancitur
1065 581 1077 593 .
1126 564 1212 593 cum
1241 565 1313 594 no·

264 637 313 671 ta
325 655 338 670 .
1197 635 1221 664 2
1228 635 1312 679 93..

335 693 538 739 Decreto
555 682 775 750 Ejusdem
800 689 949 738 Sacrae
971 689 1320 755 Congregatio-

261 761 331 813 nis
345 756 705 827 Episcoporum‚
732 756 780 808 8<
798 758 1102 827 Regularium
1117 793 1134 815 ‚
1167 761 1225 807 In
1241 775 1322 807 no·-

262 850 329 882 vo
364 834 622 882 Conventa
658 830 844 887 Terrae,
871 827 1062 878 Abbaeia
1085 846 1320 896 nuncupa·

264 918 349 961 tae,
386 899 459 950 sex
481 903 663 950 Fratres
680 900 1094 952 duntaxatrrrorati
1113 896 1310 969 possein·

267 973 346 1023 dul
352 988 491 1044 getur
508 1008 520 1020 .
1221 969 1286 1019 ibi
1300 1007 1313 1020 .

339 1049 544 1095 Decreto
559 1039 773 1106 Ejusdem
800 1046 950 1094 Sacrae
978 1042 1315 1113 congregatio,-

264 1118 333 1165 nis
350 1111 682 1184 Episcoporum
697 1148 713 1171 ,
729 1111 776 1164 δι
792 1117 1115 1183 Regularium,
1131 1113 1314 1163 Ereffio

268 1188 382 1237 novi
411 1188 685 1236 Conventus
721 1186 767 1233 in
784 1186 931 1235 Terra
960 1188 1205 1236 Glemona.-
1236 1188 1314 1235 Pa-

268 1257 478 1308 triarchae
495 1257 718 1322 Aquilejae
732 1259 1043 1307 committitur
1061 1293 1075 1306 .
1215 1255 1279 1304 ibi
1298 1292 1311 1305 .

340 1333 539 1379 Decreto
553 1325 764 1390 Ejusdem
796 1330 946 1378 Sacrae
970 1329 1313 1398 Congregatio-

270 1401 340 1450 nis
358 1435 374 1458 ,
398 1397 569 1447 ereffio
586 1395 855 1449 Monasterii
870 1401 1155 1450 Monialium
1171 1400 1312 1450 inci-

270 1474 412 1523 vitate
426 1466 669 1520 Tarvisina
685 1505 701 1527 ,
723 1467 769 1520 ὅ(
790 1466 1000 1522 formalis
1019 1469 1236 1520 clausurae
1254 1471 1313 1519 in·

269 1540 536 1599 trodustio,
570 1538 798 1610 Episcopo
855 1541 1028 1600 ibidem
1061 1542 1317 1592 committi-

270 1629 350 1666 tur
367 1650 380 1662 .
1203 1629 1318 1675 294

342 1689 543 1735 Decreto
563 1681 776 1748 Ejusdem
807 1687 957 1737 Sacrae
980 1687 1321 1755 congregatio-

276 1757 377 1814 nis,
402 1756 530 1805 Laici
558 1754 622 1804 ad
637 1755 884 1823 portandos
910 1755 966 1805 de
997 1774 1086 1806 una
1100 1754 1251 1806 mensa
1265 1755 1322 1805 ad

275 1829 413 1877 aliam
431 1825 572 1875 libros
588 1824 681 1876 ἃς.
689 1830 823 1891 juxta
836 1825 1174 1895 dispositionem
1197 1830 1321 1878 Emi»

275 1896 523 1948 nentiffimi
557 1897 820 1948 Cardinalis
850 1899 1134 1949 Protestoris
1169 1914 1322 1949 tenen-

271 1983 350 2020 tur
372 2005 384 2017 .
456 1987 544 2016 cum
563 1984 662 2017 nota
678 2006 694 2020 .
1233 1970 1322 2019 ibi>-

348 2044 425 2090 Fr.
444 2042 612 2090 Marco
629 2039 685 2091 ab
709 2042 895 2093 Aviano
925 2041 986 2092 ad⁴
1002 2039 1325 2113 Augustiffimi

273 2112 578 2179 Imperatoris
594 2111 817 2180 Leopoldi
831 2115 1080 2163 exercitum
1094 2114 1325 2184 ablegato,

274 2184 401 2233 varia
415 2179 668 2250 spiritualia
680 2185 927 2254 privilegia
943 2185 1140 2255 largitur
1159 2221 1172 2233 .
1224 2185 1322 2234 Ven.

277 2254 341 2304 D.
371 2250 417 2301 S.
438 2252 815 2305 Innocentiusxl.
836 2274 939 2305 .cum
953 2272 1053 2304 nota
1066 2293 1079 2305 .
1207 2274 1323 2319 295.

347 2327 424 2373 Fr.
440 2325 671 2378 Rochum
697 2326 723 2374 ὲ
755 2329 989 2384 VenetiiS,
1025 2325 1323 2377 Vifitatorem

279 2392 564 2444 Miffionum.
609 2397 655 2444 in
700 2394 1012 2465 Peloponneso
1057 2396 1291 2448 constituit
1309 2437 1321 2452 .

279 2464 540 2515 Innocentius
558 2469 681 2515 XII.
1202 2487 1229 2517 2
1232 2472 1321 2529 98·.

356 2538 586 2586 Moniales
619 2538 822 2606 Collegii
851 2538 1099 2591 Nobilium
1126 2543 1321 2608 Capuci-

279 2626 358 2656 nas
375 2625 515 2676 prope
530 2607 778 2659 Ecclesiam
797 2611 951 2660 Sansti
971 2614 1167 2664 Antonii
1183 2615 1204 2660 a
1227 2615 1320 2662 Ca.-

277 2678 410 2728 stello
425 2714 441 2737 ,
483 2680 702 2729 Civitatis
738 2684 1067 2742 venetiarum,
1107 2683 1322 2732 omnibus

281 2750 535 2819 privilegiis
554 2786 570 2807 ,
605 2749 913 2820 Indulgentiis
930 2788 945 2810 ,
977 2755 1089 2802 alias
1106 2755 1321 2803 Monialiae

281 2822 367 2869 bus
381 2820 575 2870 Ordinis
593 2824 641 2871 S.
659 2824 708 2871 P.
721 2821 1179 2874 Francisci.conceffis
1192 2855 1207 2880 ‚
1222 2826 1286 2872 uti
1306 2858 1321 2880 ,

282 2889 330 2942 ὅι
345 2889 544 2960 gaudere
564 2889 684 2958 posse
697 2892 1109 2943 declarat.Clemens
1120 2898 1214 2947 xl.
1234 2894 1295 2942 ibi
1309 2929 1327 2947 .,

357 2959 594 3011 Fratribus
614 2966 858 3029 Deputatis
875 2999 891 3022 ,
920 2967 1096 3015 Milites
1117 2969 1160 3014 ‘m
1175 2966 1331 3016 Trire·

285 3029 588 3084 mium'claffe
612 3032 849 3083 existentes
869 3069 884 3092 ,
916 3036 972 3086 ab
989 3037 1204 3086 omnibus
1234 3053 1332 3102 pec-

285 3106 428 3163 catis,
455 3102 503 3155 &
520 3101 692 3152 cafibus
712 3102 1011 3164 absolvendi,
1044 3105 1092 3156 ὅ(
1119 3108 1332 3155 cumillis

285 3174 440 3242 quoad
480 3174 817 3224 lasticiniorum
861 3173 987 3225 esum
1020 3173 1334 3244 dispensandi,

286 3243 558 3296 facultatem
591 3244 886 3312 impertitur,
911 3265 965 3296 ac
997 3246 1333 3317 indulgentiam

289 3319 538 3385 plenariam
563 3350 577 3371 ,
600 3315 643 3363 in
675 3315 872 3365 articulo
900 3319 1091 3374 mortis,
1122 3318 1335 3367 omnibus

291 3391 337 3436 in
365 3385 655 3454 expeditione
672 3399 830 3435 contra
844 3388 1024 3437 Turcas
1041 3404 1150 3437 cum
1166 3389 1338 3437 contri-

291 3460 419 3509 tione
445 3455 771 3507 decedentibus
801 3458 1034 3513 concedit.
1069 3455 1186 3508 Idem
1204 3495 1221 3518 ,
1249 3478 1338 3508 cum

291 3545 393 3578 nota
408 3565 419 3578 .
1222 3549 1339 3591 299.

364 3602 568 3651 Decreto
582 3597 732 3652 Sacrae
751 3601 1138 3670 congregationis
1153 3599 1339 3669 Episco-

294 3685 489 3738 porum,
505 3671 554 3723 ὅ(
568 3672 1141 3740 Regularium,fabricam
1158 3671 1338 3721 Clodiae

294 3743 575 3807 completam
594 3778 610 3801 ,
656 3741 988 3792 Monasterium
1022 3743 1340 3792 Monialiurn...

293 3812 638 3927 capulffi'mlilm
656 3850 673 3875 ,
711 3811 792 3865 sub
811 3813 998 3886 Regula
1023 3813 1196 3865 Sanciae
1232 3817 1341 3864 Cla-

448 3895 520 3925 Om·
579 3897 592 3926 ἓ

2172 222 2354 312 xllx.

1373 353 1457 395 rae,
1477 336 1526 388 ὅ(
1543 335 1819 401 subjeftione
1836 338 2091 388 Ordinatio
2117 344 2239 403 loci,
2267 343 2423 394 decla-1

1374 410 1491 466 rari,
1512 405 1735 476 Episcopo
1746 408 1919 458 ibidem
1939 414 2270 463 committitur.
2296 430 2414 476 300.

1443 482 1648 527 Decreto
1673 478 1874 539 ejusdem
1905 483 2050 528 Sacrae
2078 485 2419 553 congregatio-

1375 550 1441 597 nis
1459 584 1474 605 ,
1499 547 1717 598 fabricam
1753 552 1844 599 loci
1871 549 2101 618 Valdagni
2132 554 2176 599 in
2196 551 2419 604 formale-2

1381 618 1717 669 Monasterium
1731 622 2083 688 Capucinarum
2102 624 2164 669 eri
2203 624 2248 680 i,
2280 622 2328 675 ὅ(
2359 625 2418 674 ad

1381 690 1427 738 id
1445 688 1556 737 duas
1587 690 1891 741 Institutrices
1924 709 1977 739 ex
2011 692 2104 740 alio
2139 637 2419 743 bffonasterio

1381 757 1656 819 transferri,
1691 759 1921 831 Episcopo
1950 762 2201 812 Vicentino
2240 764 2422 813 manda·

1380 846 1455 882 tur
1476 868 1488 881 .
2330 834 2421 882 ibi.

1450 906 1650 952 Decieto
1670 906 1819 953 Sacrae
1842 905 2232 973 congregationis
2252 906 2423 954 Conci-

1376 975 1426 1024 lii
1445 1010 1460 1033 ,
1480 975 1638 1023 Onera
1655 972 1925 1031 Miffarum,
1958 973 2423 1032 Anniversariorum,

1376 1044 1424 1096 ὅ(
1456 1062 1642 1113 precum
1660 1063 1717 1093 ex·
1745 1047 2025 1095 alienatione
2044 1043 2343 1102 Conventus,
2371 1043 2421 1096 ἅ

1376 1116 1603 1166 bonorum
1623 1113 2126 1185 suppressae-Religionis
2145 1115 2298 1166 San&
2311 1118 2427 1166 Hie-

1374 1189 1564 1254 rony-mi
1594 1187 1651 1236 de
1673 1185 1847 1237 Fesulis
1869 1186 2153 1236 Monialibus
2174 1187 2428 1254 Capucinis

1374 1260 1675 1309 venetiarum
1690 1258 2058 1317 incumbent-ia,in
2070 1256 2428 1307 celebrationem

1375 1329 1614 1380 menstruae
1634 1327 1780 1379 Missae
1792 1367 1806 1387 ,
1822 1329 1867 1379 δι
1881 1332 2278 1379 communionem
2297 1346 2427 1377 men-

1375 1400 1584 1452 struatim
1601 1403 1768 1468 pariter
1785 1403 1810 1449 a
1828 1400 2111 1450 Monialibus
2129 1398 2383 1450 faciendam
2406 1435 2423 1458 ,

1378 1491 1552 1524 necnon
1571 1473 1886 1539 quotidianam
1919 1473 2233 1520 recitationem
2252 1469 2426 1539 psalmi

1378 1544 1589 1613 Mfi’rexe
1606 1542 1696 1594 διε.
1708 1544 1915 1603 converti
1929 1578 1954 1610 ,Β
1966 1542 2234 1592 Patriarchae
2252 1542 2427 1592 ibidem

1382 1619 1696 1668 committitur
1712 1653 1724 1665 .
2312 1633 2372 1677 30
2386 1627 2427 1662 ιε

1453 1688 1535 1739 Ad
1554 1688 1781 1737 Moniales
1799 1687 1943 1742 Utini·
1958 1687 2253 1755 participatio
2278 1687 2430 1734 omni-

1383 1779 1461 1811 um
1492 1759 1921 1827 Indulgentiarum,
1953 1754 2277 1827 suffragiorum
2296 1792 2312 1814 ,
2341 1757 2431 1825 pri-

1382 1828 1669 1900 vileg-iorum*
1686 1867 1701 1888 ,
1729 1831 1828 1879 aliis
1853 1829 2136 1879 Monialibus
2170 1829 2428 1900 Capucinis

1382 1903 1465 1954 sub
1490 1903 1671 1973 Regula
1690 1906 1739 1951 S.
1761 1904 1910 1953 Clarae
1930 1899 2250 1951 concessorurn
2277 1915 2430 1948 exten·

1385 1975 1511 2024 ditur
1530 2010 1545 2032 ,
1579 1978 1639 2022 ita
1660 1989 1809 2022 tamen
1830 2009 1845 2031 ,
1869 1986 1920 2021 ut
1940 1975 2166 2040 (exceptis
2181 1970 2427 2021 Sororibus
2473 1969 2475 1972 ’

1386 2044 1614 2095 conversis
1632 2044 1688 2093 ad
1709 2042 1988 2115 colligendas
2006 2040 2320 2107 eleemosynas
2350 2040 2428 2088 de-

1385 2116 1590 2177 stinatis)
1621 2118 1665 2172 in
1684 2114 1890 2167 clausura
1925 2112 2254 2170 inviolabiliter
2283 2107 2432 2181 perse-

1385 2203 1569 2238 verent.
2309 2199 2428 2243 302.

1456 2257 1739 2308 Monialibus
1758 2256 1967 2304 Coloniae
2000 2253 2432 2304 Constitutionem

1384 2330 1514 2381 Pauli
1533 2333 1662 2397 Papae
1678 2333 1740 2379 V.
1772 2325 1833 2382 de
1860 2324 2312 2377 earumMonasterii
2339 2341 2434 2372 ere-

1384 2402 1580 2462 stione,
1625 2394 1825 2449 concessa
1887 2400 1941 2446 iis
1983 2396 2135 2446 Sanffli
2182 2398 2302 2446 Petri
2346 2399 2434 2444 Ec-

1383 2470 1515 2522 clefia
1559 2471 1727 2524 ibidem
1769 2466 1860 2518 ἃς.
1909 2486 1963 2517 ex
2004 2469 2253 2518 Secretaria
2300 2472 2430 2534 Apo-

1381 2543 1536 2594 stolica
1553 2541 1865 2592 communicat
1883 2575 1898 2597 ,
1933 2536 1981 2588 8(
2007 2540 2072 2587 illi
2091 2540 2269 2605 plenam
2288 2534 2426 2585 fidem

1382 2614 1584 2664 adhiberi
1602 2612 1742 2662 sancit
1761 2648 1773 2660 .
1813 2608 2015 2659 Urbanus
2035 2613 2184 2659 VIII.
2309 2618 2430 2668 303.'

1383 2755 1777 2806 PROVINCIA
1825 2749 2393 2801 MEDIOLANENSIS
2411 2783 2425 2797 .

1460 2899 1529 2945 Ex
1559 2889 1860 2961 Praepositurz'i
1881 2891 2034 2941 Sa-nfli
2056 2891 2250 2958 Joannis
2281 2891 2434 2956 Bapti·

1392 2966 1466 3016 stae
1484 2968 1526 3013 in
1539 2979 1660 3013 terra
1673 2960 1877 3013 Domafii
1892 2980 1999 3010 cum
2012 2961 2220 3010 omnibus
2231 2958 2433 3009 aedificii⁸

1392 3037 1652 3104 contiguis,
1687 3032 1735 3083 ἃ
1764 3034 1976 3081 connexis
1992 3036 2292 3082 Conventum
2327 3034 2435 3079 Fra·

1393 3125 1518 3158 trum
1539 3106 1685 3175 erigi,
1721 3100 1956 3171 Episcopo.
1979 3100 2195 3153 Comensi
2222 3101 2436 3150 commit·

1394 3181 1451 3229 tit
1470 3214 1482 3227 .
1521 3177 1750 3244 Gregorius
1768 3175 1921 3224 XIII.
2320 3177 2432 3231 306.

1466 3252 1522 3298 In
1552 3244 1726 3296 duabus
1744 3243 1938 3296 AEdibus
1954 3276 1969 3299 ,
1999 3260 2133 3293 onere
2159 3257 2312 3289 annuae
2330 3246 2436 3307 pen*

1397 3318 1532 3369 sionis
1549 3354 1563 3376 ‚
1600 3317 1821 3383 Capitulo
1837 3313 1988 3364 saneti
2005 3314 2190 3362 Nazarii
2213 3312 2436 3359 Mediola-

1397 3393 1442 3440 ni
1471 3385 1752 3459 praestandae,
1778 3386 1982 3455 gravatis
2001 3419 2016 3442 ‚
2046 3382 2093 3433 ἃ
2117 3398 2200 3449 pro
2237 3378 2438 3430 constru-

1398 3462 1548 3511 ctione
1594 3455 1859 3507 Monasterii
1892 3454 2172 3503 Moni-alium
2218 3449 2438 3509 donatis,

1402 3529 1689 3583 Coenobium
1723 3523 1978 3591 hujusmodi
2012 3522 2090 3572 sub
2119 3524 2442 3572 invocatione„

1401 3601 1578 3652 Sanfiae
1619 3600 1778 3650 Clara:
1800 3597 1944 3665 erigi,
1984 3591 2289 3659 responsiones
2317 3593 2442 3642 dieto

1401 3673 1622 3740 Capitulo
1647 3668 1820 3718 debitas
1837 3704 1851 3723 ,
1878 3683 1932 3714 ex
1965 3679 2092 3732 parte
2119 3662 2383 3713 reddituum
2415 3663 2442 3709 ἆ

1401 3742 1814 3809 quondamJoanne
1831 3737 2015 3787 Th'oma
2030 3734 2237 3786 Cribello
2259 3735 2314 3783 ad
2331 3732 2446 3782 fimi-

1402 3816 1494 3864 lem
1512 3811 1651 3863 finem
1671 3827 1754 3879 pro
1773 3807 1953 3919 summha
1977 3820 2204 3856 conventa
2238 3805 2414 3880 liberari
2429 3837 2445 3860 ,

2348 3886 2390 3914 ln
