2762 4030
1074 207 1685 302 Communia.
2352 261 2385 325 3

310 341 350 377 ι,
368 350 437 388 (μω
459 335 595 387 ‘quum
606 329 709 382 caup
729 329 776 366 ad
801 328 946 385 varios,
969 328 1013 371 ὰ
1026 329 1179 381 diversss
1202 331 1296 369 affut
1309 332 1519 377 deventum,
1531 332 1670 371 tandem
1683 330 1841 382 servatis
1865 331 1908 369 de
1916 330 1998 381 jun
2011 332 2199 382 servandis
2213 337 2357 390 nostrane
2372 339 2459 388 diffi-

305 391 455 427 nitivam
477 385 619 424 talium
633 379 846 430 seutentiam
858 377 905 414 bu
921 390 944 414 u
960 378 1050 414 modi
1063 380 1134 427 sub
1148 390 1266 418 tenore
1288 380 1476 419 videficet:

400 429 614 476 CHRISTI
636 424 862 468 NOMINE
956 424 995 463 V
990 425 1187 472 OCATO,
1203 429 1274 467 Pro
1294 429 1484 466 Tribuuali
1495 430 1722 478 sedentes,&·
1733 429 1845 480 solim
1866 429 1980 466 Deum
1988 438 2058 479 prae
2075 434 2178 470 oculis
2199 435 2359 476 babentes
2371 462 2383 482 ,
2394 445 2458 486 per

305 487 395 524 banc
414 482 556 535 ηψπ,
573 476 798 527 diffinitivam
814 475 1051 526 sententiam,
1098 489 1178 513 uam
1202 476 1244 513 de
1269 476 1377 527 ‘Juris
1397 481 1591 527 peritorum
1614 478 1744 528 cenfilio
1769 481 1808 515 in
1837 477 1891 514 his
1906 478 2050 527 scriptis
2068 481 2214 528 ferimus
2227 486 2266 519 in
2279 488 2379 536 causa
2393 486 2458 528 ,ὰ

301 535 405 584 confi,
428 557 440 575 ,
491 539 543 566 ιι
566 537 680 563 coram
706 522 823 564 Nobis
843 526 883 560 in
947 525 1018 560 ima
1040 550 1050 565 .
1086 537 1129 562 eu
1154 525 1224 562 alia
1253 529 1390 563 veriori
1413 527 1518 576 versae
1527 527 1679 575 suerunt
1692 551 1705 572 ‚
1729 528 1773 570 ὼ·
1794 536 1986 564 vertuntur
1999 550 2013 570 ‚
2037 528 2208 614 ilitflantiis
2227 533 2320 570 inter
2345 534 2458 571 Rem.

300 582 423 622 rendos
442 541 578 614 qqanes
595 574 755 613 Minores
774 573 816 611 de
829 572 887 611 Ob
901 574 1068 610 ervantia
1081 573 1203 611 Sanfii
1219 572 1394 625 Francisci
1422 577 1461 611 in
1477 576 1662 613 Conventa
1677 577 1705 614 S
1707 575 1810 612 anfiae
1830 576 1959 614 Maria
1982 576 2024 613 de
2077 577 2191 615 racoeli
2213 580 2333 626 vrbis,
2350 582 2457 620 aflo-

298 644 376 672 ης,
399 628 444 671 ὁ·
466 623 688 662 Reverendos
715 622 841 661 Patres
918 622 1067 671 pucinos
1090 624 1131 658 in
1158 623 1344 661 Conventa
1373 622 1599 660 lmmacutasae
1627 625 1866 673 Conceptionis
1888 624 1930 661 de
1945 626 2063 666 vrbe.
2087 638 2126 661 ac
2141 625 2359 666 Reverendus
2382 631 2457 669 Pa.

296 690 367 720 tres
392 675 554 716 Minores
576 671 619 709 de
644 671 701 709 Ob
716 671 883 709 ervantia
905 695 916 712 ‚
941 682 982 707 ac
1010 669 1227 719 Refhrmatos
1250 671 1372 708 sancii
1397 671 1575 720 Francisci
1600 672 1796 710 Provincia
1817 671 1981 710 Romana
2006 671 2158 725 admiffis
2184 675 2230 711 ad
2258 678 2389 726 causam
2412 690 2454 715 ex

295 738 392 771 una,
416 723 461 766 ὰ·
484 721 687 760 Reverendi
702 721 823 758 ‘simum
848 719 1037 757 Dominum
1060 717 1233 770 Jacobum
1260 719 1544 770 Elephantutium
1567 721 1781 771 Sanfiiissimi
1791 722 1935 760 Domini
1951 719 2074 774 Nostri
2094 747 2107 766 ‚
2132 723 2267 772 ejusque
2281 724 2455 762 Reveren-

293 776 345 815 διε
370 776 523 815 Gamerae
550 769 672 821 Aposto
687 771 747 807 icae
773 766 1043 820 Commiffarium
1064 768 1268 808 Generalem
1290 792 1304 813 ,
1327 770 1371 812 ὡ·
1392 769 1557 807 Dominos
1579 771 1776 807 Antonium
1805 772 2014 809 Scarionum
2037 797 2049 816 ‚
2076 770 2249 820 Joannem
2271 773 2457 824 Baptistam

294 822 455 865 Betim.
479 821 524 864 ὁ·
547 817 725 870 Joannem
745 820 788 856 de
814 817 1070 856 Dartholomeis
1094 818 1315 869 Affluarios
1329 843 1343 863 ‚
1370 819 1414 860 ὁ·
1436 819 1472 854 Α
1519 816 1681 855 altatores
1706 818 1930 858 Gabellarum
1952 820 2202 857 bononenorum
2228 823 2381 871 quinque
2392 823 2459 871 su-

288 883 355 926 per
379 881 581 923 quocunque
603 868 698 907 Cado
727 864 817 905 Vini
845 891 859 912 ,
885 867 930 910 ὁ·
945 867 1053 917 super
1087 879 1292 917 quacunque
1323 866 1442 905 Salma
1492 868 1560 904 oeni
1588 891 1598 907 ,
1631 879 1671 904 ac
1696 869 1947 907 bononenorum
1971 868 2116 906 duorum
2135 882 2211 906 cum
2234 870 2375 906 dimidio
2397 872 2460 920 sud

288 931 354 974 per
380 920 507 972 quavis
534 916 654 957 Salma
678 915 791 957 Palea
810 915 1031 955 introducen.
1048 917 1088 954 in
1109 916 1249 961 vrbem,
1264 914 1353 952 Reos
1379 927 1563 954 conventos
1578 941 1592 961 ‚
1605 915 1774 954 Partibus
1788 928 1830 954 ex
1849 917 1985 962 altera,
2007 918 2049 954 de
2070 942 2082 962 ,
2106 919 2149 960 ὠ·
2160 918 2266 967 super
2281 930 2339 956 exe
2394 923 2460 957 tio-

293 984 338 1009 ne
362 969 384 1009 ὸ
401 968 575 1020 solutione
596 965 765 1004 ditiorum
792 963 1016 1004 Gabellarum
1039 991 1053 1010 ,
1084 965 1251 1015 rebusque
1279 963 1360 1002 aliis
1385 966 1459 1007 &a
1485 965 1631 1002 dicimus
1657 989 1666 1004 ‚
1717 968 1963 1004 ronunciamus
1988 990 2002 1011 ‚
2028 966 2241 1004 decernimus
2263 992 2277 1011 ,
2304 968 2362 1005 dec
2377 980 2460 1004 ara-

294 1032 370 1059 mus
383 1044 398 1065 ‚
418 1014 662 1068 &diffinitivi
693 1016 926 1053 ententiamus
938 1039 950 1060 ,
972 1014 1076 1052 diffos
1101 1014 1324 1052 Reverendos
1344 1014 1480 1052 'Patres
1497 1014 1655 1052 Minores
1700 1026 1718 1051 e
1744 1013 1983 1062 Observantia
2004 1040 2016 1058 ,
2029 1028 2068 1052 ac
2090 1014 2376 1065 Refhrmatos,&
2390 1017 2460 1055 Ca·

290 1071 453 1121 paciens,
464 1077 631 1115 tanquam
662 1063 874 1113 tngulariter
897 1063 1094 1114 profitentes
1119 1074 1198 1102 voto
1213 1062 1357 1113 solemni
1381 1063 1568 1113 altsffimam
1611 1073 1845 1114 aupertatem,
1864 1064 1909 1107 ὁ·
1931 1062 2035 1108 nihil,
2051 1077 2111 1101 nec
2135 1066 2175 1101 in
2195 1067 2386 1110 communi,
2399 1077 2460 1102 nee

296 1120 336 1157 in
352 1113 569 1169 particulari
589 1123 633 1163 po
655 1113 784 1152 ndentes
794 1138 806 1157 ‚
803 1113 889 1199 ssed
911 1124 952 1151 ex
975 1113 1120 1151 Piorum
1144 1112 1288 1162 eleemos
1300 1114 1356 1149 uis
1382 1115 1544 1151 viventes
1603 1124 1662 1158 re,
1690 1113 1734 1155 ὁ·
1758 1108 1818 1163 effe
1828 1112 2058 1164 singulariter
2083 1123 2272 1163 exemptos,
2295 1115 2339 1157 ὠ·
2363 1126 2463 1152 exce-

292 1177 435 1219 ptuatos
457 1164 479 1203 ὸ
498 1162 671 1214 solutione
690 1163 802 1213 praedi
832 1174 933 1199 arum
957 1161 1182 1199 Gabellarum
1197 1163 1256 1211 ,ip
1273 1163 1315 1211 os
1328 1174 1372 1199 ue
1396 1173 1465 1198 non
1489 1162 1556 1211 esic
1569 1162 1816 1212 comprehensos
1838 1163 1877 1199 in
1892 1161 2034 1200 illarum
2055 1162 2294 1211 constitutione
2310 1188 2323 1208 ‚
2347 1176 2407 1200 nec
2420 1163 2462 1199 in

295 1216 500 1266 impositione
511 1237 527 1259 ,
552 1211 877 1261 obligationemque,
887 1212 926 1247 in
934 1211 1076 1248 ‘anetam
1093 1212 1247 1249 omnibus
1267 1174 1584 1252 ..Jidendicantibus
1598 1211 1752 1298 cujubsvis
1771 1214 1912 1260 generis
1916 1211 2079 1262 solvendi
2091 1211 2253 1251 Gabellus
2266 1212 2462 1262 pradifias,

295 1267 424 1308 Patres
438 1263 598 1302 Minores
614 1260 849 1312 observantes
862 1286 876 1306 ,
894 1224 950 1297 Rle
985 1273 1057 1297 rma
1064 1271 1115 1299 tos
1127 1286 1141 1306 ,
1166 1261 1210 1303 ὁ·
1225 1261 1420 1311 Capucinos
1447 1272 1515 1297 non
1534 1271 1664 1311 compre
1688 1260 1814 1298 endere
1827 1284 1840 1305 ‚
1861 1273 1922 1298 nec
1949 1261 2079 1312 afficere
2092 1287 2105 1307 ‚
2118 1261 2162 1305 ὰ·
2182 1271 2363 1312 propterea
2374 1260 2460 1310 iprs

298 1314 393 1354 nullo
406 1312 501 1351 modo
523 1311 661 1356 teneri,
681 1323 790 1360 neque
814 1309 874 1363 effe
895 1311 935 1347 ob
949 1312 1061 1358 igatos
1082 1310 1128 1347 ad
1144 1310 1345 1360 praetensam
1358 1308 1568 1360 filationem
1589 1311 1774 1348 earundem
1797 1310 2020 1348 Gabellarum
2035 1340 2045 1354 ,
2067 1312 2111 1354 ό·
2128 1319 2192 1360 pro
2214 1312 2260 1348 iis
2282 1321 2461 1360 nunquam

297 1361 463 1414 molestari
483 1370 526 1411 po
553 1373 571 1398 e
583 1385 597 1407 ,
619 1370 683 1399 aut
697 1361 818 1398 debere
833 1359 990 1397 volumus
1003 1383 1016 1404 ,
1041 1361 1085 1403 ὼ·
1097 1360 1299 1397 mandamus
1310 1383 1324 1404 ‚
1347 1372 1410 1398 nec
1424 1371 1493 1395 non
1516 1361 1734 1409 quast-unque
1757 1359 1978 1407 obligationes
1988 1386 2002 1406 ‚
2013 1359 2286 1411 &fidejuffiones
2293 1370 2356 1410 per
2369 1361 2462 1409 Syn·

295 1414 412 1451 dicum
437 1411 474 1450 A
498 1416 529 1463 ο]
542 1409 685 1450 olicum.
707 1408 766 1447 vel
782 1408 888 1447 aliam
911 1421 1081 1458 quamcun
1106 1421 1149 1446 ue
1158 1408 1336 1459 personam
1357 1409 1639 1498 prosupradifiiis
1662 1409 1940 1457 Observantibus
1951 1435 1965 1454 ‚
1993 1409 2226 1459 Reformatis‚
2240 1411 2284 1453 dr
2309 1410 2459 1459 Capaci-

296 1464 355 1501 aeis
377 1473 455 1499 occa
465 1459 825 1510 tonesupradifilarum
846 1458 1069 1497 Gabellarum
1127 1460 1208 1499 ini.
1221 1458 1317 1496 Fani
1329 1483 1343 1503 ,
1369 1459 1413 1502 &-
1456 1458 1535 1496 aleae
1548 1483 1562 1503 ,
1584 1458 1831 1507 quomodolibet
1848 1458 1983 1509 fatias,
2008 1460 2051 1502 ὼ·
2070 1459 2236 1510 praestitas
2260 1458 2457 1504 abolendas.

296 1513 342 1556 &-
367 1524 406 1550 ca
432 1509 542 1547 andas
556 1509 660 1559 sore,
681 1509 725 1551 ὁ·
745 1507 805 1561 effe
826 1533 840 1555 ‚
861 1518 970 1559 prout
985 1508 1164 1546 abolemus
1188 1532 1202 1554 ,
1221 1510 1266 1552 ὠ·
1291 1505 1478 1595 ctlxffamus,
1504 1520 1545 1545 ac
1558 1517 1623 1559 pro
1647 1508 1759 1558 caffis,
1776 1508 1818 1550 ὠ·
1842 1507 1985 1545 aboletis
2005 1507 2149 1551 haberi,
2171 1509 2311 1558 ideoque
2331 1508 2463 1556 pradi-

297 1560 364 1599 Εοε
424 1558 470 1596 cli
493 1558 576 1644 ig„
589 1560 629 1595 in
651 1557 716 1596 alti
738 1570 803 1594 rma
819 1567 890 1607 pau
913 1567 1026 1596 ertate
1050 1559 1213 1595 viventes
1233 1559 1276 1595 ab
1296 1559 1311 1594 i
1337 1559 1368 1594 is
1392 1557 1608 1607 absolvendos
1627 1557 1707 1606 fore
1724 1583 1738 1602 ,
1761 1558 1833 1600 &e
1858 1570 1875 1594 e
1889 1581 1903 1601 ,
1919 1565 2029 1642 prout
2056 1556 2281 1607 absolvimus,
2305 1558 2348 1600 ὼ·
2374 1556 2460 1595 libe·

296 1621 438 1653 ramus,
486 1609 500 1644 i
529 1607 624 1657 isque
639 1606 705 1644 lllu
733 1607 850 1656 ruffimo
912 1608 1022 1644 omino
1046 1605 1277 1658 Commiffisrio
1302 1607 1515 1645 Reverendo:
1542 1607 1693 1646 Camerae
1708 1631 1722 1651 ,
1745 1607 1788 1649 ὼ·
1845 1605 1922 1643 abel
1932 1607 2020 1643 ariis
2046 1605 2178 1644 nullum
2191 1605 2291 1656 Jus,
2312 1605 2458 1644 nullam·

297 1671 367 1710 que
387 1657 549 1696 cerionem
564 1656 672 1706 super
693 1656 863 1706 praemtffis
876 1656 970 1693 modo
990 1656 1106 1706 aliquo
1126 1654 1326 1708 competitffe
1338 1667 1428 1701 ,aut
1449 1665 1634 1705 competere
1643 1667 1731 1700 ‚nec
1747 1655 1827 1705 fore
1850 1668 1921 1692 com
1943 1657 2141 1698 etiturum3
2169 1657 2311 1706 Ideoque
2330 1665 2370 1705 pe
2378 1664 2458 1705 rpe-

298 1718 399 1747 ωιτη
410 1705 586 1758 silentium
605 1705 728 1755 eisdem
753 1705 993 1754 imponendum
1047 1718 1085 1743 re
1096 1731 1110 1750 ,
1126 1706 1170 1748 ὁ·
1182 1704 1243 1757 effe
1256 1731 1270 1751 ,
1294 1715 1401 1756 prout
1415 1707 1617 1755 imponimus
1630 1731 1644 1750 ,
1669 1706 1712 1748 ὠ·
1728 1714 1793 1755 pro
1817 1666 1959 1791 impsfio
1973 1705 2094 1743 baberi
2109 1705 2264 1743 volumus
2276 1732 2288 1751 ,
2301 1706 2344 1748 (θ’
2357 1716 2457 1742 man-

296 1757 446 1798 demun
471 1754 519 1794 Et
543 1754 682 1805 insuper
695 1753 889 1792 inhibemus
900 1763 982 1841 lura
1007 1755 1083 1792 ielis
1097 1756 1245 1794 Domino
1270 1753 1500 1806 Commifflzrio
1530 1756 1681 1794 Camerae
1694 1779 1707 1799 ‚
1727 1756 1772 1798 ὁ·
1796 1756 1892 1793 Gabe
1906 1755 2010 1792 lariis
2024 1783 2032 1796 ‚
2057 1754 2256 1799 &cuilibet
2281 1768 2396 1793 eorum
2416 1757 2457 1792 in

287 1805 465 1858 solidum,
487 1813 530 1842 ut
537 1812 603 1854 pro
623 1804 780 1854 praefatis
803 1804 900 1842 Gabe
912 1803 980 1851 lis,
1006 1817 1047 1843 ac
1059 1804 1150 1842 dista
1165 1804 1372 1854 obIIgatione
1385 1827 1398 1850 ,
1416 1805 1482 1855 seu
1494 1804 1704 1854 fidejuffione
1724 1804 1829 1841 dissios
1852 1804 2074 1842 Reverendos
2098 1805 2248 1850 Patres,
2274 1816 2456 1854 eorumque

295 1854 489 1905 Syndicum
512 1879 524 1896 ,
544 1865 606 1891 nec
635 1852 789 1903 aliquam
808 1854 986 1904 perfimam
1006 1864 1071 1905 pro
1092 1854 1167 1904 ipsis
1191 1857 1363 1904 agentem
1395 1866 1574 1904 nunquam
1594 1853 1677 1890 mole
1702 1864 1763 1892 ent
1782 1879 1795 1899 ‚
1813 1854 1878 1904 seu
1901 1853 2067 1905 molestari
2086 1854 2228 1903 faciant
2242 1854 2311 1904 sub
2332 1856 2455 1903 quovis

291 1912 466 1956 pretextu
479 1927 491 1940 .
515 1900 749 1952 Reservantes
767 1912 883 1941 tamen
905 1904 1006 1942 difiis
1029 1903 1242 1944 Gabellariis
1258 1902 1358 1954 &ura
1380 1904 1468 1941 talia
1492 1903 1611 1953 qualia
1625 1930 1638 1948 ,
1711 1904 1850 1954 siqua,
1863 1905 1907 1947 &¹
1928 1915 2098 1953 quatenus
2122 1905 2194 1947 &c
2219 1906 2263 1946 ὼ·
2283 1913 2389 1954 prout
2411 1903 2454 1943 de

295 1952 398 2042 gun
414 1959 633 2002 competunt,
653 1961 776 1990 contra
789 1964 873 2003 quos
897 1954 940 1991 de
963 1953 1060 2006 “Jure
1082 1955 1211 2003 agendi
1230 1955 1276 1991 ad
1289 1953 1533 1992 relevationem
1555 1965 1726 2003 quatenus
1746 1954 1818 1995 &a
1842 1954 1885 1996 ὼ·
1898 1966 1966 1990 non
1978 1953 2066 1991 alias
2089 1954 2164 1996 ἀπ’.
2191 1952 2367 2004 ViEiofique
2391 1950 2458 1991 Vi·

328 2002 446 2054 oribus
467 2002 508 2038 iu
532 2001 676 2053 expensis
698 2002 958 2042 condemnamus
973 2028 987 2048 ‚
1008 2015 1157 2054 quarum
1170 2005 1380 2042 taxationem
1404 2001 1545 2047 Nobis,
1559 2002 1620 2040 vel
1640 2003 1698 2039 cui
1711 2002 1752 2040 de
1767 2001 1864 2052 ‘Jure
1875 2004 1923 2039 im
1945 2003 2109 2054 osterum,
2122 2004 2336 2053 reservamus
2348 2013 2458 2052 ,qua-

291 2056 400 2098 rtenus
421 2050 504 2089 huic
518 2051 702 2102 sententia
718 2064 786 2089 nou
809 2054 1054 2103 acquiescant,
1077 2063 1248 2103 quatenus
1276 2053 1358 2090 vero
1380 2053 1614 2102 acquiescant,
1632 2053 1675 2088 ab
1689 2052 1832 2102 expensis
1858 2052 1902 2088 ab
1916 2053 2063 2093 olvimus
2075 2079 2087 2098 ,
2111 2054 2155 2099 ὠ·
2175 2053 2359 2090 liberamus
2374 2079 2382 2088 .
2408 2051 2454 2088 Ee

281 2102 354 2142 ’ἶτσ
364 2099 502 2151 singula
518 2099 665 2151 singulis
687 2102 836 2150 congrue
861 2103 1039 2152 referendo
1051 2129 1065 2150 ‚
1089 2103 1236 2141 dicimus
1253 2129 1266 2148 ,
1286 2105 1582 2152 pronunciamus,
1594 2103 1835 2147 decernimus,
1858 2101 2071 2141 declaramus
2084 2127 2100 2147 ‚
2119 2101 2359 2151 &diffinitive
2371 2101 2457 2150 sem

294 2151 486 2190 tentiamus
504 2173 516 2195 ‚
537 2162 606 2187 non
617 2149 729 2200 solum
744 2152 818 2194 &a
832 2152 898 2202 fid
921 2155 1012 2191 omni
1032 2155 1106 2198 &a
1130 2152 1185 2191 Ita
1207 2153 1446 2202 pronunciavi
1470 2152 1540 2200 Ego
1556 2150 1694 2189 Anibal
1710 2152 1923 2190 Simonettus
1933 2151 2094 2188 Auditor
2108 2150 2455 2199 .Subsequenterque

293 2201 489 2251 comparuit
510 2210 624 2238 coram
650 2199 767 2239 Nobis
788 2202 967 2241 admodum
990 2202 1220 2241 Reverendus
1240 2203 1350 2242 Pater
1379 2200 1504 2240 Frater
1528 2199 1733 2249 Franciscus
1755 2199 1776 2236 ὰ
1800 2198 2038 2237 Palumbaria
2059 2200 2139 2236 olim
2153 2199 2456 2249 Guardianussu·

290 2248 446 2303 prodisti
470 2245 691 2287 Venerabilis
717 2250 946 2299 Conventus,
970 2254 1014 2296 dy·
1039 2266 1132 2292 nunc
1154 2250 1281 2289 adime
1299 2251 1499 2290 Provincia
1528 2249 1689 2289 Romana
1714 2245 1882 2286 Vicarius
1907 2248 2144 2286 Provincialis
2155 2273 2169 2292 ,
2198 2260 2238 2285 ac
2257 2249 2386 2298 petiit,
2409 2248 2454 2290 ὁ·

296 2297 430 2349 infletis
446 2297 686 2348 praeinsertam
698 2299 911 2347 sententiam
923 2327 936 2346 ,
961 2305 1164 2350 omniaque,
1189 2302 1234 2342 ὁ·
1254 2300 1386 2348 [iugula
1399 2301 1439 2335 in
1454 2311 1491 2336 eo
1517 2307 1679 2338 contenta
1694 2321 1707 2341 ,
1734 2297 1777 2339 ὁ·
1803 2294 1950 2348 expreffa
1974 2310 2183 2346 quacunque
2195 2323 2208 2343 ,
2221 2299 2267 2335 ad
2278 2310 2360 2347 quos
2376 2298 2456 2347 spe-

299 2346 396 2391 flat,
408 2346 584 2395 observari
596 2370 612 2391 ,
631 2347 887 2389 &mandatum
909 2351 952 2386 de
972 2349 1181 2398 observando
1193 2347 1314 2396 eisdem
1337 2349 1493 2385 omnibus
1508 2347 1679 2385 Patribus
1694 2345 1906 2394 supradifiiis
1920 2347 2123 2391 concedere,
2137 2347 2180 2389 ὁ·
2206 2347 2388 2385 decernere
2399 2347 2457 2383 di-

293 2405 487 2443 gnaremur
500 2421 509 2430 .
533 2392 615 2432 Nos
639 2396 759 2443 itaque
782 2397 998 2436 attendentes
1019 2397 1265 2446 requisitionem
1287 2396 1479 2444 hujusmodi
1486 2397 1566 2445 fore
1580 2394 1703 2444 justam
1715 2418 1728 2438 ,
1742 2394 1787 2436 ὠ·
1810 2396 1943 2431 rationi
1968 2395 2167 2444 consonam,
2180 2396 2391 2434 Mandatum
2410 2395 2453 2435 de

298 2441 544 2492 observanda„
568 2451 610 2479 ut
621 2442 741 2491 infra,
753 2446 1003 2483 concedendum
1020 2447 1100 2495 fore
1115 2469 1128 2488 ,
1150 2446 1194 2488 ὼ·
1222 2442 1282 2493 effe
1306 2444 1468 2482 duximus
1482 2470 1491 2485 ,
1507 2453 1614 2492 prout
1636 2443 1842 2493 conceffimus
1854 2471 1865 2487 ,
1881 2444 1924 2488 ὰ
1937 2445 2150 2484 concedimus
2167 2454 2228 2494 per
2250 2446 2431 2495 prasentes
2445 2472 2456 2485 .

297 2490 480 2542 Quocirca
505 2488 712 2528 aufiioritate
737 2490 842 2542 nqliri
870 2492 1161 2544 Thesaurariattis
1187 2494 1286 2545 officii
1300 2490 1405 2531 Vobis
1428 2493 1583 2530 omnibus
1597 2516 1611 2537 ‚
1633 2492 1677 2534 ὠ·
1692 2491 1838 2542 singulis
1856 2492 2090 2543 supradifiis.
2115 2495 2159 2537 ὁ·
2183 2493 2330 2545 vestram
2353 2494 2457 2534 cuili-

298 2540 357 2577 Bet
379 2539 419 2575 in
433 2536 586 2588 solidum
608 2547 726 2576 tenore
745 2541 966 2591 praesentium
985 2545 1225 2582 committimus
1245 2570 1256 2585 ,
1282 2542 1326 2585 ὁ·
1349 2544 1386 2579 in
1412 2544 1550 2581 virtute
1564 2540 1690 2591 anfiae
1709 2541 1909 2581 obedientia
1930 2567 1945 2587 ,
1969 2543 2088 2592 nesab
2102 2542 2193 2581 mille
2216 2544 2458 2583 ducatorum.)

300 2588 455 2628 camera
479 2585 676 2638 Apostolicae
695 2588 977 2638 applicandorum
1004 2619 1015 2638 ,
1041 2594 1085 2635 ὼ·
1114 2602 1177 2642 pro
1202 2592 1275 2630 illis
1295 2592 1454 2630 mandati
1478 2591 1684 2640 exequutivi
1708 2613 1723 2635 ‚
1745 2590 1789 2632 ὼ·
1813 2593 1853 2631 in
1872 2591 1969 2641 juris
2005 2593 2051 2628 ub
2061 2592 2168 2630 tdium
2190 2596 2457 2631 excommunica·

300 2638 409 2676 tionis
437 2660 453 2682 ,
476 2648 518 2673 ac
541 2638 652 2675 trium
671 2637 798 2676 ieiuum
815 2640 920 2689 funis
944 2641 1082 2692 publice
1106 2647 1144 2678 in
1172 2643 1375 2690 igendorum
1398 2666 1412 2685 ,
1435 2641 1479 2683 ὁ·
1498 2640 1657 2679 mandati
1679 2639 1722 2676 de
1750 2639 1913 2688 capiendo
1935 2649 2027 2689 repe
2056 2640 2116 2677 ive
2141 2666 2155 2686 ,
2180 2640 2322 2690 aliisque
2344 2640 2456 2681 Eccle-

291 2685 653 2738 fiaflt'cl‘tfifltentt‘t's·
676 2688 829 2737 censuris
843 2714 856 2734 ,
875 2691 1036 2740 &paenis
1052 2691 1119 2741 firi
1150 2689 1168 2727 ὲ
1191 2691 1418 2740 praecipiendo
1442 2688 1642 2726 mandamus
1656 2711 1670 2731 ‚
1694 2696 1865 2735 quatenus
1882 2688 2002 2739 statim
2021 2689 2120 2737 visis,
2144 2690 2189 2732 ὁ·
2214 2691 2358 2737 receptis
2367 2695 2457 2737 pras]

292 2736 455 2786 sentibus
467 2759 480 2780 ,
502 2735 547 2777 dr
563 2734 735 2821 postquam
780 2739 976 2788 raesentium
1001 2742 1145 2789 vigore,
1161 2740 1204 2782 ὠ·
1225 2750 1268 2777 ex
1286 2747 1389 2788 parte
1403 2738 1551 2774 omnium
1553 2736 1600 2784 su
1623 2734 1832 2772 radifiiorum
1843 2735 2129 2774 Reverendorum
2150 2737 2298 2777 Puerum
2302 2738 2451 2787 fueritis

298 2784 479 2835 requisiti,
498 2783 597 2833 seua
610 2794 666 2822 ter
691 2796 735 2823 ve
781 2788 838 2825 um
846 2788 965 2836 fuerit
989 2789 1169 2839 requisitus
1183 2813 1197 2832 ,
1219 2786 1420 2838 nostraque,
1434 2789 1499 2821 imo
1514 2785 1593 2822 veri
1619 2796 1634 2820 s
1658 2782 1851 2833 Apostolica
1874 2784 2078 2822 austeritate
2092 2812 2100 2825 ,
2120 2787 2232 2834 praein
2247 2796 2358 2828 ertam
2374 2787 2454 2836 seu·

299 2834 472 2878 tentiam,
495 2835 675 2883 omniaque
695 2860 709 2879 ‚
729 2836 917 2887 &fingula
940 2839 979 2874 in
1002 2850 1043 2875 ea
1066 2846 1252 2881 contenta,
1277 2832 1481 2886 &expressa
1495 2844 1638 2881 quacun
1661 2844 1718 2877 ae,
1730 2831 1851 2881 eisdem
1874 2833 2029 2870 omnibus
2043 2833 2252 2883 supradiffis
2274 2834 2452 2875 Reveren-

301 2882 357 2920 dt‘t
371 2880 542 2920 Patribus
555 2905 570 2926 s
594 2883 638 2924 &-
661 2885 805 2923 cuilibet
830 2897 946 2923 eorum
967 2885 1223 2924 inviolabiliter
1237 2910 1250 2929 ,
1277 2884 1322 2926 ὁ·
1344 2885 1390 2920 ad
1412 2893 1560 2931 unguem
1588 2882 1627 2918 ob
1643 2883 1773 2918 ervetis
1785 2906 1799 2926 ‚
1820 2883 1864 2925 ὼ·
1888 2881 2123 2931 adimpleatis,
2141 2896 2180 2920 ac
2204 2885 2382 2929 omnibus,
2407 2885 2450 2927 ὁ·

294 2929 456 2982 singulis,
467 2929 514 2966 ad
533 2941 617 2978 quos
627 2929 757 2979 spel-‘iat
774 2959 787 2979 ,
811 2933 1027 2983 &spefiabit
1040 2933 1285 2984 quomodolibet
1307 2934 1347 2969 in
1364 2932 1532 2981 futurum
1547 2930 1744 2979 observari,
1771 2931 1815 2972 ὠ·
1838 2929 2019 2980 adimpleri
2031 2931 2200 2972 mandetis
2211 2956 2225 2977 ,
2243 2933 2288 2975 ργ
2302 2933 2450 2982 faciatis

305 2982 346 3017 in
370 2979 526 3016 omnibus
541 3001 551 3018 ,
574 2978 619 3022 &¹
631 2986 696 3026 per
717 2985 830 3021 omnia
842 3010 853 3025 ,
861 2991 968 3033 prout
993 2985 1033 3019 in
1051 2984 1169 3022 eadem
1185 2979 1388 3032 praeinserta
1401 2980 1580 3029 sententia
1601 2980 1800 3017 continetur
1812 3006 1821 3016 .
1845 2977 1933 3018 Non
1951 2982 2189 3028 permittentes
2201 2981 2326 3030 eosdem
2337 2980 2453 3019 Reve·

304 3027 433 3067 rendos
457 3027 585 3065 Patres
600 3024 764 3077 Instantes
778 3045 792 3074 ς
808 3032 852 3074 &⁶
872 3030 1058 3080 quemlibet
1081 3043 1198 3070 eorum
1220 3041 1342 3070 eontra
1357 3029 1533 3078 formam,
1558 3028 1602 3071 ὰ
1620 3037 1771 3064 tenorem
1797 3027 1891 3065 diffiae
1907 3029 2115 3077 praeinsertae
2129 3029 2342 3077 sententiaa
2370 3040 2453 3079 quo·

306 3089 410 3128 quam
433 3075 681 3126 quomodolibet
697 3078 852 3118 indebite
872 3080 1039 3131 molestari
1051 3104 1064 3124 ‚
1074 3081 1281 3129 perturbari
1296 3105 1309 3125 ‚
1316 3079 1380 3128 stu
1393 3077 1554 3127 impediri
1568 3076 1639 3125 sub
1653 3077 1775 3124 quovis
1790 3086 1962 3126 praetextu
1977 3100 1990 3120 ,
2011 3078 2112 3126 causa
2122 3101 2136 3122 ,
2147 3080 2260 3127 capite
2270 3103 2279 3119 ,
2294 3078 2448 3126 ingenio,

303 3124 364 3164 vel
409 3124 517 3174 uaefito
529 3124 639 3163 colore
650 3151 660 3163 .
688 3127 861 3176 Alioquin
876 3139 1000 3166 contra
1021 3129 1275 3172 inobedientes,
1293 3129 1337 3171 ὼ·
1356 3125 1521 3176 pramiffis
1539 3137 1606 3161 non
1617 3133 1777 3172 parentes
1791 3125 1837 3162 ad
1850 3125 2129 3175 supradifiarum
2139 3134 2315 3174 panarum
2326 3127 2451 3162 incur·

295 3175 360 3225 sus
372 3138 637 3212 Jeclarationem
648 3201 663 3221 ,
685 3178 729 3220 ὰ
741 3176 963 3214 omnimodam
982 3189 1042 3215 exe
1065 3178 1243 3215 uutionem
1261 3177 1477 3226 procedemus
1489 3198 1502 3219 ‚
1512 3174 1553 3223 ju
1580 3175 1647 3210 itia
1659 3172 1845 3219 mediante,
1859 3174 2046 3211 contrariis
2068 3186 2136 3210 non
2152 3174 2356 3225 obstantibus
2369 3175 2450 3223 quio

302 3224 507 3274 buscumque
525 3249 534 3258 .
556 3223 599 3259 ln
611 3236 756 3280 quorum
779 3226 953 3269 omnium,
974 3225 1019 3267 ὁ·
1042 3225 1236 3273 ingulorum
1253 3225 1359 3274 fidem
1385 3224 1446 3261 bas
1462 3232 1535 3272 prae
1549 3232 1642 3259 entes
1658 3221 1745 3270 sieri
1758 3249 1768 3265 ,
1791 3224 1834 3265 62·
1854 3231 1916 3271 per
1929 3223 2026 3270 infra
2040 3224 2189 3271 criptum
2213 3234 2254 3259 no
2299 3233 2380 3267 um,
2404 3224 2449 3266 ὁ·

304 3273 458 3312 Camere
471 3269 669 3322 Apostolum
691 3273 887 3313 Notarium
909 3273 1078 3323 subscribi
1092 3273 1291 3359 ‚ligillique
1316 3272 1421 3323 nostri
1434 3297 1447 3316 .
1469 3284 1535 3321 quo
1561 3273 1601 3306 in
1626 3270 1757 3307 talibus
1778 3273 1912 3309 utimur
1927 3296 1940 3315 ‚
1973 3270 2004 3307 'u
2027 3283 2136 3315 smus,
2157 3272 2201 3313 ὁ·
2259 3272 2365 3312 cimus
2385 3272 2451 3308 im.

298 3321 459 3372 preffione
482 3321 638 3357 muniri.
662 3322 795 3360 Datum
817 3321 933 3360 Romae
951 3333 993 3360 ex
1014 3322 1106 3361 AEdi
1128 3335 1170 3360 us
1185 3322 1304 3374 nostris
1328 3321 1392 3358 bac
1405 3322 1462 3358 die
1488 3316 1603 3357 XXV
1601 3318 1663 3357 111.
1679 3317 1842 3359 Martii
1868 3320 1915 3358 M
1951 3284 1986 3358 ἑ
2016 3317 2135 3357 XVII.
2150 3318 2334 3360 ludifiioue
2347 3321 2451 3368 quin-

304 3379 343 3408 ta
357 3395 367 3406 .
391 3367 622 3457 Ρῖἷιὶᾒεαηρ
644 3370 808 3456 δόαηΕΞΙῙῙε.
833 3371 874 3406 in
901 3370 1034 3421 Christo
1047 3371 1195 3417 Patris,
1216 3372 1260 3415 ὁ·
1284 3371 1429 3410 Domini
1451 3367 1575 3421 Nostri
1599 3369 1649 3408 D.
1660 3366 1860 3410 Alexandri
1884 3368 2011 3408 diviua
2031 3366 2256 3419 providentia
2277 3367 2379 3419 Papae
2390 3370 2450 3410 Se·

299 3418 407 3470 ptimi
471 3428 540 3455 nno
566 3429 641 3468 ejus
691 3431 733 3458 uo
758 3420 860 3457 ecimo
880 3447 887 3455 .

419 3518 465 3562 Β.
494 3518 785 3565 Bonaccurfius
820 3517 942 3564 Thes.
968 3532 1112 3579 gener.

1795 3613 1997 3665 franciscus
2021 3613 2257 3654 Autamorus.

599 3722 698 3759 Loco
722 3724 755 3761 εἰ·
780 3717 885 3766 figim
899 3744 908 3755 .

408 3859 502 3899 Tom-
513 3862 560 3902 11.
1552 3862 1584 3900 Α
1611 3873 1630 3898 2
2312 3862 2405 3897 Dum
