2762 4108
0 3726 5 3737 w
0 3405 13 3716 *⁷*-w·;swwr=‹·-.⁷-rv·;m·vm
0 3371 5 3392 ψ
0 3332 7 3353 :-
0 3280 6 3321 ιιι-Ὗ
0 3198 6 3222 n<
0 3166 3 3168 v
3 3131 5 3134 .

1061 202 1125 287 L
1144 231 1183 286 o
1199 228 1276 287 m
1300 201 1351 287 b
1373 228 1428 290 α
1444 231 1484 287 ν
1499 202 1660 290 diae
1677 270 1690 284 .

340 375 631 447 Alphonsum
642 377 712 426 11.
727 372 940 433 Mutinae,
954 376 1092 444 Regii
1112 377 1271 444 Lepidi
1284 377 1378 429 ἃς.

406 454 594 503 Ducem
608 441 815 511 suscepto
830 443 1027 498 Ordinis
1040 443 1220 501 Habitu
1240 482 1259 504 „
1293 450 1375 498 im·

406 513 604 570 mediate
627 512 686 567 ad
712 528 933 566 votorum
962 512 1237 565 solemnium
1261 519 1373 571 Pro-

405 585 642 639 feffionem
662 582 844 635 admitti
863 619 880 644 ,
908 588 960 637 P.
974 586 1251 642 Provinciali
1269 588 1371 654 Ty·

405 653 571 709 tolensi
603 655 863 707 committit
883 690 898 706 .

322 806 741 895 'URBARNU
771 817 803 866 s
889 815 1109 869 PAPA
1170 817 1366 866 v111.

534 988 605 1034 Aa
614 984 808 1047 suturam
828 988 889 1030 rei
913 988 1161 1030 memorum.

450 1143 627 1185 Omanus
644 1138 832 1187 Pontifex
846 1167 861 1190 ,
890 1140 988 1182 licut
1002 1139 1054 1182 ad
1072 1139 1242 1184 univerfi
1258 1141 1363 1183 Gre-

478 1201 537 1256 gis
554 1198 771 1251 Dominici‚
783 1211 888 1242 cure
908 1196 1186 1242 fiiaedivinitus
1213 1199 1362 1241 crediti

328 1259 499 1303 salutem
525 1257 678 1316 jugiter
691 1257 876 1313 invigilat
898 1285 913 1307 ‚
942 1257 998 1301 ita
1011 1257 1105 1300 illos
1132 1257 1359 1314 peculiari,

326 1330 376 1361 ac
389 1317 781 1374 pracipuopatern'ae
793 1315 1005 1361 charitatis
1018 1315 1163 1361 affeetu
1177 1316 1358 1372 comple·

324 1375 479 1427 astur,
510 1375 580 1431 qui
601 1373 723 1420 obliti
738 1374 937 1430 Populum
959 1375 1068 1418 suum
1085 1404 1100 1428 ,
1130 1370 1355 1418 &domum

323 1434 458 1479 Patris
483 1434 539 1477 liti
556 1462 571 1486 ‚
604 1431 832 1491 semetipsos
866 1434 1146 1488 abnegarunt,
1178 1436 1354 1478 charita-

326 1503 495 1551 temque
520 1491 717 1536 sectantes
732 1520 747 1544 ,
778 1492 821 1534 δι
843 1490 1058 1549 spiritualia
1083 1492 1315 1538 aemulantes
1341 1521 1356 1545 ,

324 1550 398 1595 sub
427 1551 606 1607 regulari
637 1550 817 1594 arctioris
846 1552 934 1596 vitae
965 1549 1177 1609 disciplina
1216 1552 1356 1596 Divini

322 1610 513 1654 Numinis
538 1606 739 1666 obsequiis
771 1608 809 1653 se
835 1607 1114 1666 mancipfirunt
1137 1639 1152 1663 ,
1193 1622 1241 1656 ut
1265 1611 1356 1655 red.

322 1670 423 1713 dant
441 1667 644 1714 Altiffimo
658 1677 754 1711 vota
772 1668 890 1712 suain
904 1668 1140 1721 sanctitate,
1155 1669 1352 1726 &justitia

323 1741 463 1772 coram
478 1725 560 1786 ipso
572 1755 584 1767 .
599 1729 706 1769 Cum
726 1725 864 1782 itaque
879 1756 892 1778 ,
925 1727 1023 1770 ficut
1040 1727 1210 1771 dilectus
1230 1730 1356 1772 Filius

322 1786 488 1831 Nobilis
512 1786 588 1830 Vir
612 1782 840 1842 Alphonlits
858 1784 1027 1830 Estensis
1042 1813 1058 1838 ,
1073 1789 1246 1831 Mutina}
1261 1791 1356 1831 Dux

319 1846 454 1890 Nobis
491 1859 620 1901 nuper
642 1845 790 1900 exponi
822 1843 923 1888 fecit
947 1875 964 1898 ,
990 1844 1073 1902 ipse
1098 1845 1152 1888 ob
1178 1847 1354 1890 melioris

320 1905 416 1947 vitae
443 1903 600 1960 frugem
627 1929 643 1954 ‚
671 1903 870 1947 Habitum
886 1917 960 1960 per
992 1906 1166 1947 fratres·
1186 1905 1354 1949 Ordinis

320 1963 525 2007 Minor-um
550 1965 590 2006 S.
605 1960 806 2007 Francisci
823 1962 1125 2020 Capucinorum
1149 1979 1352 2019 nuncupa-

318 2031 455 2066 torum
478 2019 625 2077 gestari
650 2019 810 2064 solitum
836 2021 1064 2079 suscipere,
1088 2024 1128 2065 &
1145 2022 1351 2081 proseflio·

315 2093 512 2183 2¹33:ss
526 2078 1353 2196 53532‘220222205325353'321333,ssss

314 2198 451 2243 Priori
474 2196 722 2241 Provinciali
740 2198 959 2243 Provincia:
973 2201 1193 2242 Bononien.
1212 2228 1227 2251 ,
1243 2200 1345 2256 ejus·

317 2256 419 2300 dem
443 2257 608 2300 Ordinis
632 2256 744 2297 inter
773 2254 935 2299 eosdem
948 2259 1110 2299 Fratres
1128 2268 1319 2314 receptus
1334 2286 1349 2309 ,

318 2317 361 2357 Sc
375 2315 556 2358 admissus
571 2312 693 2355 fuerit
706 2339 719 2362 ‚
748 2316 836 2356 Nos
849 2343 864 2364 ,
885 2315 953 2371 qui
977 2318 1254 2371 receptionem
1268 2347 1284 2369 ,
1310 2319 1350 2359 8ι

318 2372 589 2417 admistionem
615 2369 800 2425 praeihtas
816 2375 843 2417 ὶ·
861 2372 1146 2417 Commiffario
1169 2373 1348 2429 ejuffiem

319 2431 486 2474 Ordinis
506 2433 543 2474 in
559 2430 676 2472 Italia
687 2430 884 2474 Generali
897 2434 1158 2488 approbatam
1169 2463 1184 2484 ,
1198 2434 1238 2477 δι
1250 2448 1346 2477 con-

320 2489 536 2539 firmatam,
552 2490 655 2531 viva>
668 2489 776 2532 vocis
797 2491 982 2533 Mraculo
1002 2492 1124 2535 etiam
1150 2494 1346 2549 approba·

315 2553 478 2600 vimus,
503 2548 542 2589 δε
566 2545 1121 2602 confirmavimus,laudabile
1145 2551 1245 2594 dieti·
1267 2553 1354 2595 Al:

313 2607 451 2666 phonsi
483 2607 612 2650 Ducis
634 2605 878 2649 defiderium
900 2608 1118 2663 plurimum
1145 2610 1183 2652 in
1202 2611 1344 2653 Domi-

312 2679 368 2711 no
395 2665 760 2716 commendantes,
794 2675 919 2722 utque
954 2665 1082 2719 dictu}
1113 2667 1343 2724 Alphonsus

317 2727 415 2767 Dux
441 2725 526 2766 voti
549 2722 603 2766 sui
627 2722 852 2780 hujusmodi
868 2726 1162 2782 quamprimum
1176 2741 1341 2782 compos

317 2782 387 2825 fiat
406 2810 420 2834 ,
451 2792 644 2839 quantum
670 2797 763 2826 cum
793 2784 971 2826 Domino
998 2783 1220 2838 possumus,
1247 2798 1342 2840 pro·

313 2835 475 2892 videre,
489 2838 694 2897 ipsumque
707 2839 960 2896 Alphonsum
976 2844 1130 2887 Ducem
1159 2843 1343 2899 speciali-

310 2900 384 2942 bus
411 2896 644 2950 favoribus,
673 2901 712 2941 &
739 2900 882 2953 gratiis
912 2899 1099 2957 prosequi
1129 2903 1343 2954 volentes,

314 2960 355 3000 δι
380 2955 621 3013 aquibusvis
634 2958 1092 3010 excommunicationis,
1126 2959 1340 3015 suspensio·

307 3019 400 3065 nis,
430 3018 468 3057 &
491 3013 729 3065 interdicti,
757 3015 921 3070 aliistjue
944 3017 1231 3061 Ecclefiamcis
1260 3020 1342 3060 sen-

311 3077 455 3118 tentiis
473 3102 486 3126 ,
501 3073 707 3125 censuris,
722 3074 763 3114 &
777 3074 909 3128 poenis
924 3072 945 3115 i
968 3074 1086 3130 jure,
1117 3075 1178 3119 vel
1203 3078 1252 3118 ab
1274 3077 1341 3119 lto-

308 3135 446 3182 mine,
475 3130 616 3189 quavis
645 3133 891 3183 occasione,
933 3133 997 3174 vel
1028 3132 1141 3177 causa
1167 3133 1288 3183 latis,
1313 3134 1337 3176 li

310 3193 452 3249 quibus
479 3190 791 3247 quomodolibet
819 3190 1031 3233 innodatus
1063 3192 1215 3234 exstitit
1238 3220 1253 3243 ,
1290 3187 1338 3236 a‘d

306 3251 491 3295 effefium
508 3249 758 3306 praesentium
771 3248 797 3290 d
803 3251 1310 3306 antam—consequendum
1324 3281 1339 3302 ,

305 3311 448 3353 harum
472 3305 574 3351 serie
602 3308 855 3351 absolventes
873 3336 886 3358 ,
908 3309 946 3349 &
970 3307 1193 3353 absolutum
1217 3308 1340 3354 forea

305 3368 547 3415 censentes,
574 3366 932 3423 supplicationibus
953 3363 1131 3421 ciusdem
1147 3366 1338 3423 Alpbonli

305 3427 436 3472 Ducis
466 3427 626 3469 nomine
641 3427 770 3468 Nobis
795 3424 910 3479 super
932 3424 1009 3465 hoc
1025 3426 1233 3469 humiliter
1248 3439 1341 3483 por-

302 3486 420 3529 reetis
447 3483 820 3535 inclinatndneeto
835 3482 1173 3537 Piliomoderrm,
1201 3486 1242 3526 δι
1270 3498 1342 3539 pro

304 3556 494 3598 tempore
521 3542 705 3586 existenti
734 3543 952 3586 Provinciae
976 3541 1128 3585 Tirolis
1159 3541 1245 3598 ejus
1259 3545 1341 3585 Or-

304 3603 410 3646 dinis
428 3602 555 3645 Priori
573 3602 828 3646 Provinciali
836 3616 910 3658 per
925 3603 1132 3655 praelentes
1150 3603 1337 3643 commit-

304 3663 454 3709 timus,
483 3661 524 3702 δι
556 3661 816 3710 mandamus,
846 3670 893 3703 ut
922 3660 960 3700 in
991 3658 1271 3715 receptionis,
1297 3661 1336 3701 ἃ

307 3718 549 3763 admistionis
578 3717 829 3775 proesatatum
858 3718 1141 3761 executionem
1171 3732 1241 3772 per
1268 3716 1305 3760 se
1326 3747 1340 3768 ,

306 3777 370 3821 vel
396 3790 470 3834 per
496 3777 624 3821 alium
650 3777 829 3837 ejusdem
858 3778 1023 3821 Ordinis
1042 3774 1339 3822 Profefforem„

421 3838 523 3879 Tm.
544 3839 594 3879 11.

1412 347 1417 352 -
1441 322 1640 362 Habitum
1675 316 1881 376 prefatum
1922 319 2054 363 eidem
2087 323 2296 379 Alphonso
2327 246 2430 368 Dii
2459 357 2474 380 ‚

1437 377 1889 434 quandocunqueillum
1904 376 2101 433 suscipere
2116 382 2294 425 voluerit
2313 412 2327 435 ‚
2358 386 2473 427 exbi-

1438 436 1563 487 beat,
1583 436 1843 492 eundemque
1855 435 2107 492 Alphonsum
2125 442 2282 489 Ducem
2302 442 2353 485 ad
2373 443 2472 485 Pro·

1434 492 1639 546 fessionis,
1668 495 1794 536 etiam
1821 495 1864 537 in
1890 493 2148 547 continenti,
2178 500 2218 540 ἀ
2237 513 2317 542 non
2343 514 2470 557 expe..

1430 555 1542 596 (tato
1565 553 1807 596 Novitiatua
1822 579 1837 604 ,
1863 549 1931 595 seu
1945 553 2191 607 probationis
2208 571 2308 600 anno
2320 587 2333 608 ‚
2349 559 2471 601 emis-

1429 609 1577 653 fionem
1605 637 1621 661 ,
1651 610 1676 652 fi
1707 610 1819 653 illam
1849 609 1976 653 dietus
2005 610 2239 667 Alphonsus
2267 617 2358 657 Dux
2381 643 2395 664 ‚
2423 629 2469 661 ut

1411 694 1414 699 -
1429 663 1647 726 prefertur
1661 696 1676 720 ,
1700 669 1898 711 emittere
1913 667 2099 711 fimiliter
2112 670 2289 715 voluerit
2304 701 2320 723 ,
2332 678 2470 717 aueto-

1414 726 1557 770 <ritate
1583 725 1716 770 nostra
1742 726 1932 769 admittat
1958 755 1971 768 .
2003 730 2091 771 Nos
2119 730 2227 773 enim
2254 731 2466 785 Alphonso

1429 785 1566 836 Duci,
1595 794 1641 826 ut
1664 786 1703 827 in
1728 786 1908 828 manibus
1922 787 2076 829 Prioris
2091 788 2358 830 Ptovincialis
2373 804 2465 844 prae.

1415 842 1499 887 'fati
1517 873 1529 895 ,
1560 842 1626 885 seu
1652 843 1823 886 alterius
1849 844 1943 887 dieti
1956 844 2128 889 Ordinis
2143 845 2372 889 professoris
2389 850 2465 890 hu·-

1417 901 1596 961 ·jusmodi
1614 899 2085 958 profeffionemeandem
2098 933 2115 955 ‚
2130 905 2463 961 quandocunque

1424 961 1487 1004 illi
1512 961 1743 1021 placuerit,
1767 963 1890 1004 etiam
1907 961 1944 1003 in
1971 962 2206 1017 continenti
2226 963 2316 1019 post'
2334 966 2463 1007 Habi-

1426 1032 1492 1064 tus
1519 1017 1672 1077 praesati
1699 1020 2020 1075 susceptionem,
2042 1021 2176 1066 etiam
2199 1036 2305 1065 anno
2328 1024 2459 1067 Novi-

1423 1081 1555 1123 ciatus
1572 1107 1587 1131 ,
1611 1078 1674 1123 seu
1692 1078 1945 1138 probationis
1960 1076 2182 1135 hujufinodi
2195 1081 2238 1123 in
2256 1089 2346 1123 toto
2361 1110 2374 1134 ,
2390 1082 2458 1124 vel

1425 1138 1464 1181 in
1484 1148 1602 1194 parte
1629 1137 1795 1181 minimi:
1822 1137 1986 1195 elaplb,
2002 1138 2200 1182 emittere
2228 1139 2360 1182 libere
2375 1168 2390 1191 ,
2418 1142 2458 1182 &

1423 1198 1538 1244 licite
1556 1196 1672 1255 poffit
1688 1226 1703 1250 ,
1727 1198 1768 1238 &
1791 1197 1922 1245 valeat
1935 1227 1948 1249 ,
1973 1197 2202 1253 Apostolica
2220 1200 2456 1242 Austorita-

1423 1266 1466 1300 te
1478 1285 1493 1308 ,
1523 1266 1670 1299 tenore
1685 1254 1942 1312 praesentium
1956 1254 2165 1302 licentiam
2180 1284 2193 1307 ‚
2224 1259 2265 1300 &
2281 1256 2457 1300 faculta-

1419 1324 1503 1357 tem
1523 1314 1788 1358 concedimus
1803 1345 1819 1366 ,
1842 1316 1882 1357 &
1903 1314 2179 1370 impartimur.
2215 1319 2454 1360 Decernen-

1417 1383 1479 1416 tes
1495 1371 1738 1424 facultatem
1754 1373 1995 1425 emittendi,
2026 1375 2065 1415 &
2079 1375 2302 1432 recipiendi
2321 1374 2453 1431 respe-

1413 1433 1520 1476 &ive
1547 1431 1834 1490 profeffionem
1860 1463 1875 1486 ‚
1908 1430 2122 1489 ipfiimque-
2138 1432 2421 1488 profeffionem
2435 1464 2453 1486 ,

1415 1492 1539 1535 etiam
1573 1506 1651 1534 non
1682 1495 1898 1548 expessato
1916 1490 2184 1543 Noviciatfis,
2210 1492 2278 1535 seu
2306 1494 2453 1548 proba-

1416 1550 1538 1593 tionis
1555 1564 1660 1594 anno
1674 1550 1958 1600 emittendam,
1971 1550 2178 1606 postquam
2195 1580 2209 1602 ,
2224 1563 2270 1594 ut
2286 1550 2448 1606 praefe'r-

1415 1620 1481 1652 tut
1497 1608 1646 1657 emilia,
1661 1610 1814 1652 etiamsi
1830 1609 1895 1651 vel
1909 1608 1961 1650 de
1975 1609 2183 1660 consensu,
2198 1611 2364 1651 confilio
2377 1639 2389 1661 ,
2409 1611 2446 1651 &

1418 1679 1517 1712 voto
1533 1671 1719 1712 Fratrum
1740 1668 1847 1710 illius
1865 1696 1879 1719 ,
1911 1668 1949 1710 in
1974 1683 2051 1722 qua
2068 1668 2243 1711 eundem
2260 1669 2448 1724 Alphon·

1420 1726 1504 1771 sum
1523 1731 1679 1770 Ducem
1693 1728 1887 1768 Habitum
1904 1724 2111 1782 praefatum
2125 1727 2324 1784 suscipere
2340 1754 2354 1779 ,
2381 1725 2449 1768 seu

1418 1786 1589 1843 cujusvis
1616 1786 1786 1828 alterius
1813 1785 1909 1827 difti
1934 1786 2102 1829 Ordinis
2128 1787 2451 1842 Regularis'Do·

1415 1860 1501 1888 mus
1515 1875 1529 1896 ,
1557 1845 1594 1887 in
1610 1859 1688 1900 qua
1709 1845 1832 1901 ipsum
1849 1843 2068 1900 Alponsum
2084 1847 2240 1887 Ducem
2254 1860 2329 1902 pro
2344 1840 2451 1885 tem'-

1413 1903 1607 1961 pore-else
1619 1905 1865 1959 contigerit,
1880 1904 2014 1946 emiffa
2032 1917 2113 1946 non
2129 1902 2252 1946 fuerit
2266 1934 2282 1956 ,
2298 1903 2450 1946 nihilo-

1411 1963 1543 2005 mnius
1557 1961 1731 2005 validam
1741 1991 1756 2013 ‚
1770 1961 1924 2004 firmam
1939 1991 1953 2013 ,
1966 1964 2009 2004 &2
2020 1961 2229 2005 efficacem
2244 1962 2417 2005 existere
2429 1990 2445 2013 ,

1411 2022 1448 2063 &
1464 2018 1570 2072 sore,
1582 2020 1769 2077 distoque
1785 2021 1995 2077 Alphonso
2011 2022 2115 2064 Duci
2131 2020 2350 2077 pleniffime
2366 2015 2446 2061 suf-

1412 2078 1559 2135 sragari
1584 2079 1623 2120 in
1649 2079 1863 2130 omnibus,
1889 2080 1926 2120 δι
1959 2093 2030 2135 per
2051 2081 2185 2121 omnia
2205 2108 2219 2130 ,
2245 2079 2443 2134 perinde,

1412 2152 1459 2182 ac
1486 2138 1508 2179 li
1540 2134 1727 2193 profeffio
1756 2136 1855 2179 faeta
1880 2137 1992 2194 juta
2020 2138 2219 2191 regularia
2242 2139 2336 2180 dieti
2359 2139 2442 2179 Or-

1410 2197 1520 2239 dinis
1546 2196 1717 2247 statuta,
1752 2195 1982 2251 Apostolica
2010 2195 2264 2239 Aufloiitate
2293 2193 2442 2238 confir-

1412 2266 1521 2298 mata
1537 2285 1552 2306 ,
1583 2269 1627 2297 ac
1654 2253 1822 2297 servatis
1847 2254 1933 2297 aliis
1959 2252 2201 2308 servandis,
2224 2253 2354 2299 emiffa
2370 2268 2438 2306 ,ac

1411 2324 1579 2369 recepta
1596 2341 1610 2364 ,
1631 2317 1669 2356 &
1681 2313 1840 2357 admissa
1855 2311 2077 2370 respective
2091 2310 2218 2355 fuiffet
2234 2341 2250 2365 ,
2280 2312 2414 2368 licque
2426 2341 2440 2364 ,

1410 2375 1450 2415 &
1482 2385 1562 2414 non
1577 2371 1699 2415 aliter
1724 2386 1797 2430 per
1821 2368 2291 2428 quoscunque‘Judicea‚
2309 2372 2439 2414 Ordi·
2501 2408 2510 2424 ,

1407 2431 1541 2475 narius
1558 2459 1572 2482 ,
1589 2431 1631 2472 δι
1643 2432 1895 2486 Delegatos,
1919 2432 2044 2473 etiam
2058 2428 2278 2473 Causarum
2294 2430 2438 2473 Palatii

1407 2494 1440 2535 A
1448 2489 1628 2547 postolici
1644 2490 2039 2545 Auditores,ubique
2056 2489 2226 2546 judicari
2243 2518 2257 2541 ,
2277 2490 2317 2530 δι
2332 2487 2439 2531 diffi-

1406 2549 1482 2593 niri
1496 2549 1680 2601 debere,
1698 2549 2128 2603 acirritum‚&inane
2154 2577 2172 2600 ,
2198 2549 2226 2589 fi
2251 2547 2361 2590 secus
2375 2547 2437 2589 su·

1403 2622 1478 2666 per
1493 2605 1581 2650 bisa
1596 2607 1894 2664 quovis2qu5vis
1908 2607 2145 2648 auctoritate
2159 2604 2333 2647 scienter
2344 2634 2357 2655 ‚
2373 2604 2436 2648 vel

1401 2669 1640 2723 ignoranter
1664 2665 1884 2720 contigerit
1905 2665 2123 2706 attentari.
2156 2665 2434 2707 Nonobstan-

1402 2727 1507 2766 tibus
1539 2724 1772 2779 Apollolicis
1791 2750 1805 2771 ‚
1830 2723 1871 2763 δι
1895 2720 2188 2763 univerlalibus
2211 2749 2225 2771 ,
2261 2722 2433 2763 Provin-

1401 2782 1588 2832 cialibus,
1604 2796 1651 2824 ac
1669 2781 1939 2835 synodalibus
1948 2779 2167 2829 conciliis,
2182 2778 2332 2821 Ediflis
2347 2781 2434 2821 Ge-

1404 2839 1608 2883 neralibus
1623 2869 1637 2891 ,
1662 2838 1728 2881 vel
1744 2838 1981 2895 specialibus
1992 2837 2340 2881 constitutionibus
2356 2865 2369 2887 ,
2393 2838 2431 2878 δι

1403 2897 1736 2945 Ordinationibus
1753 2925 1768 2947 ‚
1782 2911 1828 2939 ac
1843 2897 1939 2938 diffi
1965 2895 2128 2938 Ordinis
2146 2925 2160 2947 ,
2186 2896 2226 2936 &
2246 2910 2431 2951 quarum-

1403 2970 1565 3011 cunque
1594 2957 1702 2999 illius
1730 2957 1955 2997 Domorum
1982 2954 2248 3009 Regularium
2263 2983 2279 3004 ,
2305 2956 2428 2995 etiam

1403 3016 1629 3073 juramento
1647 3045 1660 3066 ,
1694 3012 2016 3057 Confirmatione
2047 3012 2276 3067 Apostolica
2299 3037 2314 3059 ,
2359 3013 2425 3054 vel

1401 3075 1539 3131 quavis
1582 3072 1774 3116 firmitate
1819 3071 1895 3114 alia
1936 3071 2137 3113 roboratis
2171 3070 2326 3112 statutis
2342 3098 2358 3119 ,
2387 3072 2427 3112 &

1400 3131 1757 3175 consuetudinibus
1774 3159 1793 3180 ,
1805 3130 2028 3185 privilegiis
2046 3142 2208 3185 quoque
2227 3127 2394 3170 indultis
2408 3155 2423 3178 ,

1399 3192 1440 3232 δι
1455 3192 1601 3234 biteris
1617 3188 1872 3246 Apostolicis,
1881 3188 2014 3231 eidem
2031 3186 2427 3241 Ordini,illiulqne.,

1401 3246 2113 3305 Domibuth-gularibus,earumque
2129 3244 2426 3300 Superioribus,

1401 3309 1442 3352 δε
1466 3309 1672 3365 perlbnis,
1700 3305 2094 3363 sub-quibuscunque
2121 3303 2358 3354 tenoribus,
2383 3305 2423 3345 δι

1402 3365 1571 3418 formis,
1598 3381 1643 3409 ac
1664 3379 1755 3406 cum
1768 3364 1968 3419 quibusvis
1990 3362 2172 3405 clausulis
2188 3388 2202 3412 ,
2224 3359 2425 3404 &decre-

1402 3426 1455 3468 tis
1467 3426 1763 3468 incontrarium
1778 3422 2083 3479 quomodolibet
2100 3418 2311 3470 concensus,
2326 3434 2421 3463 com

1402 3483 1567 3526 firmatis
1583 3514 1598 3535 ,
1614 3483 1862 3524 &innovatis
1877 3509 1891 3531 ‚
1905 3481 2048 3536 quibus
2065 3478 2249 3520 omnibus
2262 3505 2277 3527 ‚
2291 3480 2331 3521 δι
2346 3479 2422 3521 fin-

1401 3541 1505 3598 gulis
1521 3569 1535 3590 ,
1549 3554 1691 3584 eorum
1706 3549 1869 3582 tenores
1885 3538 2140 3594 praesentibus
2166 3550 2241 3591 pro
2257 3537 2423 3593 expres-

1398 3601 1444 3643 fis
1461 3601 1654 3642 habentes
1669 3600 1772 3651 ,illis
1798 3598 1896 3640 aliis
1915 3598 1953 3639 in
1975 3596 2044 3638 suo
2069 3596 2215 3638 robore
2241 3610 2422 3652 perman-

1397 3658 1494 3702 suris
1516 3686 1530 3708 ,
1563 3659 1637 3700 hac
1669 3658 1757 3700 vice
1778 3657 1975 3699 duntaxat
2003 3653 2257 3711 specialiter,
2285 3657 2328 3698 δι
2347 3668 2423 3697 ex-

1397 3717 1530 3774 presse
1556 3715 1820 3771 derogamus,
1849 3711 2079 3770 exterisque
2097 3714 2308 3757 contrariis
2329 3714 2412 3769 qui-

1396 3776 1628 3834 quscunque
1643 3802 1655 3815 .
1691 3778 1843 3873 Datuxln
1860 3776 1997 3822 Romae
2010 3773 2116 3831 apud
2128 3776 2312 3819 sanctam
2331 3775 2419 3815 Ma-

1758 3835 1790 3877 L
2270 3832 2371 3875 riam
