2762 4088
380 243 558 335 xliv.
833 271 839 277 ’
889 244 968 331 Ε
1016 242 1087 328 L
1156 245 1230 330 Ε
1285 242 1388 329 Ν

1440 241 1515 330 C
1561 244 1680 333 H
1711 217 1791 333 v
1822 238 1938 326 s,

325 364 368 409 ni
383 365 660 431 quantitate,
695 356 754 408 ad
786 364 980 412 totalem
1019 359 1152 410 dietae
1186 363 1368 409 Domus
1431 362 1556 430 prius
1572 379 1652 429 per
1671 366 1816 414 Breve
1832 364 2382 430 adperpetuammem‘oriaem
2409 369 2484 413 ex}

326 436 554 484 ambitum
571 425 842 492 necessaria,
867 430 1372 506 permutariconcedit.
1438 431 1648 500 peditum
1681 433 1740 483 ad
1782 433 2055 485 Sacerdotes
2089 434 2310 494 Ordinis,
2347 432 2484 485 &ad

326 502 442 554 Idem
458 540 474 563 ,
508 522 597 553 cum
616 516 714 551 nota
733 537 745 551 .

411 578 616 628 Decreto
649 575 696 622 S.
724 572 1114 644 congregationis
1142 571 1377 632 Rituum‚

330 649 544 697 Statuam
564 648 625 694 D.
647 647 839 695 Antonii
873 644 1086 697 Patavini
1111 645 1156 693 in
1176 647 1377 715 Capuci-

329 735 498 767 norum
536 714 719 770 Habitu
754 714 1142 785 proceffionaliter
1177 716 1222 766 in
1257 719 1373 769 Ter-

311 806 383 841 Vra
459 786 747 841 Montecchii
818 784 986 839 deferri
1043 783 1164 856 posse
1233 784 1372 839 sanci-

330 874 406 911 tur
424 895 436 908 .
1257 875 1371 922 203.

322 979 324 981 .
399 932 514 980 Non
542 929 748 980 obstante
778 924 1075 979 Testamento
1105 924 1320 987 Mafino,
1349 931 1373 979 a

331 1003 681 1063 Communitate
701 1000 791 1051 loci
806 1000 987 1048 Montis
999 997 1152 1049 Sansti
1164 1035 1179 1058 ,
1209 1002 1375 1051 Fratri-

318 1072 412 1124 bus
433 1088 516 1140 pro
546 1071 717 1122 fabrica
736 1087 866 1120 novae
885 1066 1067 1119 Domus
1083 1070 1190 1119 οέὶο
1209 1087 1377 1139 coppas

325 1143 495 1205 terreni
512 1140 770 1199 concedi,&
783 1154 966 1191 econtra
983 1139 1181 1190 totidem
1197 1139 1251 1190 de
1263 1144 1378 1192 anti·

322 1231 430 1282 quae
445 1211 623 1268 Domfis
641 1211 727 1263 fitu
742 1212 1084 1263 Communitati
1100 1211 1125 1258 a
1140 1211 1377 1262 Fratribus

330 1283 542 1353 affignari
576 1284 784 1354 indulget
802 1318 815 1331 .
848 1283 1094 1332 Alexander
1116 1285 1232 1333 V11.
1285 1283 1350 1332 ibt·
1364 1320 1375 1332 .

402 1355 723 1422 Chirographo
752 1354 902 1420 Papali
934 1369 1018 1420 pro
1051 1369 1177 1402 novo
1195 1353 1376 1408 Domfis

332 1422 603 1478 Pisaurenfis
637 1422 831 1476 aedificio
851 1423 1014 1492 aliquae
1030 1424 1168 1477 AEdes
1184 1459 1200 1482 ,
1226 1423 1274 1476 δι
1289 1440 1378 1477 ter·

331 1513 390 1546 rae
411 1495 609 1563 petia‚ad
631 1493 945 1562 Apostolicam
970 1496 1221 1546 Cameram
1241 1499 1379 1565 perti·

331 1568 483 1617 nentia
517 1564 598 1617 sub
634 1565 896 1617 conditione
941 1566 1283 1625 conceduntur,
1331 1582 1382 1619 ut

331 1641 511 1689 Fratres
545 1636 773 1687 mediante
816 1638 1117 1688 Procuratore
1147 1639 1380 1688 annuatim

326 1711 379 1774 ⁴in
411 1708 536 1760 dicia
568 1713 802 1765 Camera,
841 1708 887 1757 in
917 1709 1108 1779 vigilia,
1141 1712 1214 1758 vel
1247 1707 1380 1762 Festo

336 1779 612 1832 Sanctorum
633 1777 968 1848 Apostolorum
990 1780 1138 1841 Petri,
1157 1779 1205 1833 ὅ(
1223 1782 1383 1839 Pauli,

335 1866 632 1921 compareant
646 1887 661 1909 ,
682 1849 730 1902 ὅ(
747 1851 789 1899 in
806 1850 1165 1919 recognitionem
1188 1848 1380 1919 Aposto-

335 1921 437 1970 licae
474 1920 770 1973 concesfionis
815 1919 1160 1974 Sancliffimum
1192 1926 1380 1972 Nomen

326 1990 464 2064 Jesus
483 1995 700 2042 invocent
721 2028 732 2042 .
765 2010 853 2040 cum
865 2007 962 2040 nota
978 2027 991 2043 .
1261 2011 1378 2056 204.

407 2064 624 2115 Gratiam
663 2060 913 2113 concessam
941 2099 958 2122 ,
1011 2079 1101 2112 non
1143 2063 1380 2115 obstante-2

337 2133 454 2185 RR·
478 2136 776 2188 Clericorum
810 2134 1117 2205 Regularium
1138 2139 1378 2187 Minorum

330 2206 553 2263 ¹&Caroli
568 2218 942 2273 nuncupatorum
957 2205 1262 2274 oppositione,
1281 2219 1380 2257 exe-

336 2277 512 2329 cutioni
532 2275 631 2329 dari
639 2275 852 2340 jubetur.
893 2294 979 2324 cum
993 2293 1115 2328 nota.
1261 2290 1378 2330 206.

334 2407 337 2409 ‚
408 2347 734 2417 Chirographo
771 2349 905 2397 tertio
937 2349 1087 2421 gratia
1121 2350 1242 2398 circa
1283 2355 1380 2403 Do-

335 2436 473 2472 mum
507 2415 818 2472 Pisaurensem
841 2422 938 2483 jam
974 2419 1082 2470 alias
1109 2419 1260 2479 facta,
1296 2441 1388 2471 am·

337 2491 508 2562 pliatur
527 2523 539 2540 .
1268 2495 1387 2543 208.

408 2561 700 2612 Provinciam
718 2558 778 2608 ob
797 2556 1196 2617 suamvastitatem
1210 2562 1256 2611 in
1275 2563 1387 2612 duas

339 2631 488 2684 dividi
501 2629 737 2683 concedit.
780 2629 1046 2683 Innocentius
1078 2636 1176 2687 XI.⁷
1216 2652 1303 2683 cum
1318 2654 1389 2682 no-

339 2718 411 2767 ra.
883 2697 890 2707 i
1297 2705 1360 2756 ibi
1375 2743 1386 2757 .

412 2770 615 2839 Epistola
647 2774 793 2824 Sacrae
810 2775 1200 2845 Congregationis
1219 2779 1389 2827 Conci·

341 2845 424 2902 lii,
443 2842 660 2895 Cadaver
691 2843 894 2896 Personae
909 2847 1145 2899 Saecularis
1161 2879 1176 2905 ,
1196 2882 1198 2887 .
1220 2848 1316 2912 quae'
1343 2850 1390 2898 in

337 2913 490 2968 nostra
510 2911 708 2965 Ecclefia
753 2915 1137 2986 Pori-Sempronii
1181 2920 1394 2986 Sepultu-

339 3005 440 3037 ram
457 2988 660 3055 elegerat
677 3021 692 3044 ,
725 2985 782 3036 ad
800 2987 913 3034 hanc
928 3001 954 3044 ,⁴
973 2998 1066 3036 non‘
1081 2988 1107 3035 a
1127 2989 1360 3039 Fratribus
1380 3027 1395 3050 ,

339 3056 417 3110 sed
435 3058 461 3110 a
491 3057 582 3109 loci
600 3057 805 3109 Parocho
822 3057 1085 3109 ducendum
1105 3055 1189 3111 effe
1208 3096 1225 3119 ‚
1254 3058 1395 3113 sanci-

341 3144 418 3182 tur
439 3165 451 3179 ο
676 3151 677 3154 ’
1220 3163 1226 3182 ³
1264 3140 1394 3195 v209·

416 3204 617 3255 Decreto
646 3197 846 3264 ejusdem
868 3205 1018 3253 Sacrae
1052 3203 1394 3270 Congregatio·

341 3272 412 3333 nis
430 3272 631 3322 Concilii
648 3306 664 3329 ,
678 3274 1019 3323 revocationem
1031 3274 1182 3324 oneris
1194 3308 1210 3332 ,
1226 3277 1395 3326 Fratri·

344 3342 428 3394 bus
450 3343 604 3396 Sansti
626 3343 829 3395 Severini
858 3342 1231 3396 hebdomadatim
1247 3339 1395 3401 fercu-

343 3415 472 3474 lum,
508 3412 586 3466 seu
619 3416 884 3484 pietantiam
911 3429 1108 3483 quatuor
1131 3417 1394 3478 juliorum

346 3484 582 3554 praestandi
600 3522 616 3545 ,
638 3504 728 3537 non
745 3484 970 3537 subsistere
985 3485 1242 3538 declaratur
1255 3507 1300 3539 ,2
1314 3509 1332 3538 1
1345 3508 1392 3541 ο.

358 3599 359 3602 ,
419 3561 618 3612 Decreto
632 3552 829 3622 'ejusdem
845 3561 991 3608 Sacrae
1007 3561 1392 3628 Congregationis

351 3629 754 3683 Concilii,Fratres
765 3629 1004 3680 Tolentini
1020 3630 1247 3694 Qartam
1267 3628 1392 3682 fune-

350 3698 491 3755 ralem
514 3695 689 3748 solvere
707 3717 797 3748 non
814 3701 954 3748 teneri
974 3699 1227 3752 declaratur
1249 3740 1260 3752 .
1299 3703 1389 3752 ibi.

421 3768 724 3835 Privilegium
741 3772 918 3820 Altaris
937 3773 982 3820 in
1003 3773 1193 3839 Capella
1208 3773 1398 3824 Sanstis-

352 3831 453 3888 fimi
471 3837 695 3888 Crucifixi
715 3840 894 3891 Domus
925 3843 1143 3894 Civitatis
1160 3843 1366 3896 Fanensis
1377 3881 1394 3905 ,

1262 520 1375 553 202.

1443 520 1582 554 unam
1611 501 1770 554 feriam
1802 505 2094 566 hebdomade:
2112 503 2366 554 restrictum
2388 505 2485 562 ,vad

1438 572 1750 642 quoscumque
1784 576 2053 628 Sacerdotes
2089 574 2325 634 Ordinis,..
2346 573 2395 626 ὅ(
2428 575 2488 626 ad

1435 645 1548 695 duas
1569 643 1699 696 ferias
1713 645 1916 714 qualibet
1941 644 2232 700 hebdomada
2245 646 2450 696 extendit
2469 680 2483 697 .

1434 714 1698 768 Innocentius
1731 720 1858 771 ΧΠ.
2364 736 2389 785 ,²
2403 737 2422 766 1
2441 736 2480 767 1.

1467 798 1470 804 ’
1505 790 1774 839 Paramenta
1792 824 1807 847 ,
1836 786 2244 840 Ornamenta'ssoe.
2271 786 2483 840 Ecclefiae

1436 857 1710 910 Conventfis
1728 862 1882 911 Terrae
1898 861 2074 911 Montis
2090 860 2268 910 Avium
2285 860 2482 918 donata,

1436 943 1517 978 aut
1533 929 1771 989 donanda,
1800 947 1856 980 ex
1876 948 1926 980 ea
1945 931 2116 981 extrahi
2134 966 2151 989 ,
2181 945 2261 982 aut
2280 947 2485 980 commo-

1435 998 1532 1050 dari
1563 999 1642 1050 sub
1678 998 1875 1052 censuris
1898 1001 2136 1068 prohibet,
2173 1000 2223 1052 8(
2255 1003 2486 1071 exemplar

1439 1071 1760 1137 prohibitionis
1776 1070 2036 1139 hujusmodi
2067 1075 2112 1123 in
2150 1072 2297 1122 valvis
2329 1074 2488 1123 Eccle-

1439 1139 1539 1201 siae,
1570 1140 1911 1201 seu'Sacristiae,
1939 1141 2016 1193 seu
2047 1145 2093 1192 in
2119 1144 2211 1193 alio
2242 1140 2490 1211 conspicuo

1439 1213 1544 1261 loco
1565 1211 1756 1264 affixum
1780 1216 1925 1264 teneri
1948 1214 2107 1278 jubet.
2146 1212 2285 1265 Idem.
2396 1212 2485 1262 ibi.

1511 1283 1642 1333 Idem
1660 1287 1782 1335 'circa
1798 1281 1906 1348 vasa
1922 1299 2138 1355 argentea
2155 1283 2246 1337 &c-
2281 1285 2308 1333 ὲ
2336 1286 2487 1335 Maria

1439 1358 1574 1404 Anna
1590 1353 1918 1424 Hispaniarum
1950 1358 2128 1427 Regina
2151 1353 2249 1407 usui
2279 1353 2489 1407 Ecclefiae

1441 1423 1962 1483 Domfie‘Urbinate'nfis
1977 1427 2145 1478 donata
2162 1426 2377 1497 prohibet
2389 1461 2407 1485 ‚
2436 1425 2486 1477 δε

1439 1492 1675 1565 praecipl't'.
1695 1506 1702 1516 ³
1715 1496 1905 1548 Clemens
1923 1502 2018 1551 XI.
2370 1517 2428 1550 21
2440 1510 2486 1545 2.

1515 1571 1717 1617 Decreto
1733 1574 1882 1619 Sacrae
1908 1571 2298 1640 congregationis
2318 1570 2489 1619 Conci-

1442 1636 1491 1686 lii
1527 1637 1572 1685 in
1590 1635 1743 1688 Causa
1762 1643 1979 1697 Funeris,
2009 1639 2222 1691 Cadaver
2253 1638 2311 1689 ad
2334 1640 2491 1690 Eccle-

1444 1704 1552 1756 fiam
1578 1706 1760 1759 Domus
1791 1712 2015 1768 Civitatis
2045 1708 2215 1762 AEfinae
2255 1727 2368 1761 curn
2390 1713 2491 1760 Fra-

1445 1791 1571 1827 trum
1587 1776 1877 1831 affociatio'ne
1894 1778 2228 1850 transportari,
2247 1780 2297 1833 ὅ(
2314 1782 2491 1832 ratione

1441 1850 1635 1917 Qartae
1656 1847 1872 1903 funeralis
1888 1851 1914 1900 a
1933 1850 2331 1903 Reverendiffimo
2351 1852 2489 1919 Capi·

1440 1926 1542 1971 tulo
1561 1921 1853 1992 probationes
1879 1924 2066 1974 interim
2083 1923 2346 1988 coadjuvari
2355 1922 2488 1987 jube-

1440 2005 1518 2042 tur
1534 2029 1546 2041 .
2153 2051 2155 2054 Α
2371 2012 2396 2041 2
2411 2012 2428 2042 1
2439 2009 2463 2054 3
2473 2028 2486 2041 .

1513 2067 1713 2116 Decreto
1728 2068 1874 2116 Sacrae
1890 2063 2281 2136 Congregationis
2302 2061 2489 2134 Episco-

1439 2144 1608 2201 porum
1621 2171 1636 2194 ,
1656 2135 1705 2189 δι’
1722 2138 2028 2207 Regularium
2048 2171 2064 2195 ,
2094 2133 2246 2187 Causa
2277 2133 2493 2204 quae‘stua·

1439 2207 1574 2255 tionis
1591 2209 1706 2257 inter
1722 2210 1985 2260 Provincias
2016 2211 2065 2259 S.
2088 2210 2134 2257 P.
2157 2204 2383 2257 Francisci
2396 2241 2412 2264 ,
2444 2203 2494 2256 δε

1438 2278 1662 2328 Marchiae
1680 2280 1738 2330 ad
1748 2276 2168 2331 Eminentiffimum
2191 2277 2490 2330 Cardinalem

1434 2349 1764 2411 'Protefiorem
1791 2352 2046 2401 remittitur
2062 2386 2074 2398 .
2366 2386 2369 2387 γ
2393 2346 2456 2395 ibi
2478 2383 2491 2397 .

1518 2421 1718 2472 Decreto
1750 2420 1950 2485 ejusdem
1980 2426 2125 2472 Sacrae
2154 2419 2494 2489 Congregatio-

1447 2491 1515 2539 nis
1534 2490 1865 2560 Episcoporum
1881 2527 1898 2549 ,
1928 2489 1977 2542 ὅ(
2015 2489 2321 2559 Regularium
2337 2525 2354 2547 ,
2384 2491 2494 2538 Mo·

1448 2558 1691 2611 nasterium
1717 2564 1997 2614 Monialium
2019 2561 2236 2611 Civitatis
2270 2559 2492 2626 Auxima-

1447 2648 1512 2680 nae
1528 2631 1859 2683 cumclausura
1874 2630 2068 2690 institui,
2081 2630 2130 2682 δι
2147 2631 2287 2699 erigi,
2306 2647 2358 2678 ac
2375 2630 2494 2678 Fur»-

1447 2702 1666 2754 datrieem
1687 2722 1792 2753 cum
1809 2706 1907 2753 aliis
1919 2703 2093 2754 'Puellis
2107 2701 2163 2750 ad
2181 2701 2227 2750 id
2239 2696 2494 2770 transferri,

1450 2773 1703 2824 Ordinatio
1719 2775 1809 2827 loci
1826 2775 2147 2824 committitur.
2163 2791 2250 2821 cum
2260 2786 2356 2819 nota
2371 2806 2383 2819 .
2401 2769 2494 2827 ibi».

1523 2848 1608 2897 Ρη
1628 2846 1906 2898 Michaelem
1939 2845 2174 2915 Angelum
2203 2842 2229 2900 ὲ
2263 2838 2497 2912 Ragufio,

1454 2914 1719 2983 Ministrum
1737 2917 2012 2968 Generalem
2030 2951 2045 2973 ,
2078 2912 2195 2989 Regi
2211 2913 2494 2972 Catholico„

1453 3005 1539 3055 pro
1556 2984 1748 3037 feliciori
1769 2988 2036 3039 visitationis
2048 2982 2244 3036 succeffu
2260 2986 2494 3046 commen-

1447 3057 1533 3109 dat
1548 3079 1563 3109 a
1621 3057 1735 3108 Idem
1757 3095 1768 3108 .
2215 3106 2218 3110 ,
2377 3054 2495 3115 215'.

1514 3130 1648 3181 *Item
1668 3130 1888 3200 Reginae,
1922 3126 2085 3189 Idem.
2336 3125 2341 3132 '
2400 3122 2493 3174 ibi.

1526 3204 1602 3253 A'c
1616 3191 2334 3275 franciscospafflin.deJudice.
2362 3191 2496 3268 Idem,

1453 3272 1733 3328 cumnoeaw
2037 3272 2041 3276 ’
2152 3306 2154 3309 .
2289 3332 2308 3338 .⁷
2335 3319 2339 3322 ,
2403 3265 2497 3317 ibi.

1465 3351 1483 3369 ·’
1523 3338 1725 3396 Dee-reto
1754 3346 1906 3396 Sacrae
1946 3337 2337 3421 Congregatiotiis'
2352 3340 2355 3343 ’
2373 3339 2496 3388 Con-

1453 3414 1739 3488 gregation‘is
1772 3412 2116 3485 'Episcoporum
2137 3441 2174 3477 Α,
2192 3404 2258 3458 <St
2272 3414 2275 3416 v
2286 3408 2496 3479 'Regula-

1453 3487 1826 3557 riu'ijuarta‘m
1846 3484 2093 3547 fisneta-lem
2106 3482 2133 3536 ,ὲ
2150 3474 2386 3548 Εἱὲῑῐῑῦῢδ
2402 3480 2496 3529 'lOCi

1452 3561 1661 3629 Pergulae
1692 3558 1900 3610 Parocho
1929 3565 2026 3606 non¹
2054 3550 2202 3608 solvi,
2227 3546 2277 3601 <Sc
2304 3564 2490 3602 econtra

1451 3631 1560 3681 alias
1576 3629 1768 3699 desuper
1785 3629 1907 3681 edita
1921 3632 2115 3678 Decreta
2135 3620 2302 3693 servari
2322 3621 2486 3672 debere

1452 3699 1709 3752 declaratur
1727 3717 1757 3750 .“
2130 3739 2132 3741 -
2159 3702 2177 3706 ”’
2371 3711 2397 3741 2
2413 3705 2490 3745 16.

1528 3778 1726 3824 Decreto
1746 3768 1944 3839 ejusdem
1974 3767 2126 3821 sacre
2152 3766 2493 3836 congregatio-

1455 3846 1523 3894 nis
1545 3844 1875 3917 Episcoporum
1890 3877 1907 3903 ,
1922 3837 1983 3893 f&
1997 3839 2302 3910 Regularium
2316 3873 2332 3896 ,
2343 3839 2490 3949 hParo-

1776 3916 1778 3925 *
1867 3924 1869 3927 ’
1908 3927 1915 3933 ’
2316 3921 2338 3950 c
2370 3918 2434 3948 um
