2762 4030
1049 156 1568 243 “Roman-a?

254 270 328 314 etis
347 274 456 316 Filiis
484 270 725 316 Guardiano
738 295 752 319 ,
780 269 819 310 δι
838 268 1043 312 Fratribus
1059 297 1073 320 ‚
1095 282 1193 316 tunc
1208 275 1298 317 exi-

253 329 391 374 stentis
422 331 574 376 Domus
600 327 796 383 regularis
835 330 966 369 saneti
1001 331 1292 375 Bonaventurae

253 387 307 431 de
334 395 446 435 Urbe
471 387 671 434 translatis
703 411 718 434 ‚
750 387 974 429 Ecclesiam
1005 388 1153 431 ultimo
1178 391 1291 434 ‹1561ae

254 449 439 502 Domus,
465 445 629 493 Nationi
646 446 796 487 Lucan.
823 445 892 487 sub
915 445 1039 488 certis
1064 447 1217 494 modo,
1248 451 1290 493 ec

257 508 387 553 forma
408 519 504 551 tunc
517 501 706 558 expreffis
729 503 994 547 concessimus
1018 533 1034 554 ,
1075 503 1285 556 volentes,

251 577 300 608 ut
321 563 499 611 Ecclefia
527 561 606 617 ipsa
622 561 877 606 uitimodista
892 592 907 615 ,
933 565 1085 606 sanetae
1100 565 1247 607 Crucis
1269 595 1285 617 ‚

252 627 293 668 δι
331 624 460 668 Sancti
495 623 788 664 Ronaventurae
830 622 1016 666 Nationis
1062 621 1284 677 praedictae,

251 681 443 739 deinceps
465 683 802 735 nuncuparetur,
830 683 876 724 &·
901 681 1031 732 alias,
1062 691 1181 734 prout
1210 682 1282 725 in.»

250 742 391 793 nostris
403 740 516 792 aliis,
529 738 705 796 desuper
717 741 757 783 in
773 738 886 783 simili
915 738 1044 782 forma
1060 740 1198 783 Brevis
1213 753 1286 782 ex-

251 799 400 860 peditis
427 827 444 852 ,
486 812 661 856 quarum
700 809 887 843 tenorem
925 797 1184 854 praesentibus
1213 813 1288 855 pro

251 857 445 916 expreffis
478 859 621 902 haberi
651 858 836 901 volumus
862 888 877 910 ,
907 858 1066 915 plenius
1093 858 1288 903 contiue-

251 932 320 964 tur
335 948 346 960 .
379 921 467 962 Nos
489 917 606 960 dietae
629 918 822 961 Ecclesiae
847 931 963 961 novae
991 920 1178 961 Fratrum
1200 920 1288 959 Ca-

251 979 495 1038 pucinorum
518 977 797 1032 praedidtorum
828 1005 843 1028 ,
874 991 960 1034 quae
987 976 1044 1019 est
1068 973 1137 1019 sub
1165 976 1286 1019 invo-

252 1038 416 1089 catione
442 1035 737 1092 Conceptionis
766 1038 897 1078 Beatae
921 1035 1254 1091 Mariae-Virginis
1270 1063 1287 1085 ,

254 1110 415 1141 necnon
450 1093 625 1152 ipsorum
649 1096 838 1137 Fratrum
866 1095 1195 1151 capuccinorum
1224 1093 1286 1135 in-

256 1155 473 1199 demnitati
500 1152 709 1198 consulere
733 1183 747 1206 ,
781 1153 931 1209 eosque
961 1153 1200 1209 specialibus
1229 1151 1288 1194 sa·

255 1215 453 1265 veribus,
480 1213 518 1255 &
535 1212 675 1268 gratiis
698 1212 884 1269 prosequi
914 1213 1102 1255 volentes
1120 1242 1135 1264 ,
1164 1213 1286 1253 &eo.

256 1288 344 1318 rum
369 1270 581 1327 fingulares
608 1272 798 1327 personas
830 1275 851 1315 a
881 1271 1085 1329 quibusvis
1123 1283 1287 1314 excom-

259 1330 544 1377 municationis
571 1358 586 1380 ‚
631 1328 887 1387 suspensionis
920 1360 933 1382 ,
973 1332 1011 1373 &
1043 1328 1285 1378 interdicti,

255 1387 424 1446 aliisque
448 1388 730 1433 Ecclefiasticis
759 1389 1183 1442 sententiis,censuris
1203 1415 1218 1439 ,
1246 1388 1288 1431 86

259 1450 391 1508 poenis
406 1477 420 1500 ,
448 1450 472 1492 ὲ
493 1447 603 1503 jure,
637 1449 703 1492 vel
730 1451 780 1492 ab
801 1450 967 1493 homine
982 1478 996 1501 ,
1012 1450 1151 1506 quavis
1167 1460 1288 1489 occa-

259 1509 367 1554 ssone
385 1539 400 1561 ,
433 1507 497 1549 vel
514 1506 625 1549 causa
655 1508 774 1561 latis,
806 1509 830 1552 fi
857 1509 1001 1565 quibus
1029 1505 1289 1565 quomodoli-

259 1571 332 1612 bet
357 1564 555 1609 innodata
581 1567 754 1610 existunt
782 1596 797 1619 ,
828 1568 880 1610 ad
902 1566 1086 1609 effectum
1124 1566 1294 1623 praelen-

264 1629 368 1672 tium
395 1623 607 1667 dumtaxat
633 1626 989 1681 consequendum,
1021 1628 1162 1669 harum
1189 1622 1293 1667 serie

259 1685 514 1731 absolventes
529 1709 544 1732 ‚
575 1686 611 1724 &
627 1684 826 1727 absolutas
842 1683 932 1726 sore
951 1683 1182 1735 censentes,
1198 1685 1293 1725 Mo·

264 1756 308 1788 tu
325 1741 488 1800 proprio
505 1771 519 1792 ,
543 1743 583 1784 &
608 1755 660 1785 ex
685 1753 799 1787 certa
823 1743 990 1786 scientia
1015 1771 1029 1794 ,
1061 1757 1109 1785 ac
1135 1752 1292 1784 matura

260 1800 562 1848 deliberatione
596 1801 769 1853 nostru,
800 1802 935 1859 deque
960 1800 1201 1858 Apostolicae
1225 1813 1294 1856 po-

262 1861 418 1907 testatis
436 1859 695 1916 plenitudine
722 1861 1027 1912 Guardianum,
1059 1876 1104 1903 ac
1126 1863 1291 1903 Fratres

260 1933 461 1966 novarum
490 1917 642 1962 Domus
673 1947 688 1970 ‚
726 1922 766 1962 δι
791 1921 977 1966 Ecclefiae
1002 1917 1297 1974 conceptionis

262 1984 396 2024 Beata:
421 1979 554 2020 Maria:
582 1978 758 2034 Virginis
781 1979 1056 2035 praediftarum
1073 2006 1085 2028 ‚
1115 1976 1296 2034 ipsasque

262 2042 440 2083 Domum
469 2066 483 2089 ,
514 2041 552 2081 &
576 2039 796 2081 Ecclesiam
819 2041 866 2082 ab
881 2052 1036 2090 onere,
1053 2037 1298 2093 Capellam,

262 2101 304 2141 &
321 2099 555 2140 Oratorium
585 2101 694 2154 juxta
713 2097 1038 2153 praeinsertarum
1064 2097 1297 2139 litterarum

266 2156 439 2202 formam
469 2156 760 2209 construendi,
792 2157 860 2200 seu
882 2155 1056 2199 construi
1087 2153 1297 2205 faciendi,

262 2217 492 2271 diCtumque
520 2215 701 2271 legatum
724 2215 1007 2271 adimplendi,
1037 2226 1182 2257 tenore
1205 2228 1299 2269 praez-

261 2273 432 2318 sentium
471 2274 662 2316 totaliter
697 2275 906 2318 eximimus
935 2303 950 2325 ,
980 2275 1021 2313 δε
1048 2272 1296 2321 liberamus,

263 2332 418 2374 dietum
447 2344 498 2373 ue
523 2346 622 2374 onus
645 2332 695 2375 ad
727 2346 846 2374 unam
867 2346 918 2374 ex
937 2330 1123 2386 Capellis
1147 2329 1296 2373 Eccle-

265 2390 324 2433 siae
350 2403 425 2445 prae
444 2399 518 2431 atae
546 2393 695 2432 52thae
722 2392 866 2434 Crucis
891 2417 906 2438 a
945 2391 982 2434 &
1005 2389 1138 2433 Sancti
1168 2390 1299 2431 Bona-

264 2459 446 2492 venturae
466 2443 743 2491 transferimus
768 2476 783 2500 ,
818 2449 1080 2504 legatumque
1108 2445 1232 2510 ipsum
1261 2446 1300 2487 in

263 2522 311 2551 ea
342 2505 562 2562 adimpleri
591 2507 776 2550 volumus
799 2533 814 2557 ,
843 2509 882 2548 &
918 2507 1181 2549 mandamus:
1216 2508 1301 2548 De-

262 2575 485 2609 cernentes
514 2563 728 2621 prasentes
756 2566 916 2608 litteras
940 2592 955 2615 ‚
986 2564 1111 2607 etiam
1140 2579 1191 2607 ex
1219 2579 1301 2615 eo,

261 2623 372 2681 quod
387 2650 402 2673 ‚
417 2624 650 2681 quicunque
676 2625 713 2667 in
731 2624 927 2678 praemiffis
942 2622 1130 2667 iuteresse
1155 2624 1301 2667 baben·-

264 2695 328 2726 tes
345 2680 422 2733 ‚ad
449 2682 492 2725 id
518 2685 680 2735 vocati,
710 2683 892 2727 &auditi
919 2697 997 2726 non
1019 2681 1200 2731 fuerint,
1231 2693 1301 2725 aut

264 2738 467 2799 praemiffis
505 2757 584 2786 non
622 2741 929 2789 consenserint,
968 2752 1038 2784 aut
1078 2755 1127 2783 ex
1162 2742 1300 2795 quavis

263 2801 342 2845 alia
368 2798 510 2852 causa,
538 2803 791 2857 quantumvis
808 2801 1016 2857 legitima,
1046 2801 1087 2844 ἃ
1112 2799 1304 2856 juridica,

262 2859 317 2902 de
344 2857 614 2913 subreptionis
636 2887 651 2910 ‚
683 2858 745 2902 vel
776 2860 1033 2915 obreptionis
1066 2886 1079 2909 ,
1111 2858 1179 2900 seu
1208 2858 1300 2900 nul-

262 2917 391 2960 litatis
421 2917 553 2969 vitio,
583 2929 650 2960 aut
667 2918 902 2961 intentionis
929 2917 1066 2960 nostrae
1089 2943 1103 2966 ‚
1137 2916 1300 2959 velalio

266 2976 410 3033 quovis
437 2975 601 3027 notari,
634 2978 882 3032 impugnari,
915 2975 1132 3030 redargui,
1162 2986 1233 3018 aut
1261 2976 1299 3016 in

266 3036 329 3093 jus
346 3046 411 3078 aut
427 3034 742 3078 controversiam
760 3034 971 3085 revocari,
1004 3033 1070 3075 vel
1091 3033 1141 3075 ad
1164 3035 1302 3076 termi«

268 3108 342 3139 nos
374 3093 471 3150 juris
502 3093 643 3136 reduci
672 3122 686 3145 ,
725 3093 790 3135 vel
820 3091 1013 3136 adversus
1039 3105 1107 3133 eas
1131 3091 1301 3146 quodvis

265 3155 403 3208 gratiae
418 3181 432 3202 ‚
466 3154 531 3195 vel
549 3151 638 3195 fnffl
663 3150 891 3197 remedium
914 3149 1151 3205 impetrari,
1168 3150 1301 3192 nulla-

266 3223 384 3255 tenus
407 3211 514 3266 posse
539 3237 554 3259 ,
585 3211 652 3254 sed
673 3225 739 3255 eas
768 3211 924 3265 semper
951 3207 1102 3250 validas
1120 3237 1136 3259 ,
1166 3206 1300 3252 firmas

265 3273 305 3316 &
317 3270 501 3313 efficaces
514 3269 682 3313 existere
694 3295 709 3317 ‚
739 3270 779 3311 δι
791 3266 878 3310 fore
895 3295 910 3317 ,
938 3268 979 3308 δι
994 3267 1126 3315 abiis,
1138 3265 1187 3308 ad
1203 3281 1302 3323 quos

265 3328 440 3387 spec‘tat,
466 3328 759 3371 inviolabiliter
792 3326 1018 3368 observari:
1056 3326 1204 3381 sicque
1230 3341 1304 3382 per

266 3387 698 3446 quoscunqueJudices
714 3384 952 3428 Ordinatios
964 3410 978 3433 ‚
1009 3385 1049 3426 &
1065 3384 1303 3441 Delegatos,

270 3448 395 3491 etiam
417 3445 635 3490 Causarum
665 3444 803 3488 Palatii
819 3442 1036 3499 Apostolici
1059 3442 1302 3493 Auditores,

268 3505 467 3563 judicari,
498 3507 538 3548 δι
564 3504 727 3548 definiri
753 3502 937 3553 debere,
967 3516 1014 3543 ac
1040 3503 1232 3553 irritum,
1262 3506 1303 3545 δι

271 3565 406 3615 inane,
420 3563 445 3606 fi
460 3563 568 3608 secus
583 3564 698 3620 super
715 3563 818 3613 his,a
834 3574 1052 3617 quoquam,
1066 3561 1205 3615 quavis
1233 3576 1299 3604 au·

272 3621 493 3673 ctoritate,
506 3622 679 3667 scienter
693 3651 707 3673 ,
741 3620 805 3664 vel
824 3623 1061 3677 ignoranter
1077 3619 1300 3673 contigerit

279 3681 500 3724 attentari.
534 3686 629 3726 Non
661 3681 909 3724 obstantibus
936 3676 1094 3733 praefata
1113 3677 1300 3720 volunta-

275 3754 317 3787 te
336 3736 558 3782 Testatoris
576 3770 591 3791 ‚
621 3755 742 3799 quam
755 3738 887 3795 quoad
903 3734 1088 3795 praemilsa
1102 3734 1300 3779 sufficien-

412 3799 516 3839 Tom.
534 3802 584 3840 11.

1358 281 1421 315 ter
1456 279 1755 316 commutamus
1777 298 1795 323 ,
1827 285 1874 315 ac
1902 301 1918 325 ,
1946 288 2147 332 quatenus
2175 199 2345 338 opusSfit
2367 311 2382 336 ,

1353 330 1497 386 regula
1521 330 1652 374 nostra
1674 330 1730 374 de
1753 330 1846 389 jure
1876 335 2034 387 quaelito
2060 354 2138 383 non
2166 342 2380 394 tollendo,

1353 389 1521 453 aliisque
1549 391 1730 432 omnibus
1759 417 1774 442 ‚
1805 402 1889 445 quae
1914 391 1955 431 in
1983 398 2220 447 praeinsertis
2249 401 2382 443 literis

1351 446 1553 490 voluimus
1583 462 1663 489 non
1692 448 1877 498 obstare,
1909 451 2139 508 ceterisque
2164 460 2379 501 contrariis

1348 505 1681 559 quibuscunque.
1710 508 1862 548 Datum
1879 507 2019 549 Romae
2039 536 2053 558 ,
2085 514 2190 564 apud
2203 518 2382 560 Sanctam

1347 562 1523 605 Mariam
1550 563 1752 618 Maiorem
1781 565 1851 607 sub
1882 567 2048 608 Annulo
2073 569 2292 615 Piscatoris
2318 576 2384 619 die

1347 633 1371 661 x
1388 635 1415 662 v
1428 633 1467 662 ιι
1484 634 1511 661 ι.
1530 623 1784 675 Septembris
1812 638 1843 667 Μ
1858 638 1886 666 u
1899 638 1925 666 c
1940 639 1969 667 x
1984 637 2011 667 x
2023 637 2046 666 x
2062 640 2093 667 1.
2120 629 2382 675 Pontificatus

1347 677 1487 720 Nostri
1506 679 1628 722 Anno
1642 684 1766 725 Nono
1783 709 1795 724 .

1873 802 1932 844 M.
1959 802 2011 844 A.
2029 802 2245 848 Maraldus
2256 834 2268 846 .

1349 917 1447 958 Aut.
1473 916 1515 955 e'n
1532 913 1654 956 Arcb.
1685 920 1828 960 Secret.
1858 923 1976 961 Brev.
2005 919 2140 975 Apoll.
2168 930 2262 963 tom.
2291 921 2385 963 Div.

1411 972 1561 1016 Urban-
1583 975 1892 1034 V111.fi1-.313.
1920 978 2054 1032 dequo
2081 985 2207 1022 Breve
2224 978 2388 1039 firma-

1404 1042 1490 1074 tum
1519 1036 1563 1074 in
1575 1033 1697 1078 Arcb.
1718 1037 1931 1079 Provmciae
1948 1038 2131 1081 Romanae
2146 1055 2157 1065 ·

2065 1175 2390 1198 W

1348 1268 1525 1323 Census
1539 1272 1766 1330 annuos,ai
1783 1274 2045 1343 Principi‘ffa
2054 1274 2277 1325 Flaminia
2295 1275 2393 1324 Co·

1418 1344 1594 1401 lumna,
1610 1340 1991 1395 Confraternitati
2005 1350 2088 1396 SS.
2102 1343 2391 1403 Sacramenti

1420 1415 1466 1461 in
1482 1411 1679 1462 Ecclesia
1692 1415 1869 1468 &Petri
1879 1416 2203 1471 Civit.Albani‚
2218 1413 2393 1465 institu-

1418 1498 1475 1534 tae
1495 1502 1602 1536 cum
1618 1501 1753 1538 onere
1768 1485 2080 1537 Annivetsarii
2097 1487 2325 1555 perpetui,
2340 1484 2391 1536 ὅ(

1421 1552 1701 1619 elemosynae
1718 1573 1798 1618 50.
1816 1553 2051 1610 scutorum
2067 1575 2152 1626 pro
2169 1554 2393 1614 Ecclesia,

1423 1624 1473 1676 ὅ(
1491 1623 1574 1675 usu
1594 1629 1808 1676 Fratrum
1824 1626 1994 1677 ibidem
2023 1629 2257 1677 annuatim
2286 1644 2395 1676 con-

1406 1694 1860 1770 ‘fignandae,donatos
1879 1698 2051 1759 vendi3
2091 1700 2278 1748 iliorum
2301 1714 2397 1765 pre-

1426 1769 1543 1816 tium
1573 1769 1619 1817 in
1641 1772 1920 1836 emptionem
1941 1770 2140 1827 duorum
2163 1773 2395 1819 Locorum

1425 1841 1663 1892 Montium
1686 1843 1895 1891 Camerae
1920 1840 2195 1910 Apostolicae
2221 1856 2305 1907 pro
2330 1838 2398 1887 di-

1426 1909 1506 1959 sto
1535 1908 1859 1962 Anniversario
1886 1910 2157 1963 celebrando
2189 1909 2279 1961 ἃς.
2300 1945 2315 1966 ,
2343 1927 2395 1957 ac

1429 1978 1659 2030 refiduum
1675 1982 1721 2030 in
1741 1981 2127 2032 construftionem
2146 1985 2397 2031 Mur-orum

1427 2049 1661 2101 Clausurae
1687 2050 1845 2100 nostrae
1861 2052 2042 2108 Domfis
2076 2052 2246 2101 ibidem
2282 2068 2393 2099 con-

1429 2123 1549 2176 verti
1577 2122 1787 2171 concedit
1805 2157 1818 2170 .

1408 2253 1826 2306 URBANUS
1878 2254 2094 2303 PAPA
2149 2251 2346 2301 VIII.

1565 2379 1633 2423 Ad
1637 2376 1832 2437 futuram
1854 2381 1914 2421 rei
1938 2379 2166 2424 memoriam
2179 2407 2190 2419 .

1474 2507 1684 2564 xpofitum
1701 2510 1828 2552 Nobis
1855 2524 1983 2565 nuper
2012 2507 2086 2552 fuit
2118 2522 2192 2564 pro
2219 2515 2394 2563 parte-³

1362 2514 1457 2626 E
1488 2568 1732 2611 dilestorum
1747 2570 1941 2612 Filiorum
1957 2565 2181 2611 Guardiani
2198 2591 2213 2612 a
2242 2567 2282 2606 &
2298 2566 2396 2606 Fra-

1361 2641 1470 2670 trum
1505 2624 1657 2669 Domus
1691 2631 1734 2668 S.
1759 2630 2055 2668 Bonaventurae
2074 2624 2287 2665 Albane-nc
2314 2622 2396 2662 Or-

1359 2687 1466 2728 dinis
1479 2685 1685 2726 Minorum
1707 2689 1746 2724 S.
1766 2682 1964 2725 Francisci
1979 2682 2282 2736 Capucinorum
2300 2692 2396 2720 nun.

1362 2754 1620 2798 eupatorum,
1635 2741 1742 2796 quod
1757 2741 1854 2785 aliis
1871 2742 1938 2783 bo.
1954 2753 2076 2782 mem.
2096 2738 2294 2781 Flaminia
2309 2739 2396 2779 Co-

1362 2804 1501 2845 lumna
1526 2801 1668 2850 Uxor,
1694 2799 1789 2840 dum
1823 2801 1951 2851 vixit,
1978 2801 2090 2841 bonae
2113 2798 2237 2840 etiam
2266 2808 2394 2838 mem.

1357 2860 1453 2917 Julii
1465 2857 1633 2901 Caesaris
1648 2861 1850 2914 Gonzagae
1861 2886 1874 2908 ,
1889 2858 2087 2913 Principis
2114 2854 2280 2899 Bozzoli
2295 2879 2310 2902 ‚
2323 2866 2399 2910 pro

1362 2920 1426 2959 sua
1454 2931 1552 2972 erga
1582 2919 1717 2958 Deum
1750 2918 1903 2972 pietate
1922 2944 1938 2968 ,
1965 2916 2196 2969 Animaeque
2227 2915 2301 2956 suae
2330 2925 2397 2953 re-

1362 2976 1531 3031 frigerio
1547 2975 1764 3017 nonnullos
1791 2988 1944 3017 annuos
1972 2984 2198 3029 perpetuos
2224 2971 2393 3016 census,

1364 3036 1460 3078 alias
1485 3034 1533 3076 ad
1552 3031 1607 3076 sui
1626 3030 1806 3075 savorem
1823 3047 1914 3075 cum
1930 3033 2096 3075 diversis
2126 3027 2303 3086 personis
2321 3029 2396 3068 im·

1362 3093 1512 3149 politos
1533 3120 1547 3143 ,
1573 3092 1721 3146 sibique
1736 3092 1926 3142 debitos,
1944 3092 2065 3146 usque
2091 3089 2144 3131 ad
2169 3087 2390 3128 summam..

1361 3151 1477 3194 mille
1496 3153 1534 3193 in
1550 3164 1689 3192 eorum
1706 3151 1812 3192 sorte
1842 3149 2054 3205 principaii
2069 3176 2084 3199 ,
2114 3149 2153 3188 in
2172 3159 2305 3188 annuo
2320 3156 2391 3183 ve-

1363 3214 1412 3254 ro
1427 3210 1591 3253 redditu
1609 3210 1840 3263 octuaginta
1860 3207 2066 3251 scutorum
2084 3214 2254 3247 monetae
2271 3203 2309 3243 in
2330 3211 2398 3244 to·

1364 3281 1453 3312 tum
1478 3266 1742 3311 ascendentes
1758 3296 1772 3319 ,
1801 3265 2140 3310 Confraternitati
2169 3266 2240 3305 SS.
2256 3263 2390 3303 Sacra.

1363 3328 1554 3378 menti,in
1571 3324 1748 3370 Ecclesia
1773 3328 1817 3368 S.
1836 3327 1945 3369 Petri
1962 3319 2180 3368 Albanenst
2202 3317 2397 3361 canonice

1365 3386 1574 3432 institutaes
1599 3384 1820 3427 donatione
1845 3381 2225 3426 irrevocabiliinter
2256 3376 2394 3425 vivos,

1363 3445 1560 3494 donavit,
1592 3457 1684 3485 cum
1713 3442 1975 3498 infrascriptis
2004 3450 2138 3482 tamen
2166 3435 2360 3478 oneribus
2378 3463 2394 3487 ‚

1362 3501 1762 3559 &obligationibu3,
1792 3502 1900 3543 inter
1928 3500 2005 3542 alia
2034 3495 2228 3540 videlicet
2248 3506 2262 3536 τ
2282 3492 2396 3550 quod

1364 3560 1445 3617 ipsa
1474 3560 1801 3605 confraternitas
1819 3589 1832 3611 ,
1863 3573 1910 3601 ac
1938 3571 2013 3613 pro
2042 3569 2090 3598 ea
2115 3554 2223 3597 illius
2254 3552 2399 3595 Custo-

1361 3622 1464 3671 des,
1494 3622 1532 3662 &
1560 3616 1802 3662 Confi-atres
1830 3630 1904 3672 pro
1933 3627 2121 3668 tempore
2151 3610 2397 3663 existentes,

1361 3693 1486 3722 unum
1502 3678 1832 3720 Anniversarium
1851 3706 1862 3723 ,
1881 3674 1920 3716 in
1935 3674 2002 3715 die
2020 3672 2073 3715 sui
2097 3668 2232 3714 obitus
2246 3700 2262 3722 ,
2279 3671 2321 3712 in
2336 3670 2397 3712 di·

1361 3741 1422 3781 &a
1442 3735 1649 3788 Ecclefia,
1674 3750 1750 3791 pro
1778 3733 1892 3790 iplius
1928 3730 2129 3776 Flaminiae
2158 3726 2395 3783 Principissae

1511 3798 1529 3836 1
2236 3787 2336 3831 Ani-
