2774 4068
396 233 565 289 202

433 418 552 468 Qm
565 415 725 460 gratiam
737 413 813 456 &a

1079 186 1642 278 Provincia

333 318 500 375 &finalis
510 315 706 367 gratiasab
726 314 838 353 eodem
858 299 962 351 titulo
984 305 1032 345 R.
1046 303 1094 343 R.
1117 305 1288 350 Patribus
1299 298 1586 387 δοαίοεαιξςῖἱβ
1609 311 1671 339 ceu

335 369 515 418 affignetur
526 391 540 411 ‚
565 366 611 403 ad
621 363 767 416 effeffium
785 372 957 413 parvam,
972 353 1217 410 ‚simplicemque
1231 351 1458 405 sepulturam
1469 352 1519 389 ibi
1545 363 1562 389 e

1563 363 1595 388 m
1619 361 1680 390 con
1707 350 1833 388 ruendi
1846 375 1857 387 .

432 514 570 554 Audito
592 512 735 558 desuper
758 521 846 547 voto
872 502 1092 546 IllustrIssimi
1109 502 1257 542 Domini
1283 499 1564 544 Gubernnoris,
1589 496 1699 546 gratia
1723 497 1789 535 suit
1800 497 1952 536 concessa
1975 499 2040 538 as.
2055 497 2339 544 Congregatione
2373 497 2462 533 Lau:

334 571 453 602 retana
471 575 533 614 per
556 562 745 612 Epistulam
771 559 969 609 sequentem
985 583 994 593 .

431 663 470 706 ..4
482 672 577 713 tergo
589 685 600 699 ·
625 657 812 699 Perillustri
824 681 836 700 ‚
857 670 896 698 ac
910 659 957 694 Α.
973 654 1021 691 R.
1036 653 1194 690 Domino
1218 649 1273 690 uti
1298 647 1410 689 Fratri
1426 647 1675 688 Gubernatori
1699 645 1843 683 Laureti
1856 670 1867 682 .

926 754 1021 792 lntus
1035 774 1046 789 .
1072 747 1309 800 Perillustris,
1331 759 1370 785 ac
1383 745 1468 785 RR.
1488 734 1633 786 Domine
1652 743 1708 781 uti
1720 741 1869 780 Frater.

338 908 445 951 Santi

438 858 492 897 Ex
515 857 681 897 relatione
706 857 728 894 ἃ
757 856 855 895 Dom.
886 849 964 889 Tua
990 851 1032 888 S.
1056 845 1328 896 congregationi·
1339 846 1544 884 Lauretanae
1555 838 1771 894 transmiffa‚
1794 841 1839 883 ὠ·
1854 848 1954 878 exten
1969 851 1991 875 a
2013 839 2060 876 ad
2081 839 2230 879 libellum
2244 841 2428 890 supplicem
2445 867 2461 887 ‚

481 920 542 947 imo
556 907 699 945 Domino
716 903 842 956 N’ostro
869 899 1057 950 porretium
1075 897 1096 934 5
1111 896 1278 933 Patribus
1294 895 1346 932 Ca
1368 895 1483 931 acinis
1495 917 1508 938 ,

1547 890 1804 940 upph'cantibus
1821 899 1884 939 pro
1912 901 1933 924 a
1955 889 2129 936 egnatione
2152 890 2391 939 'modio-istest,
2416 893 2457 927 in

338 908 494 1008 Capelig
503 957 654 996 Pietatis
673 955 767 1003 facie
791 950 986 1001 existentis,
1010 947 1056 985 ad
1079 943 1226 995 effieflum
1245 944 1338 990 Sepu
1352 951 1468 980 turam
1494 892 1676 977 ‘zifeorum
1699 938 1884 977 Cadmera
1895 938 2085 987 separatim
2110 939 2154 975 ab
2176 939 2259 975 aliis
2283 939 2457 976 humanda

340 1006 576 1058 construendi,
597 1003 773 1051 colligitur
787 1028 797 1044 ,
820 1011 935 1037 eorum
960 996 1133 1047 instantiis
1161 990 1380 1040 condescendi

1402 988 1487 1041 pvffe
1515 1002 1529 1030 ς
1554 987 1634 1024 hinc
1659 989 1699 1025 S.
1724 988 1958 1036 ,congregatio
1973 987 2017 1042 4⁶
2038 986 2213 1036 'obfiquiir
2238 1011 2251 1031 ,
2275 999 2348 1034 quae
2373 989 2458 1024 dieii

341 1055 470 1095 Patres
488 1055 620 1092 Eximio
644 1053 698 1090 illi
720 1049 926 1090 Sanaeuario
945 1045 1129 1095 praestant,
1153 1042 1236 1077 bene
1263 1039 1451 1088 informata
1466 1063 1479 1084 ,
1502 1038 1547 1074 iis
1566 1036 1721 1083 gratiam
1744 1036 1882 1084 coeii-edi
1903 1035 2063 1084 censuit,
2087 1038 2207 1084 vigore
2231 1036 2332 1084 cujus
2355 1037 2456 1073 Dom.

341 1103 420 1141 Tua
442 1106 481 1140 in
502 1112 689 1140 memorata
713 1097 855 1148 Capellae
871 1097 965 1145 facie
987 1092 1155 1130 modicum
1190 1087 1287 1125 illum
1312 1088 1417 1137 fitam
1445 1113 1455 1129 ,

1496 1084 1709 1134 conficienda
1734 1085 1879 1135 fimplici
1906 1083 2102 1133 Sepulturae
2117 1085 2339 1136 sufficientem
2354 1109 2364 1127 ‚
2385 1085 2457 1134 affi-

338 1154 465 1204 gnabit
477 1179 487 1190 .
514 1151 561 1190 Et
578 1150 660 1188 dum
681 1160 800 1186 veram
809 1144 1017 1198 felicitatem
1042 1141 1236 1188 inauguror
1249 1137 1324 1180 &a
1348 1135 1465 1175 Roma
1479 1146 1511 1174 2.
1526 1134 1644 1173 Offloh.
1662 1144 1767 1188 1743.

635 1247 747 1285 ‘Dom-
774 1242 856 1283 Tua

481 1582 690 1638 Originalia
702 1583 990 1621 Dae-umentorum
1002 1579 1162 1616 amnium
1184 1577 1224 1616 in
1237 1573 1350 1613 Arch.
1376 1572 1536 1623 Hospitii
1549 1597 1560 1609 .

362 1709 478 1722 ——

337 1791 563 1860 Qaedam
613 1805 744 1840 terrae
799 1791 920 1858 petia
960 1787 1136 1837 Domui
1172 1783 1368 1839 Urbina-

336 1914 339 1917 ,
416 1860 530 1911 tenfi
565 1879 656 1910 non
683 1863 878 1928 amplius
903 1856 1139 1928 proficua,
1166 1873 1250 1925 pro
1279 1855 1367 1902 alia

411 1934 578 1983 terreni
606 1934 857 1999 quantitate
894 1965 911 1988 ,
951 1928 1008 1979 ad
1046 1929 1234 1977 totalem
1258 1924 1396 1973 dieti.

350 2030 354 2037 ⁴
417 1997 600 2054 Domfis
626 2000 852 2051 ambitum
881 1996 1119 2050 necessaria
1136 2033 1153 2057 ,
1189 2012 1372 2065 permu-

353 2080 358 2085 ’
412 2075 500 2123 tari
531 2071 770 2121 concedit.

347 2172 838 2249 'URBANUS
904 2191 1131 2240 PAPA
1184 2189 1372 2241 v111.

543 2311 612 2372 Ad
624 2307 820 2368 futuram
843 2310 903 2353 rei
928 2311 1153 2354 memoriam
1168 2338 1181 2350 .

466 2429 505 2471 U
520 2430 563 2470 M
581 2454 596 2477 ,
626 2426 723 2469 ficut
752 2426 886 2469 dilecti
918 2427 1006 2470 Filii
1023 2430 1184 2470 Fratres
1202 2425 1372 2469 Ordinis

475 2487 679 2529 Minorum
697 2486 941 2530 SAErancisci
955 2487 1261 2541 Capucinorum
1279 2499 1376 2526 nun*

346 2548 841 2602 eupatorum‚Conventus
860 2544 1285 2595 Urbinatenfis,Nobis
1303 2557 1374 2583 nu-

346 2621 420 2663 per
437 2604 587 2659 exponi
602 2603 809 2653 fecerunt,
821 2602 990 2645 dilefitus
1005 2603 1126 2645 Filius
1144 2602 1279 2644 noster
1291 2603 1375 2643 An·

347 2665 480 2709 tonius
494 2691 508 2714 ,
522 2661 651 2705 Tituli
667 2664 707 2703 S.
727 2661 865 2704 Mariae
883 2660 1184 2716 'transtyberim
1201 2661 1380 2714 Presby-

348 2723 413 2765 ter
424 2721 652 2765 Cardinalis
680 2724 719 2764 S.
737 2719 964 2774 Honuphrii
986 2729 1233 2774 nuncupatus
1249 2747 1263 2770 ,
1293 2721 1381 2760 No-

349 2782 426 2830 ster
469 2779 685 2823 secundum
725 2780 894 2823 'carnem
929 2780 1072 2823 Frater
1108 2775 1337 2822 Germanus
1364 2804 1379 2829 ,

350 2844 615 2884 Conventum
639 2839 843 2892 praefatum
861 2843 987 2880 'muro
1011 2833 1118 2892 cingi
1137 2848 1284 2888 curet,
1312 2836 1378 2878 seu

350 2896 458 2954 cingi
484 2897 849 2948 sacereintendat,
878 2896 1221 2954 necessariumque
1240 2895 1377 2950 sitpro

351 2957 643 3007 convenienti,
673 2957 713 2999 δι
735 2970 843 3014 aequa
870 2954 963 2998 fietis
996 2956 1214 3011 partitione
1241 2957 1263 2999 a
1281 2954 1378 2997 dieti

351 3014 593 3062 Conventus
608 3017 799 3071 consepto
812 3043 827 3067 ,
853 3017 890 3058 δι
904 3016 1057 3059 ambitu
1081 3014 1278 3058 nonnulla
1296 3023 1379 3055 ter-

353 3092 404 3121 rae
428 3075 565 3128 petia,
597 3088 681 3129 quae
707 3075 845 3119 iisdem
869 3075 1080 3119 Fratribus
1107 3074 1278 3130 amplius
1309 3085 1380 3114 ne-

352 3133 515 3177 cessaria
550 3133 781 3175 nullatenus
805 3144 952 3181 erunt,
985 3133 1228 3182 secludere,
1262 3132 1381 3175 Dile-

353 3199 436 3236 ἕως
459 3203 591 3236 autem
609 3192 921 3251 FiliusJoannes
938 3194 1106 3237 Rubeus
1132 3191 1281 3234 eisdem
1301 3193 1383 3232 Ex·

355 3254 599 3309 ponentibus
630 3260 759 3294 totam
786 3265 877 3294 eam
905 3253 1058 3295 terreni
1083 3250 1384 3306 quantitatem,

356 3326 439 3367 quae
462 3325 539 3368 pro
562 3309 847 3354 concludendo
863 3311 1051 3355 totaliter
1064 3310 1173 3352 dicto
1191 3311 1385 3351 Conven-

356 3381 403 3411 tu
434 3369 649 3414 necessaria
670 3371 751 3413 erit
768 3397 781 3421 ,
805 3368 951 3413 offerat
976 3367 1016 3412 se
1038 3369 1227 3413 daturum
1247 3397 1262 3422 ,
1286 3382 1383 3410 nec·

359 3429 440 3486 non
465 3430 569 3487 dic'ta
586 3440 707 3472 terrae
728 3427 837 3485 petia
860 3427 910 3472 ad
939 3428 1105 3471 eosdem
1124 3430 1284 3491 Fratres
1298 3457 1313 3479 ‚
1339 3437 1388 3472 ut

357 3484 569 3544 praefertur
595 3517 609 3541 ,
653 3486 870 3545 spectantia
896 3498 1132 3545 empturum
1149 3516 1162 3540 ,
1190 3485 1256 3529 stu
1285 3486 1387 3531 illa„

362 3548 673 3601 permutationis
705 3547 868 3590 nomine
897 3561 971 3603 pro
1001 3548 1109 3590 dieto
1136 3554 1227 3590 toto
1255 3556 1391 3590 terre-

361 3615 432 3653 nu,
448 3619 520 3662 per
532 3617 687 3657 eum,ut
710 3606 849 3662 supra,
861 3605 1088 3661 affignando
1102 3612 1388 3661 accepturum.

362 3665 450 3706 Nos
478 3674 690 3719 propterea
714 3666 843 3708 diuos
859 3668 1125 3722 Exponentes
1146 3664 1386 3721 specialibus

361 3721 565 3767 favoribus
591 3751 605 3773 ,
643 3725 682 3766 δε
708 3725 846 3780 gratiis
878 3724 1060 3781 prosequi
1089 3726 1276 3767 volentes
1302 3753 1317 3775 ,
1347 3725 1387 3766 8c

357 3796 501 3827 eorum
529 3779 745 3838 fingulares
759 3782 947 3841 personas
961 3787 985 3833 a
1001 3783 1200 3840 quibusvis
1223 3796 1394 3830 excom·

1690 1283 1755 1321 vti
1778 1281 1903 1322 fram
1918 1311 1927 1321 .

1490 1383 1678 1451 Sylvius
1705 1382 1948 1435 Cardinalis
1979 1381 2177 1435 Valenti.

1598 1512 1791 1556 Xaverius
1820 1510 2045 1572 ‘Justiniani
2069 1515 2212 1556 Secret.

1426 1779 1712 1824 municationis
1728 1807 1742 1830 ‚
1765 1777 2024 1834 suspensionis
2038 1806 2052 1830 ,
2065 1781 2105 1821 δι
2119 1777 2321 1821 ἱητετάἰξὶὶ
2334 1807 2347 1829 ,
2363 1773 2469 1818 aliis—

1427 1854 1506 1898 que
1526 1838 1812 1881 Ecclefiasticis
1828 1838 2034 1883 sententiis
2048 1868 2063 1890 ,
2090 1836 2265 1880 censuris
2278 1867 2294 1889 ‚
2320 1838 2361 1879 &
2377 1849 2470 1891 poe-

1432 1900 1489 1943 nis
1506 1927 1520 1950 ‚
1543 1897 1567 1940 a
1593 1896 1680 1953 jure
1703 1927 1719 1947 ,
1751 1898 1817 1939 vel
1844 1898 1898 1946 ,ab
1912 1899 2073 1941 homine
2089 1926 2104 1950 ‚
2119 1897 2262 1955 quavis
2288 1893 2471 1946 occasio-3

1432 1972 1513 2008 nea
1544 1957 1610 1999 vel
1638 1954 1752 2000 causa
1777 1954 1898 2010 latis,
1931 1956 1955 2000 fi
1984 1959 2129 2015 quibus
2157 1953 2470 2012 quomodolibet

1434 2016 1633 2060 innodatae
1664 2014 1837 2057 existunt
1859 2044 1874 2067 ‚
1905 2015 1957 2058 ad
1988 2017 2172 2059 effectum
2209 2011 2471 2070 praesentium

1433 2078 1644 2121 dumtaxat
1667 2073 1995 2130 consequendum
2010 2105 2024 2128 ,
2054 2076 2192 2118 harum
2217 2072 2317 2116 serie
2341 2069 2476 2114 absol-

1432 2144 1572 2176 ventes
1588 2162 1601 2184 ,
1629 2135 1667 2175 &
1692 2133 1896 2176 absolutas
1914 2129 2002 2176 fore
2023 2131 2251 2181 censentes,
2268 2129 2474 2186 hujusmo-

1435 2194 1476 2235 di
1513 2191 1872 2248 supplicationibus
1903 2192 2085 2235 inclinati
2111 2220 2125 2242 ,
2163 2190 2315 2234 eisdem
2335 2191 2469 2243 Expo-

1428 2252 1644 2303 uentibus,
1675 2250 1783 2307 quod
1812 2248 1879 2306 ipfi
1909 2264 1980 2305 per
2006 2249 2213 2293 Vicarium
2240 2243 2474 2302 Archiepis-

1428 2312 1521 2366 copi
1552 2309 1825 2354 Urbinatenfis
1854 2308 2039 2365 praedicta
2075 2321 2196 2352 terrae
2224 2309 2362 2364 petia,
2386 2319 2476 2362 quae

1431 2385 1482 2413 ex
1516 2370 1668 2413 ambitu
1702 2369 1799 2410 disti
1828 2365 2071 2411 Conventus
2103 2368 2396 2415 remanebant,
2430 2373 2478 2406 ut

1434 2427 1681 2487 praefertur,
1709 2426 1844 2468 eidem
1865 2429 2012 2483 Joanni
2029 2456 2043 2478 ,
2075 2426 2143 2469 seu
2165 2427 2283 2469 alteri
2300 2423 2475 2477 ‚emelio-

1434 2501 1521 2531 rem
1547 2484 1826 2529 conditionem
1848 2484 2065 2535 offerenti,
2098 2500 2169 2539 pro
2186 2485 2319 2540 justo,
2344 2485 2384 2523 δι
2410 2495 2475 2523 ra-

1435 2545 1621 2588 tionabili
1646 2543 1783 2599 pretio
1800 2544 2010 2595 vendere,
2040 2541 2106 2584 seu
2122 2543 2193 2585 illa
2213 2556 2305 2584 cum
2323 2539 2472 2583 eodem

1435 2608 1591 2663 Joanne
1606 2631 1620 2653 ,
1652 2601 1721 2644 seu
1734 2602 1867 2644 altero
1881 2630 1895 2653 ,
1912 2613 1954 2644 ut
1970 2600 2185 2658 praefertur
2200 2630 2215 2652 ,
2227 2615 2301 2656 pro
2322 2614 2368 2642 ea
2387 2608 2477 2641 ter-

1441 2663 1530 2707 reni
1554 2662 1784 2718 quantitate
1807 2674 1880 2716 per
1909 2675 2002 2704 eum
2024 2661 2156 2703 danda
2172 2688 2188 2712 ,
2214 2661 2254 2700 &
2280 2671 2368 2715 quae
2386 2657 2476 2712 ipfis

1442 2720 1751 2778 Exponentibus
1765 2734 1840 2776 pro
1855 2720 1971 2763 totali
1986 2719 2080 2763 dieti
2099 2716 2334 2761 Conventus
2347 2717 2482 2759 ambi-

1441 2791 1487 2824 tu
1514 2777 1728 2823 neceffaria
1756 2780 1865 2829 erit,
1899 2788 2133 2835 permutare
2165 2777 2298 2821 libere
2316 2806 2330 2828 ‚
2361 2777 2401 2816 &
2422 2775 2477 2816 li-

1439 2839 1522 2883 cite
1551 2837 1721 2894 poffint,
1751 2839 1789 2880 &
1817 2835 1978 2879 valeant
1997 2867 2010 2888 ,
2043 2838 2250 2880 licentiam
2273 2833 2480 2892 Apostoli-

1437 2913 1484 2943 ει
1510 2899 1797 2948 Auctoritate,
1827 2906 1974 2940 tenore
2002 2894 2250 2951 praesentium
2284 2893 2480 2937 concedi-

1441 2972 1527 3000 mus
1543 2986 1556 3009 ,
1573 2959 1613 3000 δι
1630 2957 1904 3013 impartimur.
1925 2959 2017 2998 Non
2035 2955 2284 2997 obstantibus
2301 2951 2370 2996 fel.
2388 2966 2473 2994 rec.

1442 3016 1554 3061 Pauli
1572 3019 1627 3058 11.
1644 3046 1656 3066 ‚
1672 3018 1712 3059 ὃς
1729 3015 1903 3059 aliorum
1922 3016 2201 3057 Romanorum
2219 3009 2479 3062 Pontificum,

1440 3073 1776 3119 Praedecefforum
1802 3074 2030 3117 nostrorum
2047 3103 2063 3125 ,
2077 3072 2130 3114 de
2156 3073 2275 3116 rebus
2293 3069 2479 3125 Ecclefiae

1444 3149 1528 3179 non
1544 3134 1767 3178 alienandis
1784 3160 1798 3183 ,
1830 3130 1996 3188 aliisque
2009 3129 2378 3183 Constitutionibus
2395 3156 2410 3180 ,
2437 3129 2478 3168 &

1445 3194 1779 3237 Ordinationibus
1807 3190 2050 3248 Apostolicis
2072 3220 2086 3243 ‚
2117 3187 2351 3244 caeterisque
2382 3200 2483 3228 con-

1447 3253 1581 3304 trariis
1597 3252 1923 3310 quibuscunque.
1943 3253 2094 3292 Datum
2107 3251 2248 3293 Romae
2262 3245 2366 3301 apud
2388 3249 2484 3288 San·-

1445 3316 1550 3355 ctum
1571 3316 1736 3355 Petrum
1754 3310 1823 3354 sub
1840 3310 2005 3354 Annulo
2020 3307 2233 3352 Piscatoris
2262 3306 2342 3347 Die
2356 3317 2403 3346 xi
2420 3318 2481 3346 ιι.

1443 3371 1622 3432 Januarii
1651 3383 1871 3414 mncxmv.
1904 3367 2168 3412 Pontificatus
2197 3363 2334 3407 Nostri
2363 3366 2484 3406 Anno

1449 3431 1643 3488 vigesnno
1668 3431 1800 3487 primo
1819 3459 1830 3470 .

1987 3486 2046 3528 M.
2065 3485 2118 3527 A.
2137 3480 2365 3526 Maraldus.

1512 3613 1610 3657 Aut.
1643 3611 1687 3651 in
1717 3606 1888 3651 Archino
1919 3606 2060 3646 Secret.
2091 3606 2211 3645 Brev.
2238 3598 2372 3658 Apost.
2391 3603 2489 3655 Reg.

1566 3666 1697 3725 Mens.⁷
1706 3695 1721 3718 ,
1754 3667 1804 3715 θ’
1819 3665 1927 3709 Anni
1936 3663 2068 3719 pred.
2085 3662 2167 3722 sol.
2181 3661 2254 3704 66.

2335 3839 2430 3892 DE-

1772 300 1850 352 ιβ)
1864 300 1910 338 -iu
1915 300 2012 350 facie
2019 298 2171 350 Capella
2186 298 2352 338 Pietatis
2367 302 2455 351 sttui
2513 337 2516 341 .
