2762 4030
335 298 503 435 sonim
532 380 599 424 seu
627 378 816 438 personas
843 377 1053 435 eligendas
1087 377 1127 420 in
1159 375 1355 420 faciendo
1373 405 1387 429 ,

337 441 657 498 &expediendo
672 440 824 483 dictum
852 439 1128 495 multiplicum
1156 435 1386 493 quomodo·

336 504 441 548 libet
458 501 692 547 faciendum
710 499 871 549 libere,
886 509 930 541 ut
950 500 1066 553 supra
1081 526 1095 550 ,
1129 500 1166 539 8<
1191 497 1290 539 alias
1307 497 1386 537 &c.

336 565 378 606 &
405 575 457 603 ex
484 575 590 604 nunc
618 569 812 618 protunc
840 557 939 603 fasta
969 558 1074 600 dicta
1090 557 1323 607 electione,
1349 556 1387 596 &

339 621 610 677 deputatione
630 634 772 664 omnes
788 650 801 673 ‚
827 621 865 661 &
894 618 1065 673 singulas
1080 616 1267 675 personas
1281 641 1295 664 ,
1314 627 1389 670 per

340 681 493 723 dietum
509 678 818 724 Illustrissimum
837 677 1171 721 D.Cardina1em
1183 705 1196 727 ,
1219 676 1254 717 δι
1271 674 1359 717 suos
1374 701 1389 726 ,

342 739 522 784 semel&
539 739 688 797 pluries
704 765 718 787 ,
730 747 774 781 ut
792 738 924 794 supra,
941 738 1151 792 eligendas
1167 765 1182 787 ,
1205 737 1244 778 &
1259 734 1390 790 depu-

343 798 507 851 tandas,
523 800 632 844 idem
648 796 1016 841 Excellentiffimus
1035 801 1087 840 D.
1099 796 1302 840 Venditor
1316 807 1391 849 pro

343 857 475 914 seipso
498 889 514 910 ,
556 858 709 913 suisque
736 856 960 901 haeredibus
982 887 997 908 ,
1033 860 1072 900 δι
1099 851 1387 898 successoribus

345 917 656 974 quibuscunque
682 914 811 969 fecit,
835 917 1045 960 constituit
1062 946 1076 969 ,
1105 917 1145 959 &
1167 912 1387 969 deputavit

347 980 647 1021 Procuratores
676 976 967 1020 irrevocabiles
991 1002 1006 1024 ,
1035 987 1079 1017 ut
1108 976 1143 1017 in
1173 987 1259 1015 rem
1291 985 1387 1026 pro-

350 1037 511 1092 priam,
537 1036 662 1080 etiam
693 1036 830 1079 medio
854 1035 1113 1093 juramento,
1131 1031 1232 1074 facta
1248 1034 1385 1072 Cruce

347 1097 430 1137 &c-
462 1096 513 1137 ad
526 1096 716 1153 praedifta
745 1095 880 1138 omnia
899 1125 914 1148 ,
945 1096 986 1136 δι
1012 1092 1161 1149 singula
1178 1121 1190 1142 ‚
1220 1092 1260 1131 &
1277 1089 1386 1132 alia...

352 1159 481 1196 etiam
511 1154 688 1212 desuper
719 1153 938 1198 necessaria
956 1182 971 1206 ,
1000 1156 1039 1195 ὃ(
1059 1161 1288 1208 opportuna
1317 1162 1390 1190 va-

350 1211 465 1264 lide,
496 1215 533 1256 &
558 1214 744 1272 legitime
779 1209 968 1256 facienda
993 1242 1007 1264 ,
1050 1208 1283 1267 peragenda
1301 1238 1316 1259 ,
1349 1208 1389 1248 δι

350 1274 628 1327 exequenda,
661 1288 756 1318 cum
787 1272 1017 1329 praedictis,
1048 1274 1084 1311 δι
1106 1269 1192 1311 aliis
1223 1267 1387 1324 quibus-

350 1345 513 1385 cunque
538 1332 730 1376 clausulis
753 1362 768 1382 ,
799 1330 1120 1373 authoritatibus
1137 1357 1150 1379 ,
1183 1324 1390 1381 &facul-

350 1389 505 1432 tatibus
524 1392 675 1439 ,etiam
702 1389 970 1433 substituendi
988 1389 1067 1430 διε.
1085 1387 1261 1443 desuper
1289 1399 1391 1442 quo-

347 1448 579 1492 modolibet
609 1449 835 1492 neceffariis
854 1477 869 1499 ,
901 1450 939 1490 δε
963 1447 1236 1504 opportunis,
1269 1448 1384 1502 pacto

345 1518 513 1559 tamen,
543 1511 582 1551 &
605 1508 849 1552 conditione
876 1506 1055 1562 desuper
1081 1505 1299 1563 appositis,
1325 1504 1385 1547 vi-

346 1565 535 1616 delicet,
565 1567 677 1624 quod
696 1565 926 1622 hujusmodi
944 1581 1125 1621 procurae
1155 1564 1385 1608 mandatum

349 1639 425 1682 per
452 1636 631 1669 mortem
657 1625 755 1668 disti
784 1624 1120 1669 Excellentiffimi
1151 1627 1204 1667 D.
1233 1624 1388 1674 Ducis,

349 1699 396 1728 ac
418 1683 504 1740 ejus
535 1685 736 1729 haeredum
754 1713 769 1736 ,
799 1686 838 1726 &
864 1682 1129 1727 successorum
1155 1684 1389 1727 nullatenus

347 1742 530 1797 exspiret
547 1773 561 1796 ‚
593 1743 663 1786 fed
690 1742 815 1786 duret
830 1772 845 1795 ,
875 1745 915 1785 &
929 1742 1081 1786 durare
1097 1744 1248 1786 debeat
1260 1770 1274 1790 a
1291 1745 1318 1784 sl
1335 1742 1390 1784 ita

349 1802 462 1844 dicto
490 1802 763 1847 Illustriffimo
791 1805 844 1845 D.
868 1802 1082 1846 Cardinali
1099 1832 1112 1854 ,
1143 1804 1182 1845 &
1203 1801 1280 1844 suis
1306 1804 1385 1843 &c-

352 1860 593 1915 videbitur‚
624 1864 664 1905 &
683 1861 893 1918 placebit,
921 1863 962 1902 &
990 1877 1070 1904 non
1099 1862 1198 1904 alias
1226 1863 1304 1902 &c-
1326 1857 1389 1901 us-

351 1933 434 1976 que
461 1919 513 1962 ad
538 1922 788 1979 completum
814 1921 1049 1977 praedictum
1075 1920 1352 1977 multiplicum
1375 1945 1389 1968 ,

353 1992 520 2023 necnon
553 1980 778 2038 respective
801 1981 924 2023 etiam
953 1995 1045 2024 cum
1074 1983 1218 2037 pac'to,
1253 1980 1291 2020 &
1317 1977 1390 2019 de·

353 2037 611 2089 claratione,
630 2039 847 2084 videlicet:
880 2040 988 2096 quod
1015 2040 1146 2083 dictus
1175 2035 1392 2081 Illustriffi-

352 2111 444 2140 mus
461 2101 514 2140 D.
533 2103 733 2155 Emptor,
769 2113 845 2140 nec
871 2099 1051 2141 excausa
1076 2100 1189 2142 dietae
1218 2094 1391 2138 faculta-

354 2157 409 2198 tis
427 2183 441 2206 ,
472 2159 538 2207 ei,
551 2169 598 2201 ut
612 2158 747 2214 supra,
762 2158 966 2200 attributae
982 2187 996 2208 ,
1011 2172 1085 2200 nec
1101 2172 1149 2200 ex
1164 2156 1304 2213 quavis
1317 2154 1396 2198 alia

354 2214 474 2258 causa
488 2243 502 2265 2
523 2215 786 2273 quantumvis
802 2216 1006 2271 incognita
1021 2246 1037 2267 ‚
1065 2216 1397 2272 &inexcogitata

355 2286 550 2319 teneatur
581 2276 713 2319 subire
739 2289 840 2317 onus
867 2276 965 2317 dieti
985 2276 1289 2326 investimenti,
1321 2287 1394 2316 nec

357 2335 491 2378 minus
518 2335 570 2378 ad
601 2334 755 2379 distum
787 2335 1113 2378 investimentum
1138 2363 1152 2385 ,
1182 2336 1220 2375 &
1252 2347 1397 2376 cumu-

359 2395 448 2437 lum
474 2394 779 2449 procurandum
809 2421 824 2443 ,
855 2395 893 2435 &
920 2392 1226 2449 adimplendum
1245 2421 1258 2444 ,
1290 2391 1396 2448 pari-

359 2464 513 2510 terque
542 2468 621 2496 non
637 2460 829 2495 teneatur
855 2451 908 2492 de
925 2452 1059 2506 aliqua
1086 2451 1369 2506 negligentia.»
1384 2478 1399 2501 ,

360 2513 432 2555 vel
448 2514 566 2570 culpa
582 2540 598 2562 ,
629 2510 697 2554 seu
712 2510 811 2553 dolo
825 2510 973 2557 ,etiam
987 2508 1167 2564 personae
1179 2536 1193 2559 ,
1226 2509 1291 2551 seu
1306 2522 1400 2563 per-

360 2571 551 2616 sonarum
579 2572 629 2615 ab
654 2585 733 2621 e0,
765 2578 812 2610 ut
840 2566 959 2624 supra
987 2597 1001 2619 2
1033 2566 1398 2622 deputandarum

362 2634 524 2689 sicque,
550 2629 705 2675 etiamsi
733 2627 883 2670 dietum
910 2627 1187 2682 multiplicum
1214 2628 1255 2668 in
1278 2626 1395 2668 debi-

361 2695 414 2738 tis
439 2691 627 2736 terminis
645 2719 660 2742 ,
690 2690 731 2730 &
756 2687 1008 2743 temporibus
1038 2683 1183 2727 factum
1211 2700 1291 2728 non
1310 2684 1400 2727 sue—

363 2756 445 2805 rit,
473 2748 640 2808 aliquod
672 2747 865 2791 damnum
888 2776 902 2797 ,
936 2745 1002 2786 vel
1030 2744 1328 2786 detrimentum
1354 2742 1400 2785 fi·

364 2812 518 2856 militer
535 2809 619 2867 pati
636 2822 714 2851 non
731 2804 846 2863 poslit
862 2833 876 2855 ,
908 2799 978 2846 sed
996 2804 1136 2859 omnis
1150 2801 1265 2846 causa
1296 2801 1403 2860 ejus-

364 2873 462 2915 dem
487 2867 735 2924 multiplici,
767 2863 1122 2911 &investimenti,
1138 2872 1261 2917 prout
1274 2863 1403 2907 etiam

364 2944 493 2975 omne
533 2927 717 2986 ejusdem
756 2923 1013 2969 instrumenti
1053 2921 1283 2979 periculum
1312 2951 1328 2974 ,
1364 2923 1403 2963 &

363 2992 560 3034 damnum
588 3019 604 3040 ,
650 2987 773 3029 etiam
809 2980 985 3041 cujusvis
1021 2980 1358 3025 deteriorationis
1389 3009 1404 3031 ,

365 3050 436 3093 vel
467 3046 730 3091 extractionis
755 3076 769 3099 ,
801 3054 872 3088 aut
895 3042 1184 3094 extinctionis,
1221 3041 1287 3084 vel
1317 3040 1403 3083 evi-

350 3109 576 3160 -ctionis‚ex
590 3107 730 3163 quavis
747 3104 862 3148 causa
879 3103 1179 3160 provenientis,
1195 3103 1234 3143 &
1249 3114 1403 3156 expen-

359 3169 407 3213 sae
430 3182 504 3223 pro
527 3177 714 3220 tempore
740 3163 937 3207 facienda:
963 3162 1003 3204 in
1028 3162 1208 3204 emendo
1225 3191 1239 3211 ,
1271 3162 1311 3201 &
1333 3174 1402 3202 ex-

359 3225 569 3286 pediendo
583 3225 736 3268 dietum
754 3223 1031 3276 multiplicum
1045 3253 1060 3274 ,
1084 3223 1121 3263 &
1140 3220 1401 3263 investimen-

363 3294 539 3335 tum,ut
570 3286 684 3340 supra
701 3313 714 3334 ,
745 3286 785 3325 &
811 3281 1034 3338 respective
1063 3295 1186 3323 omne
1213 3279 1398 3330 lucrum,

360 3354 627 3402 augmentum
645 3372 659 3394 ,
691 3345 728 3385 &
750 3342 1010 3385 commodum
1039 3356 1088 3386 ex
1110 3338 1264 3383 eisdem
1280 3339 1396 3382 inve-

359 3408 579 3456 stimento,
611 3405 649 3445 δε
676 3402 939 3458 multiplico,
967 3417 1044 3458 pro
1072 3412 1264 3457 tempore
1302 3413 1398 3455 pro-

363 3476 567 3513 ventura,
583 3463 792 3519 Γρεᾶεηῑ,
822 3463 861 3503 δε
882 3463 1114 3517 pertineant
1145 3460 1195 3503 ad
1213 3460 1396 3504 dietum„

365 3522 758 3568 Excellentiffimum
798 3523 850 3563 D.
879 3524 1036 3563 Ducem
1068 3550 1082 3572 ‚
1125 3520 1291 3575 suosque
1319 3520 1395 3561 &c.

367 3598 456 3624 cum
471 3583 714 3638 hypothecis
741 3580 1106 3631 tamen,clausulis
1138 3608 1152 3631 ,
1182 3581 1220 3621 &
1251 3590 1393 3623 caute·-

368 3642 417 3684 lis
433 3640 698 3697 supradiffis,
727 3643 766 3683 &
795 3638 899 3683 infra
923 3638 1198 3696 specificandis
1228 3640 1266 3681 in
1282 3638 1394 3682 favo-

348 3713 459 3742 ·rem
487 3700 580 3741 dic'ti
611 3699 859 3744 Illustriffimi
887 3703 939 3742 D.
956 3698 1218 3749 Cardinalis,
1250 3700 1342 3746 cui,
1368 3698 1394 3741 fi

371 3758 524 3800 dictum
557 3758 882 3804 investimentum
911 3758 981 3803 fiat
1010 3788 1024 3811 ,
1057 3759 1123 3800 vel
1160 3759 1264 3802 male
1296 3757 1397 3812 fiat,

374 3826 439 3859 utt
474 3814 585 3857 aliud
623 3817 761 3859 sinistri
794 3842 809 3864 2
854 3820 920 3862 vel
958 3817 1181 3875 praejudicii
1218 3817 1399 3874 accidit,

374 3876 591 3933 quicquam
616 3875 786 3918 adscribi
809 3904 823 3926 ,
857 3879 924 3921 vel
948 3879 1139 3934 imputari
1163 3892 1241 3921 non
1256 3876 1403 3935 poffit,

1145 251 1706 348 Provincia

1447 380 1660 438 minusque
1676 383 1752 436 p'er
1767 378 2044 439 quoscumque
2058 382 2288 438 consensus,
2301 397 2353 430 ex
2369 389 2483 435 causa

1448 438 1766 497 praemissorum,
1796 439 2194 500 &infrascriptorum
2219 446 2484 502 praestandos,

1451 499 1544 543 ullo
1582 512 1758 557 unquam
1790 509 1982 557 tempore
2021 504 2091 559 ipsi
2130 504 2396 547 Illustriffimo
2432 509 2487 549 D.

1451 557 1667 603 Cardinali
1693 559 1934 611 censeatur,
1964 574 2042 605 nec
2070 565 2116 606 fit
2136 563 2298 606 illatum
2320 564 2486 620 aliquod

1449 617 1641 661 damnum
1662 645 1678 669 ,
1721 619 1761 658 &
1790 618 2065 676 praejudicium
2092 651 2107 674 ,
2138 622 2206 666 sed
2236 623 2448 666 consensus
2469 652 2485 677 ,

1449 681 1882 723 &contentamentum
1909 678 2136 735 hujusmodi
2165 683 2482 739 intelligantur,

1450 740 1492 780 δι
1505 736 1578 780 fint
1594 736 1776 781 adhibita
1790 766 1806 787 ,
1839 736 2109 795 adhiberique
2126 768 2140 792 ,
2170 743 2488 785 &intervenire

1450 797 1629 840 debeant
1657 809 1732 852 pro
1757 796 1845 853 ejus
1863 794 1980 851 jure,
2010 799 2051 838 &
2077 798 2262 844 inter-effe
2279 829 2293 852 ,
2323 803 2363 842 &
2387 815 2489 843 cau-

1449 857 1543 900 telis
1558 857 1745 906 tantum,
1776 857 1817 896 δε
1846 868 1926 896 non
1946 854 2046 898 alias
2068 885 2082 909 ,
2116 857 2266 911 aliter,
2300 874 2374 903 nec
2404 860 2485 903 alio

1447 917 1572 960 modo
1595 945 1610 969 ,
1641 914 1732 972 quia
1762 913 1813 956 fic
1841 915 1918 956 δίε.
1938 916 1986 957 ln
2010 925 2206 959 eventum
2236 921 2335 963 vero
2349 930 2488 963 extra-

1448 977 1596 1019 ctionis
1623 1005 1638 1025 ,
1681 971 1750 1014 vel
1775 973 2032 1017 extinfflonis
2059 974 2241 1019 locorum
2282 979 2489 1021 Montium

1447 1049 1523 1093 pro
1539 1031 1773 1087 multiplico
1795 1028 1986 1076 faciendo
2011 1034 2282 1078 emendorum
2297 1065 2310 1087 ,
2343 1039 2383 1079 δι
2406 1038 2492 1082 res-

1448 1092 1632 1151 pective,
1647 1101 1690 1132 ut
1711 1090 1840 1147 supra,
1857 1092 2216 1147 cumulandorum,
2231 1096 2272 1136 ὃ(
2288 1096 2489 1153 multipli-

1449 1150 1674 1196 candorum
1689 1178 1705 1201 ,
1718 1152 1756 1192 δι
1771 1149 1943 1209 alicujus
1965 1165 2106 1197 eorum
2119 1182 2134 1205 ,
2169 1165 2456 1198 convenerunt
2474 1183 2490 1208 ,

1450 1211 1559 1270 quod
1595 1208 1771 1267 pretium
1799 1209 1966 1254 illorum
1993 1212 2145 1270 deponi
2174 1213 2328 1257 debeat
2367 1228 2491 1272 penes

1451 1276 1621 1317 Sacrum
1659 1272 1848 1313 Mentem
1875 1270 2046 1316 Pietatis
2086 1288 2178 1315 cum
2215 1273 2489 1327 conditione,

1452 1330 1561 1388 quod
1585 1328 1733 1372 exinde
1756 1331 1972 1383 amoveri,
2006 1334 2045 1373 &
2073 1331 2205 1375 levari
2238 1346 2319 1376 non
2350 1333 2463 1389 poffit
2482 1362 2497 1383 ,

1454 1392 1523 1434 niss
1551 1387 1601 1431 ad
1618 1387 1805 1432 effe-stum
1825 1388 1929 1432 illud
1955 1391 2243 1435 reinvestiendi
2274 1392 2312 1434 in
2328 1392 2493 1435 aliislo·

1445 1451 1501 1494 cis
1517 1451 1721 1492 Montium
1734 1475 1748 1497 a
1764 1462 1845 1493 non
1863 1450 2104 1493 vacabilium
2116 1477 2131 1500 ,
2147 1449 2329 1509 ejusdem
2361 1454 2414 1495 R.
2436 1453 2490 1493 C.

1448 1508 1693 1567 Apostolicae
1707 1534 1722 1555 ι.»
1745 1507 1875 1552 modis
1892 1537 1907 1561 ,
1937 1511 1975 1551 &
1991 1508 2128 1552 formis
2143 1540 2159 1561 ,
2191 1525 2238 1552 ac
2255 1524 2347 1552 cum
2365 1510 2492 1553 scien.

1448 1571 1533 1620 tia,
1564 1567 1763 1611 consensu
1790 1595 1804 1619 ,
1837 1568 2013 1611 vinculis
2033 1599 2046 1621 ,
2081 1567 2268 1612 clausulis
2289 1597 2304 1620 ,
2341 1570 2491 1612 autho—

1449 1627 1668 1679 ritatibus,
1700 1625 2001 1679 facultatibus,
2032 1627 2413 1678 declarationibus,
2453 1629 2494 1669 &

1450 1688 1638 1733 omnibus
1657 1685 1747 1728 aliis
1769 1685 2004 1742 supradietis
2019 1713 2033 1734 ,
2066 1689 2106 1729 &
2129 1686 2171 1729 id
2199 1685 2288 1728 fieri
2305 1713 2319 1733 a
2351 1684 2494 1729 serva-

1451 1749 1485 1792 ri
1505 1774 1520 1796 a
1550 1748 1591 1788 &
1614 1744 1831 1800 adimpleri
1863 1745 2015 1787 debeat
2042 1746 2165 1788 toties
2194 1771 2209 1793 ,
2240 1746 2406 1802 quoties
2433 1745 2494 1789 al-

1450 1817 1515 1852 ter
1528 1819 1578 1848 ex
1595 1804 1830 1860 supradietis
1859 1804 2008 1846 casibus
2039 1804 2259 1851 evenerit,
2297 1805 2420 1846 etiam
2447 1805 2490 1847 in

1448 1863 1793 1910 reinvestimentis
1821 1876 1895 1918 pro
1920 1872 2108 1919 tempore
2136 1861 2328 1906 faciendis
2347 1889 2362 1908 ι,
2395 1864 2492 1919 quia

1449 1929 1502 1969 fic
1537 1923 1690 1980 pariter
1718 1925 1851 1965 astum
1881 1924 1956 1965 &c.
1996 1923 2239 1977 promittens
2262 1948 2276 1971 ,
2319 1922 2359 1963 &
2386 1921 2494 1965 affir-

1452 1997 1565 2029 mans
1590 1982 1722 2025 dietus
1739 1980 2108 2024 Excellentiffimus
2126 1985 2179 2024 D.
2197 1980 2402 2026 Venditor
2429 1981 2497 2023 di-

1452 2049 1557 2088 ctum
1590 2043 1735 2088 situm,
1767 2051 1812 2084 ut
1837 2042 1983 2098 supra,
2012 2040 2223 2084 venditum
2250 2054 2346 2083 cum
2374 2040 2492 2096 ipfius

1457 2103 1612 2162 juribus
1649 2103 1725 2144 διο.
1765 2098 1844 2143 elle
1887 2103 2003 2158 ipsius
2046 2100 2395 2144 Excellentissimi
2442 2102 2495 2140 D.

1458 2161 1729 2208 VenditoriS,
1760 2162 1800 2201 &
1827 2159 1878 2202 ad
1908 2159 2034 2217 ipsum
2056 2157 2271 2215 spectasse,
2302 2162 2342 2201 &
2365 2158 2495 2215 perti-

1459 2218 1611 2269 nuisse,
1643 2234 1689 2263 ac
1711 2219 1928 2276 spectare,
1959 2222 1999 2261 &
2025 2220 2237 2275 pertinere
2269 2245 2283 2267 a
2314 2220 2355 2260 &
2380 2215 2496 2262 effes·

1458 2278 1617 2338 prorsus
1642 2279 1818 2321 liberum
1845 2306 1860 2328 ,
1892 2279 2111 2321 immunem
2137 2304 2151 2325 ,
2183 2280 2223 2319 δι
2258 2289 2495 2332 exemptum

1459 2340 1510 2383 ab
1536 2338 1723 2381 omnibus
1749 2364 1764 2386 ,
1794 2338 1834 2378 δι
1863 2339 2029 2392 fingulis
2058 2337 2239 2380 cenfibus
2265 2364 2280 2386 ,
2312 2335 2495 2380 Canoni-

1460 2399 1559 2445 bus,
1590 2398 1630 2437 &
1654 2392 1977 2451 responsionibus
1992 2396 2230 2443 servitutis,
2261 2395 2519 2439 devoluti0-·

1462 2458 1550 2504 nis,
1581 2454 1854 2503 caducitatis,
1884 2455 2250 2511 primogenituris,
2283 2453 2497 2499 fideicom-

1462 2512 1578 2557 missis
1607 2510 1831 2567 purificatis
1858 2539 1872 2560 ,
1912 2515 1980 2556 vel
2008 2513 2267 2568 purificandis
2292 2540 2306 2559 ⁵
2349 2515 2386 2554 &
2413 2512 2496 2555 alio

1462 2583 1702 2631 quocunque
1716 2583 1861 2620 onere,
1877 2571 2104 2627 hujusmodi
2123 2570 2434 2618 venditionem,
2455 2571 2495 2611 &

1460 2629 1750 2675 alienationem
1773 2655 1788 2678 ,
1831 2630 2142 2686 quomodolibet
2174 2629 2493 2686 impediente),

1461 2690 1530 2734 vel
1547 2687 1656 2745 quod
1679 2689 1740 2731 illi
1768 2690 1806 2731 in
1819 2689 1955 2745 aliquo
1970 2688 2232 2747 praejudicare
2247 2687 2361 2744 possit
2378 2715 2392 2735 a
2421 2701 2496 2730 ne-

1463 2749 1639 2806 minique
1663 2747 1784 2791 alteri
1812 2748 1988 2805 personae
2003 2750 2076 2792 διε.
2105 2748 2143 2790 in
2162 2757 2322 2797 totum,
2355 2747 2420 2789 vel
2452 2747 2494 2787 in

1463 2818 1620 2867 partem
1648 2804 1760 2850 fuisse
1781 2832 1796 2854 a
1828 2821 1904 2850 nec
1933 2807 2012 2850 esse
2037 2807 2247 2850 venditum
2272 2834 2286 2855 ,
2319 2806 2490 2852 datum,

1464 2869 1662 2911 donatum
1687 2894 1702 2915 ,
1745 2865 1892 2909 celsum
1924 2893 1941 2916 ,
1983 2864 2212 2910 concessum
2235 2893 2250 2915 a
2280 2873 2493 2923 permuta-

1465 2938 1550 2971 tum
1577 2953 1592 2975 ,
1632 2935 1700 2968 aut
1730 2925 1828 2970 alias
1860 2926 2172 2983 quomodolibet
2207 2926 2494 2972 alienatum-2,

1464 2985 1722 3031 alienationis
1740 2986 1862 3028 etiam
1879 2985 2081 3029 vocabulo
2099 2983 2283 3028 latissime
2305 2985 2465 3040 sumpto
2479 3008 2495 3030 a

1464 3045 1571 3090 &de
1601 3059 1651 3088 eo
1670 3059 1748 3088 non
1767 3043 1879 3088 fuiffe
1895 3043 2079 3094 factum,
2111 3061 2186 3088 nec
2216 3044 2305 3087 ullo
2319 3056 2495 3097 unquam

1463 3118 1656 3162 tempore
1671 3105 1944 3160 appariturum
1977 3106 2100 3148 alium
2118 3106 2291 3162 aliquem
2328 3111 2495 3145 contra-

1463 3178 1574 3210 ctum
1587 3166 1663 3206 &c-
1692 3164 1732 3206 in
1746 3164 2022 3222 praejudicium
2046 3163 2250 3221 praesentis
2263 3164 2339 3204 &c.
2362 3157 2495 3217 hujus-

1462 3225 1655 3281 modique
1671 3224 2021 3273 venditionem&
2036 3223 2323 3266 alienationem
2340 3217 2442 3266 esse,
2456 3219 2494 3258 &

1462 3285 1668 3344 perpetuo
1693 3281 1783 3327 fore
1801 3285 1974 3333 bonam,
2005 3285 2044 3326 &
2070 3282 2272 3329 validam,
2306 3281 2493 3334 beneque

1461 3344 1627 3391 valide,
1658 3344 1894 3401 &legitime
1911 3341 2087 3392 factam,
2118 3344 2158 3384 &
2183 3356 2258 3398 pro
2283 3338 2356 3381 tali
2383 3335 2494 3401 omni

1459 3417 1652 3460 tempore
1665 3415 1933 3447 manutenere
1946 3430 1960 3452 2
1992 3405 2032 3445 &
2044 3402 2094 3445 ad
2109 3415 2197 3445 eam
2212 3397 2408 3441 devenire
2425 3395 2493 3436 sibi

1459 3460 1645 3514 licuisse,
1677 3466 1716 3506 &
1743 3464 1870 3507 licere
1895 3490 1908 3512 ,
1941 3464 1979 3505 ὃς
2004 3457 2229 3515 hujusmodi
2256 3455 2493 3499 instrumen-

1461 3534 1534 3573 to,
1567 3537 1612 3565 ac
1635 3523 1821 3566 omnibus
1844 3550 1858 3571 ,
1890 3524 1932 3564 &
1957 3519 2115 3576 fingulis
2140 3519 2180 3561 in
2206 3530 2257 3559 eo
2284 3514 2491 3557 contentis

1457 3583 1597 3627 facere
1623 3584 1852 3626 consentire
1867 3594 2036 3627 omnes,
2061 3574 2372 3633 &quascunque
2399 3587 2491 3629 per-

1457 3643 1572 3688 sonas
1595 3645 1673 3685 &c-
1691 3642 1770 3700 jus,
1785 3641 1851 3685 seu
1869 3640 2071 3684 actionem
2086 3636 2260 3693 aliquam
2283 3632 2403 3689 super
2430 3631 2493 3673 di-

1458 3713 1530 3747 cto
1545 3701 1650 3751 fitu,
1682 3705 1720 3744 &
1744 3701 1852 3745 illius
1878 3698 2033 3756 juribus
2062 3698 2138 3738 &c.
2166 3694 2391 3740 habentes,
2423 3691 2491 3733 vel

1460 3762 1615 3806 habere
1637 3759 1949 3818 quomodolibet
1975 3755 2274 3812 praetendentes
2290 3781 2303 3801 ,
2334 3749 2489 3795 etiamst

1462 3821 1761 3866 Ecclesiasticus
1776 3821 1853 3860 διε.
1878 3818 1940 3859 Ita
1955 3815 2064 3873 quod
2086 3816 2164 3856 διε.
2181 3813 2294 3857 litem
2312 3815 2390 3855 &c-
2410 3823 2489 3853 non

1461 3879 1644 3931 inferre,
1673 3876 1956 3924 net-inferenti
1982 3874 2294 3933 quomodolibet
2321 3870 2491 3939 consen·

2331 3942 2436 3979 tlte,
