2762 4030
171 340 319 383 Exemptio

125 382 216 420 quoad
241 393 290 413 car

123 431 186 452 fle„
194 441 204 453 ο

398 246 459 325 4
1097 211 1774 301 monumenta

437 333 534 366 Dum
558 339 652 366 anno
672 327 773 366 1686.
797 330 889 368 cisen
917 330 1066 367 Carnem
1080 353 1092 374 ‚
1114 329 1264 378 ejusdem
1286 329 1583 378 asperationem,
1602 329 1876 368 traniitatio'nem
1890 351 1903 374 ,
1923 328 2266 368 &introduffionem
2293 331 2500 371 Conventus

336 379 448 418 noster
476 377 627 415 Viterbii
654 379 696 415 ab
715 380 1010 427 Appaltatotibus
1024 378 1206 416 molestius
1220 379 1439 437 jaciebatur,
1465 379 1500 416 8<
1525 379 1656 416 solutio
1677 380 1823 425 gabeiloe
1846 379 1999 426 quati-ini
2023 379 2160 417 fortiter
2173 379 2402 424 exigebatur,
2424 382 2503 427 pos-

336 429 440 467 sessio
454 426 561 463 nostri
583 427 760 475 privilegii
775 438 898 465 contra
924 441 1028 466 vexas
1053 428 1118 464 fuit
1136 430 1306 467 vindicata
1328 428 1440 477 primo
1468 438 1530 476 pes
1555 429 1774 467 Sententiam
1800 439 1898 464 anno
1931 429 2034 464 1662.
2050 429 2086 464 in
2115 430 2219 477 plena
2236 429 2384 465 Camere
2409 441 2503 467 ema·

334 489 448 515 natam
465 500 478 520 ‚
500 474 730 526 &set-undo&
746 477 937 515 Cerdinale
951 480 993 515 ab
1006 478 1149 515 Altetiis
1162 479 1309 516 chmem.
1322 479 1456 517 S.R.E.
1469 478 1671 515 camerario
1682 479 1768 522 ,seu
1778 479 1798 514 ὲ
1811 479 1843 514 b.
1859 477 2065 526 m.Josepho
2078 478 2121 514 de
2136 478 2236 523 Aste,
2246 486 2330 515 tunc
2344 477 2501 517 R.C.A.

334 526 492 571 clerico,
508 525 737 564 intercedente
750 527 953 566 Sanfflffimi
975 528 1073 566 'vivae
1091 526 1197 565 vocis
1213 529 1385 573 Οησυίο,
1399 538 1460 576 per
1475 527 1622 575 speciale
1634 554 1645 570 ,
1667 527 1703 564 ἃ
1724 527 1869 576 sequens
1887 525 2118 563 Monitorium
2134 551 2145 564 .

925 629 1890 701 PAULUTIUbs

527 750 653 792 Tituli
679 747 860 806 Bast‘litae
887 747 1040 791 Saucia
1069 750 1218 791 Mart‘ae
1250 747 1542 806 Transtyberim
1575 747 1779 803 Presbyter
1809 747 2036 790 Cardinalis
2063 748 2108 790 de
2135 749 2302 794 Alte-riis

971 806 1125 850 Sanciae
1155 810 1340 851 Romanae
1373 806 1546 862 Ecclssae
1573 809 1826 851 Camerarius
1843 835 1854 848 .

437 926 600 976 Niverfis
617 950 628 971 ‚
652 927 695 968 (θ’
706 926 854 976 fingulis
876 925 961 963 RR.
986 928 1068 965 DD.
1087 925 1287 964 Abbatibus
1301 949 1309 962 ,
1331 926 1552 971 Prioribus,
1572 927 1759 978 Praepofitis
1774 952 1786 971 ,
1813 925 1966 964 Dec-anis
1992 953 2001 968 ‚
2025 925 2192 964 Diaconis
2215 952 2224 967 ‚
2247 927 2466 979 presbyteris
2479 956 2492 976 ‚

449 977 599 1015 Clericis
613 999 625 1019 ,
651 974 821 1014 Notariis
841 1001 852 1020 ‚
875 977 918 1017 ὼ·
937 976 1194 1014 Tabellionibus
1217 974 1393 1024 publicis,
1421 977 1681 1026 quibuscunque
1696 1000 1707 1020 ,
1735 975 1880 1025 illique,
1901 975 1961 1013 vel
1981 975 2078 1020 illis,
2101 976 2147 1012 ad
2175 988 2274 1025 quem
2289 1001 2301 1023 ‚
2341 991 2383 1015 eu
2410 991 2492 1028 quos

322 1072 324 1074 K
355 1025 509 1074 raesentes
535 1037 576 1061 no
605 1035 651 1060 rae
670 1027 902 1074 pervenerint
927 1051 936 1066 ‚
962 1036 1024 1063 aut
1050 1024 1138 1062 alias
1156 1024 1402 1073 quomodolibet
1426 1024 1553 1075 ostensae
1576 1051 1590 1070 ,
1617 1025 1676 1062 vel
1694 1027 1904 1074 praesentatae
1910 1025 2051 1074 fuerint
2063 1050 2075 1070 ,
2080 1024 2230 1074 salutem
2251 1026 2291 1062 in
2354 1030 2488 1065 omino.

330 1070 538 1112 NOVERI
574 1074 618 1111 IS
638 1098 651 1117 ‚
701 1074 769 1110 uod
791 1077 830 1110 in
854 1074 955 1122 plena
973 1076 1118 1113 Camera
1141 1072 1348 1123 aspostolica
1365 1075 1433 1123 sub
1454 1075 1510 1111 die
1524 1075 1709 1124 24.mensis
1734 1074 1948 1113 Novembris
1964 1072 2119 1123 proxim&
2135 1076 2309 1122 prateriti
2322 1084 2494 1125 exparte,

322 1121 374 1174 k&
397 1122 446 1160 ad
467 1124 667 1174 instantiam
718 1135 772 1160 en.
791 1124 1015 1164 Conventus,
1032 1125 1075 1166 &³
1094 1122 1179 1159 RR.
1194 1123 1270 1161 PP-
1293 1123 1425 1161 Sancte
1448 1123 1578 1162 Mariae
1590 1125 1632 1162 de
1645 1124 1821 1161 Aracaeli.
1849 1125 2063 1173 omniumque
2084 1122 2232 1160 aliorum
2246 1122 2492 1162 conventum

327 1170 529 1221 Religionis
555 1173 690 1210 Minor.
721 1173 842 1221 Obser.
864 1173 985 1209 Sanfii
1008 1172 1184 1221 Francisci
1208 1196 1221 1216 ‚
1252 1182 1324 1210 tam
1346 1183 1468 1211 contra
1491 1173 1707 1210 Dohanerios
1735 1173 1841 1209 vrbis
1853 1178 1868 1212 ‚5
1881 1171 1984 1221 quam
2009 1183 2120 1210 omnes
2143 1172 2230 1208 alios
2245 1172 2491 1222 Appaltatores

326 1220 478 1259 Gabellae
505 1223 635 1260 Carnis
649 1221 797 1258 aliorum
821 1224 1022 1269 quorumvis
1045 1222 1210 1259 locorum.
1227 1221 1402 1270 fueritin
1419 1220 1522 1271 plena
1537 1224 1683 1261 Camera
1706 1221 1912 1272 :Apostolica
1926 1222 2073 1271 confefiia
2096 1220 2325 1270 infrascripta
2344 1222 2490 1273 proposi·

326 1269 378 1306 tio
392 1295 404 1314 ‚
420 1271 584 1308 videlicet
600 1272 778 1309 Committi
802 1270 851 1307 D.
878 1270 920 1306 de
944 1270 1045 1321 Aste,
1072 1271 1128 1307 cui
1152 1269 1262 1312 alias,
1287 1272 1330 1314 (θ’
1343 1271 1413 1319 sub
1433 1271 1490 1308 die
1511 1271 1738 1320 140830bris
1769 1273 1866 1308 1686.
1885 1271 1962 1319 fuit
1978 1268 2143 1321 commiffa
2161 1270 2275 1320 Causa
2299 1282 2341 1308 ex
2359 1280 2489 1321 parte,

325 1318 372 1361 (θ’
396 1319 443 1355 ad
461 1320 661 1370 instantiam
684 1318 769 1355 RR.
786 1319 862 1358 PP.
876 1319 1132 1367 Capueinorum
1161 1321 1337 1358 Civitatis
1352 1318 1390 1358 V
1385 1321 1510 1357 iterbii
1522 1346 1530 1360 .
1552 1321 1596 1362 ὼ·
1630 1322 1676 1358 ub
1689 1321 1746 1357 die
1775 1328 1826 1357 10.
1843 1319 2000 1357 Octobris
2012 1318 2167 1368 proxime
2178 1321 2356 1369 praeteriti
2368 1321 2416 1356 ad
2435 1322 2493 1357 in·

316 1366 484 1417 stantiam
509 1367 599 1406 Ven.
615 1369 817 1405 Conventus
835 1396 842 1410 ,
870 1368 914 1410 ὡ·
938 1367 1168 1407 ῬῬ.Σαηῖὶὶ
1179 1367 1356 1419 Francisci
1375 1370 1510 1407 Minor.
1531 1369 1588 1406 Ob
1603 1382 1652 1406 er.
1667 1368 1838 1407 Matelicae
1864 1379 1986 1406 contra
2011 1368 2257 1419 Appaltatores
2286 1368 2487 1406 ditiorum.»

324 1414 473 1454 locorum
510 1427 595 1466 uper
614 1418 823 1466 exemptione
844 1416 1012 1454 ditiorum
1026 1418 1100 1457 PF.
1114 1428 1281 1467 tanquam
1301 1419 1343 1455 de
1357 1418 1494 1456 Ordine
1510 1419 1791 1456 Mendicantium
1815 1417 1935 1456 Sanfli
1947 1417 2125 1468 Francisci
2149 1425 2355 1466 competente
2369 1417 2390 1454 ὰ
2397 1426 2489 1466 prae-

324 1465 422 1515 tensa
437 1466 476 1515 so
493 1468 612 1504 utione
638 1465 787 1504 Gabellae
800 1467 967 1515 quatreni
990 1469 1139 1504 Carnis.
1170 1468 1212 1509 ὠ·
1233 1466 1414 1517 respeffiive
1439 1468 1610 1506 Carnium
1625 1467 1706 1504 aliis
1729 1469 1770 1503 in
1793 1466 1874 1504 locis
1890 1468 2053 1516 recipien.
2079 1467 2343 1516 asportationem
2366 1467 2413 1503 ad
2436 1467 2490 1503 di-

324 1513 410 1551 Ham
438 1513 631 1553 Civitatem
644 1540 656 1558 ‚
680 1528 740 1552 nec
755 1528 823 1552 non
851 1517 959 1552 etiam
973 1516 1080 1565 super
1093 1517 1330 1564 observatione
1343 1516 1530 1566 sententiae
1549 1525 1613 1566 per
1637 1518 1715 1553 bon.
1729 1529 1823 1553 mem.
1841 1515 2045 1554 Salviatum
2069 1517 2112 1553 de
2133 1525 2212 1553 voto
2235 1513 2343 1563 plenae
2368 1516 2491 1553 Came·

322 1574 371 1603 rae
386 1564 456 1613 sub
477 1565 535 1601 die
551 1568 605 1605 ι6.
621 1563 799 1612 Januarii
818 1566 921 1600 1662.
927 1565 1033 1614 super
1048 1565 1240 1615 hujusmodi
1261 1568 1469 1614 exemptione
1484 1575 1549 1614 per
1571 1565 1644 1601 atta
1668 1566 1812 1602 Monini
1826 1574 1934 1609 ,tunc
1951 1566 2102 1601 Camerae
2123 1562 2318 1614 Apostolicae
2333 1561 2489 1601 Notarii

322 1611 402 1650 latae
408 1612 538 1660 favore
560 1613 644 1650 RR.
659 1613 734 1651 PP.
755 1612 876 1651 Sancti
891 1614 1046 1650 Antonii
1059 1617 1098 1650 in
1119 1615 1242 1652 Monte
1268 1613 1392 1652 Reatis
1418 1614 1571 1651 Ordinis
1596 1613 1718 1651 Sanfiii
1739 1612 1916 1662 Francisci
1937 1613 2134 1651 Strifiiioris
2158 1611 2355 1660 Observan.
2371 1612 2487 1661 hujus.

321 1662 413 1698 modi
428 1663 562 1713 causam
586 1676 662 1700 cum
685 1661 859 1714 clausula,
883 1673 1008 1710 quam,
1029 1664 1072 1705 dy·
1098 1675 1183 1712 quas
1196 1689 1209 1708 ,
1227 1664 1437 1706 &inhiberi
1449 1689 1458 1702 .
1482 1676 1522 1700 ac
1536 1676 1612 1701 cum
1630 1663 1805 1712 facultate
1818 1663 1926 1711 super
1945 1662 2116 1712 praemiffis
2140 1660 2346 1698 concedendi
2364 1663 2489 1699 Moni-

320 1711 452 1748 torinm
465 1723 542 1748 cum
551 1712 783 1756 inhibitione,
788 1713 916 1760 favore
923 1711 1202 1761 supradifiiorum
1224 1713 1299 1752 PP.
1324 1714 1364 1752 S.
1377 1714 1505 1751 Maria
1517 1713 1559 1750 de
1582 1712 1739 1750 Aracoelt
1754 1736 1765 1755 ‚
1791 1709 1994 1752 &aliorum
2020 1711 2266 1748 conventuum
2292 1720 2414 1748 contra
2428 1711 2486 1748 di-

319 1759 383 1795 e'los
404 1760 619 1798 Dohanerios
633 1787 641 1802 ‚
666 1762 710 1803 ἐς·
722 1760 968 1810 Appaltatores
994 1762 1102 1798 vrbis
1117 1786 1128 1806 ‚
1143 1774 1184 1799 ac
1208 1761 1288 1798 aliis
1303 1761 1540 1812 facultatibus
1560 1761 1700 1811 desuper
1726 1757 1937 1810 neceffitriis.
1963 1759 2007 1801 ὠ·
2021 1760 2220 1808 opportunis
2233 1783 2244 1799 ‚
2261 1757 2283 1795 ci
2296 1770 2365 1807 qua
2381 1758 2484 1808 plena

320 1809 468 1846 Camera
490 1811 598 1859 rescri
620 1821 695 1848 tum
711 1810 830 1859 fuerit
849 1810 896 1846 ad
921 1811 1031 1847 Dom.
1046 1811 1088 1847 de
1110 1812 1192 1862 Aste
1211 1835 1224 1855 ,
1249 1814 1310 1860 qui
1325 1811 1556 1849 Monitorium
1579 1822 1655 1847 cum
1667 1811 1877 1847 inhibitione
1904 1810 1944 1845 in
1968 1808 2082 1846 Curia
2099 1835 2105 1847 .
2121 1807 2278 1849 &extra
2294 1807 2402 1856 super
2426 1819 2488 1846 ex·

318 1859 485 1907 emptione
508 1859 530 1901 ὰ
542 1859 583 1909 so
597 1862 717 1898 utione
740 1858 891 1901 Gabellae
916 1861 1082 1908 quatreni
1108 1861 1238 1898 Carnis
1250 1885 1264 1905 ‚
1288 1873 1328 1897 ac
1342 1859 1526 1946 νὲῙρσὲἵίτυὲ
1540 1860 1776 1908 observatione
1787 1859 1971 1907 sententiae
1986 1865 2049 1906 per
2062 1857 2189 1895 diffum
2209 1856 2412 1895 Salviacum
2433 1856 2488 1894 la·

316 1915 379 1948 ta,
406 1907 505 1957 cujus
519 1918 618 1950 tenor
640 1908 724 1950 talis
747 1909 793 1959 est
808 1933 818 1950 ,
837 1918 879 1945 ut
884 1908 1049 1958 sequitur
1062 1910 1249 1948 videlicet.
1279 1911 1359 1948 CH
1393 1910 1438 1948 IS
1444 1909 1495 1946 TI
1518 1907 1745 1949 NOMINE
1769 1905 2137 1994 INVOCATOlro
2154 1904 2343 1943 Tribunali
2360 1905 2487 1954 seden-

316 1965 366 1992 tes
381 1984 387 1991 -
401 1957 445 1997 ὼ·
456 1956 568 2008 solmn
591 1959 704 1996 Deum
713 1967 786 2008 prae
798 1958 904 1995 oculis
917 1958 1079 1996 habentes
1091 1984 1103 2002 ‚
1108 1968 1172 2008 per
1187 1959 1276 1997 hanc
1297 1959 1442 2010 nostram
1465 1959 1501 1997 di
1535 1959 1686 1996 nitivam
1691 1958 1917 2007 sententiam,
1930 1969 2034 2006 quam
2079 1969 2096 1994 e
2119 1956 2205 1994 DD.
2220 1957 2378 1992 Camerae
2389 1957 2485 2005 Apo-

306 2004 433 2054 stolicae
457 2007 735 2046 Conclericorum
758 2007 1017 2059 Praefidentium
1039 2018 1117 2046 voto
1139 2011 1302 2058 pariter,
1325 2010 1369 2052 (θ’
1392 2006 1480 2060 affen
1496 2019 1519 2043 u
1527 2006 1678 2056 ferimus
1698 2010 1738 2044 in
1759 2007 1813 2044 his
1833 2007 1978 2055 scriptis
1999 2008 2040 2042 in
2061 2006 2163 2056 causa
2177 2032 2186 2047 ‚
2211 2004 2255 2047 &⁶
2268 2005 2393 2055 causts,
2406 2015 2480 2053 quae

309 2054 423 2102 primo
447 2056 486 2095 in
497 2058 612 2104 prima
639 2069 753 2095 coram
776 2057 822 2094 D.
837 2057 1067 2105 Thesaurario
1090 2058 1257 2096 Generali
1269 2059 1347 2101 ,εἴγ’
1349 2058 1458 2108 secun
1485 2056 1502 2093 ὸ
1525 2058 1564 2093 in
1582 2057 1759 2106 secunda,
1774 2058 1840 2106 seu
1865 2056 1936 2093 alia
1966 2057 2102 2093 veriori
2130 2054 2306 2106 instantiis
2330 2065 2478 2090 coram-o

316 2100 433 2142 Nobis
448 2105 552 2154 vcrsae
567 2105 720 2153 fuerunt
731 2129 744 2150 ,
771 2106 814 2147 όν
827 2115 1018 2143 vertuntur
1030 2108 1125 2144 inter
1151 2109 1197 2145 D.
1214 2107 1388 2158 ‘Joannem
1405 2105 1611 2147 Palumbum
1621 2106 1897 2144 ‘Procuratorem
1912 2105 2063 2142 Ordinis
2079 2105 2174 2143 Min·
2186 2103 2384 2142 Strifiioris
2406 2102 2481 2139 Ob-

305 2152 499 2200 servantiae
523 2156 659 2197 nomine
683 2156 885 2193 Conventus
907 2157 1101 2204 nuncupati
1112 2158 1152 2194 S.
1171 2158 1326 2195 Antonii
1347 2157 1388 2194 de
1403 2156 1526 2194 Monte
1549 2157 1723 2195 Civitatis
1745 2155 1869 2194 Reatis
1894 2157 1933 2193 S.
1949 2153 2149 2205 Francifi·i,
2178 2152 2408 2201 Fratrumque
2420 2151 2480 2187 di-

315 2200 359 2237 fis·
373 2201 524 2239 Ordinis
544 2203 701 2246 afforem,
729 2205 772 2246 &
793 2204 1016 2254 appellantem
1036 2215 1078 2242 ex
1090 2217 1161 2242 una
1174 2228 1186 2247 ,
1208 2207 1252 2249 ὼ·
1271 2207 1356 2245 DD.
1383 2207 1574 2244 Lauretum
1596 2204 1825 2253 Angelonum
1850 2233 1859 2247 ‚
1887 2203 2072 2254 Jofiephum
2099 2203 2261 2241 Flavium
2287 2229 2296 2244 ‚
2323 2203 2367 2244 ὼ·
2391 2202 2476 2237 alios

315 2248 576 2300 ‹A'ppaltatorcs
600 2251 750 2290 Gabellae
775 2255 941 2302 quatreni
966 2255 1096 2292 Carnis
1114 2256 1154 2290 in
1176 2255 1267 2292 dieta
1283 2257 1443 2294 Civitate
1468 2254 1594 2291 Reatis
1607 2279 1620 2299 ,
1643 2254 1778 2296 &litis
1806 2256 1986 2305 Consortes
2011 2265 2086 2290 reos
2110 2254 2307 2292 Conventus
2324 2275 2335 2292 2
2359 2251 2402 2293 δ’
2421 2263 2442 2286 a
2472 2269 2481 2278 ν

310 2299 470 2349 pellatos,
479 2303 643 2350 partibus
667 2314 708 2339 ex
719 2301 844 2348 altera,
849 2303 954 2353 saper
974 2304 1181 2352 exemptione
1196 2304 1217 2340 a*
1235 2305 1405 2353 praetensa
1418 2304 1592 2351 solutione
1615 2303 1710 2340 dieta.
1723 2303 1873 2341 Gabellae
1899 2304 2065 2352 quatreni
2086 2303 2239 2341 Carnis,
2265 2302 2311 2344 ὠ·
2323 2301 2397 2348 resp
2447 2300 2481 2334 i-

315 2347 360 2386 vi
388 2349 560 2387 Carnium
573 2350 653 2387 aliis
667 2353 706 2386 in
728 2350 810 2388 locis
834 2354 997 2400 recipien.
1011 2377 1019 2391 ‚
1035 2352 1289 2400 asportatione,
1315 2353 1482 2402 rebusque
1505 2351 1586 2388 aliis
1601 2351 1674 2392 &c-
1699 2349 1785 2400 Vifis
1809 2353 1970 2389 videndis
1993 2353 2142 2388 dicimus
2159 2377 2169 2392 ,
2189 2351 2477 2398 pronunciamus,

315 2396 549 2438 declaramus,
565 2400 608 2441 ὠ·
630 2398 814 2448 diffinitivi
827 2401 1079 2449 sententiamus
1093 2403 1198 2440 ‚bene
1216 2401 1320 2452 fuiffe
1332 2411 1396 2450 pro
1413 2409 1518 2447 parte
1535 2400 1701 2437 ditiorum
1728 2401 1931 2439 Conventus
1948 2427 1956 2441 ‚
1981 2401 2024 2442 &⁸
2050 2399 2215 2438 Fratrum
2239 2399 2282 2435 de
2311 2396 2475 2435 nullitate

314 2447 444 2483 dietum
459 2473 468 2488 ,
493 2448 537 2489 &⁶
559 2449 763 2497 appellatum
779 2449 943 2498 adversus
958 2448 1172 2497 sententiam
1186 2449 1340 2498 secunda
1355 2450 1434 2484 vice
1458 2447 1564 2484 latam
1584 2456 1648 2495 per
1672 2448 1798 2485 dietum
1816 2448 2088 2497 Thesaurarium
2101 2475 2110 2490 ,
2123 2449 2198 2497 five
2210 2447 2285 2495 ejus
2307 2446 2478 2484 eAudito-

316 2508 389 2535 rem
404 2496 472 2544 sub
487 2496 543 2533 die
570 2509 622 2534 ιι.
636 2499 770 2536 Martii
788 2499 854 2535 166
861 2510 888 2538 ι.
900 2498 946 2536 ad
962 2498 1122 2546 favorem
1135 2498 1301 2535 difiiorum
1320 2494 1599 2535 Gabellariorum
1612 2522 1620 2535 .
1644 2496 1689 2537 ὼ·
1711 2495 1786 2533 litis
1813 2497 2031 2544 Consortium
2047 2518 2060 2538 ,
2079 2508 2120 2532 ac
2134 2494 2280 2532 nulliter
2291 2518 2306 2538 ,
2332 2492 2475 2535 &mate

316 2545 444 2583 'ditium
455 2545 553 2583 Dom.
571 2545 841 2597 Thesaurarium
855 2575 863 2590 ,
875 2547 949 2597 five
970 2547 1044 2596 ejus
1069 2549 1278 2585 Auditorem
1302 2545 1394 2583 dieta
1405 2545 1464 2582 die
1484 2558 1539 2583 ιι.
1557 2545 1692 2582 Martii
1724 2548 1825 2584 1661.
1839 2541 2080 2594 pronunciaffe
2095 2570 2103 2583 ,
2128 2544 2172 2586 ὸ·
2191 2540 2361 2593 revocaffe
2383 2541 2476 2579 alte-

316 2606 392 2632 ram
404 2595 506 2643 suam
517 2595 743 2644 sententiam,
777 2597 867 2636 rima
882 2597 958 2632 vice
977 2609 987 2632 ι
1002 2608 1029 2632 ι.
1046 2595 1224 2647 'Januarii
1242 2598 1340 2634 1661.
1367 2593 1456 2635 riti,
1481 2594 1525 2636 &¹
1539 2591 1624 2631 reete
1635 2593 1755 2638 latam,
1773 2594 1819 2631 ad
1825 2594 1986 2644 favorem
2009 2593 2176 2630 ditiorum
2188 2590 2392 2630 Conventaes
2406 2618 2416 2633 ,
2428 2591 2473 2633 ὁ·

313 2641 503 2684 Fratrum.
527 2645 739 2694 &proptere
773 2671 783 2686 ‚
807 2644 1052 2693 diffiossecundo
1076 2644 1144 2682 loco
1156 2644 1264 2684 latam
1277 2646 1348 2694 sub
1362 2644 1419 2680 die
1449 2655 1503 2680 ιι.
1518 2643 1652 2681 Martii
1665 2644 1880 2692 sententiam
1903 2642 2033 2680 nullam
2049 2668 2058 2684 ‚
2083 2640 2337 2684 &invalidam
2360 2637 2476 2677 decla·

312 2692 462 2732 randum
475 2692 556 2742 fore
575 2719 584 2735 ,
603 2695 646 2738 ὁ·
659 2692 719 2746 effe
732 2721 741 2736 ,
768 2694 811 2736 &⁴
827 2703 998 2742 quatenus
1011 2703 1092 2743 opus
1109 2695 1180 2744 fit,
1194 2693 1446 2732 annullandam
1460 2719 1468 2733 ‚
1486 2693 1715 2729 revocandam
1727 2721 1735 2735 ,
1751 2693 1795 2735 ὼ·
1815 2692 2058 2741 infirmandam
2073 2716 2082 2732 ‚
2103 2698 2212 2740 prout
2231 2688 2446 2726 declaramus
2459 2715 2470 2732 .

312 2741 535 2779 annullamus
549 2769 558 2784 ,
581 2755 779 2781 revocamus
793 2770 802 2784 ,
817 2745 860 2786 ὠ·
881 2741 1097 2791 infirmamus
1111 2756 1124 2785 ς
1138 2743 1378 2794 molestationes
1393 2751 1523 2785 autem,
1541 2742 1740 2779 vexationes
1753 2767 1764 2785 ‚
1773 2742 1976 2791 jai‘tationes
1987 2765 2000 2785 ‚
2014 2738 2309 2788 &impedimenta
2330 2747 2394 2787 per
2420 2738 2473 2774 di·

312 2790 377 2829 fios
390 2791 608 2832 Gabellarios
623 2819 630 2833 ‚
647 2792 777 2835 &litis
792 2791 972 2841 Consortes
996 2793 1244 2840 quomodolibet
1260 2792 1366 2842 super
1381 2790 1555 2841 solutione
1579 2790 1674 2827 dieta
1688 2791 1838 2829 Gabellae
1861 2791 2017 2831 Carnis,
2040 2791 2083 2833 (ς’
2109 2789 2281 2827 Carnium
2304 2788 2366 2825 ubi
2390 2799 2468 2826 ue,

311 2840 478 2888 recipien.
489 2840 720 2892 asportatione
742 2841 899 2890 praefatis
926 2841 1128 2880 Conventui
1144 2869 1153 2883 ‚
1170 2844 1214 2885 (θ’
1230 2841 1419 2879 Fratribus
1434 2839 1554 2877 illatas
1565 2867 1576 2883 ,
1593 2839 1761 2890 praestitas
1774 2867 1782 2882 ,
1810 2841 1854 2882 ὼ·
1874 2841 2097 2876 comminatas
2110 2864 2119 2878 ‚
2143 2837 2244 2875 illata
2258 2864 2268 2879 ,
2291 2838 2379 2887 praes
2390 2838 2442 2874 ita
2457 2861 2468 2878 .

309 2889 355 2932 ὰ
368 2891 573 2930 comminata
591 2889 694 2942 fuisse
707 2919 715 2933 ,
731 2891 775 2934 ὠ·
786 2888 845 2942 effe
860 2889 1006 2927 illicitas
1024 2915 1033 2931 ‚
1056 2891 1233 2929 indebitas
1244 2918 1253 2934 ,
1269 2891 1312 2933 ἐπ’
1326 2890 1367 2927 de
1377 2889 1468 2937 fufio
1479 2889 1716 2938 praesumptas‚
1729 2888 1857 2927 illicita
1872 2915 1881 2931 ,
1893 2889 2052 2925 indebita
2065 2889 2108 2930 ὠ·
2127 2887 2331 2936 praesumpta
2343 2899 2352 2922 :
2361 2894 2467 2935 prout

310 2938 398 2977 tales
416 2963 426 2979 ,
444 2940 488 2980 (5·
509 2938 598 2980 talia
621 2939 834 2977 declaramus
850 2967 856 2980 ‚
881 2939 1034 2990 &super
1053 2941 1223 2991 praemtffis
1234 2939 1335 2977 diflis
1353 2937 1567 2976 Gabellariis
1578 2964 1586 2978 ‚
1612 2940 1657 2981 ὁ·
1668 2937 1744 2976 litis
1761 2938 1985 2987 Consortibus
1992 2946 2199 2987 perpetuum
2213 2934 2388 2985 silentium
2404 2937 2469 2972 int·

303 2996 430 3038 ponen.
439 2988 520 3037 fhre
531 3014 540 3029 ,
561 2990 604 3031 &¹
615 2988 688 3042 effe,
701 2998 807 3040 prout
821 2991 1023 3037 imponims
1042 3015 1050 3030 .
1063 2990 1233 3041 a'ifiosque
1257 2989 1451 3026 vitioribus
1468 2990 1508 3029 in
1531 2988 1676 3038 expensis
1699 2989 1740 3025 in
1755 2986 1969 3037 causafafiis
1986 3011 2001 3032 ,
2015 3000 2075 3023 nec
2090 2998 2158 3023 non
2176 2985 2314 3022 damnis
2326 3010 2334 3024 ,
2356 2986 2400 3028 ἐγ
2412 2985 2468 3020 in·

307 3034 427 3089 ter-effe
444 3038 713 3076 condemnandos
727 3040 807 3089 fore
820 3046 828 3079 ,’
844 3040 887 3080 (ty
898 3035 958 3090 effe
969 3066 979 3082 ,
990 3047 1095 3088 prout
1108 3040 1380 3080 condemnamus;
1392 3037 1531 3077 illarum
1544 3047 1661 3074 tamen
1680 3039 1891 3075 taxationem
1903 3063 1910 3077 .
1924 3037 1967 3078 ὡ·
1977 3048 2094 3073 eorum
2106 3034 2371 3084 liquidationem
2383 3030 2464 3072 No-

307 3088 361 3124 bis
376 3111 386 3128 ,
413 3086 472 3123 vel
484 3089 543 3124 cui
564 3088 606 3125 de
621 3087 717 3138 ‘Jure
739 3086 948 3138 imposterum
961 3089 1192 3138 reservando,
1214 3089 1258 3130 ὼ·
1267 3097 1332 3137 pro
1354 3087 1521 3138 praemrffis
1543 3087 1698 3124 omnibus
1715 3112 1724 3128 ‚
1747 3087 1791 3128 ὠ·
1802 3084 1950 3135 fingulis
1994 3095 2179 3134 uaecunque
2202 3081 2367 3123 mandata
2381 3091 2467 3129 quo·

308 3135 490 3176 modolibet
504 3135 710 3188 necessaria,
733 3138 775 3180 ὄν
799 3146 987 3186 opportuna
1007 3139 1189 3175 decernen.
1197 3138 1277 3188 fore
1294 3162 1302 3175 ,
1329 3138 1371 3179 ὠ
1383 3134 1443 3188 effe
1454 3161 1466 3181 ,
1476 3145 1584 3185 prout
1597 3137 1812 3174 decernimus
1830 3160 1837 3174 ‚
1859 3137 1903 3177 &¹
1925 3146 1962 3171 re
1977 3147 2117 3174 axamus
2130 3161 2140 3176 .
2162 3132 2207 3175 ὁ·
2221 3132 2274 3168 ita
2296 3130 2463 3188 dicimus·

301 3187 575 3236 pronunciamus
588 3213 598 3227 ,
620 3186 850 3225 declaramus.
873 3188 1089 3225 decernimus
1103 3213 1111 3227 ‚
1134 3186 1290 3225 volumus
1306 3212 1314 3226 ‚
1337 3189 1441 3234 atque
1464 3186 1664 3222 mandamus
1688 3197 1756 3222 non
1771 3183 1881 3235 solum
1903 3182 1962 3234 isto
1988 3185 2060 3226 &c-
2071 3183 2138 3234 sed
2158 3182 2265 3218 etiam
2279 3181 2370 3216 vmm'
2395 3177 2465 3216 alt·

307 3234 442 3273 meliori
462 3235 555 3274 modo
573 3237 644 3276 &a
661 3237 713 3273 Ita
733 3237 968 3283 pronunciavi
991 3237 1061 3285 Ego
1078 3238 1293 3277 Laurentius
1311 3234 1498 3273 Salviatus
1521 3235 1672 3273 Camerae
1694 3234 1892 3285 Apostolicae
1907 3233 2064 3271 Clericus
2078 3261 2088 3276 ,
2106 3233 2150 3275 ὠ·
2174 3228 2298 3281 Judex
2313 3255 2322 3270 .
2348 3239 2465 3266 conce-

308 3284 405 3321 deret
418 3309 428 3321 .
457 3282 636 3324 NvPER
661 3284 744 3322 vero
764 3283 867 3335 fuiffi‘
882 3295 996 3324 coram
1019 3288 1116 3323 nobis
1132 3311 1140 3326 .
1154 3286 1198 3328 ὠ·
1219 3285 1332 3323 eodem
1350 3283 1520 3335 illustriss.
1542 3284 1586 3325 ὼ
1599 3283 1844 3333 Reverendifi.
1858 3283 1918 3320 D.
1965 3282 2060 3331 oseph
2079 3282 2121 3319 de
2146 3280 2230 3331 Aste
2251 3276 2391 3336 Judice-
2406 3279 2466 3313 in-

302 3332 493 3381 frascripto
515 3345 556 3371 ex
565 3341 669 3382 parte
685 3363 694 3377 ,
713 3335 756 3376 &¹
781 3337 826 3370 ad
845 3334 1045 3384 instantiam
1063 3336 1288 3385 praefatoram
1312 3331 1402 3375 Ven.
1416 3335 1639 3374 Conventus.
1669 3334 1713 3375 ὠ·
1737 3332 1835 3370 ῬῬ.
1849 3333 1893 3370 S.
1951 3333 2035 3373 aria
2056 3331 2098 3368 de
2112 3327 2465 3368 Araceli,omn1um·

308 3391 373 3427 que
395 3382 541 3419 aliorum
572 3383 816 3421 Conventuum
841 3382 966 3432 Regul-
980 3384 1078 3422 Min.
1092 3384 1211 3434 Obser.
1235 3385 1275 3422 S.
1291 3382 1466 3433 Francisci
1487 3384 1578 3419 omni
1593 3380 1727 3419 meliori
1748 3382 1841 3419 modo
1855 3382 1929 3426 ὀνο,
1952 3378 2202 3431 principalium
2214 3377 2461 3425 comparum.

307 3430 350 3469 δ’
371 3431 488 3467 debita
502 3444 578 3468 cum
602 3432 769 3483 instantia
779 3432 980 3482 postulatum
995 3458 1004 3473 ‚
1018 3443 1188 3481 quatenus
1203 3431 1436 3471 Monitorium
1454 3431 1562 3480 super
1587 3431 1760 3469 antedifla
1787 3433 1997 3481 exemptione
2008 3457 2017 3471 ‚
2047 3430 2092 3471 θ’
2107 3426 2459 3476 praeinsertaesenteu·

307 3480 365 3514 tiae
392 3481 625 3527 observatione
649 3494 724 3519 cum
738 3482 947 3520 inhibitione
969 3482 1091 3530 eisdem
1113 3481 1292 3521 concedere
1310 3481 1396 3520 velle
1421 3482 1646 3530 dignaremur
1662 3505 1672 3517 .
1701 3478 1781 3524 Nos
1795 3483 1848 3521 ita
1873 3493 1916 3518 ue
1929 3505 1937 3520 ‚
1961 3491 2000 3516 'ac
2012 3476 2180 3526 praefatus
2206 3473 2330 3524 Illustr.
2343 3474 2456 3511 Dom.

306 3526 347 3562 de
364 3527 443 3576 Aste
465 3531 680 3567 attendentes
692 3532 893 3579 petitionem
916 3530 1107 3580 hujusmodi
1123 3528 1183 3583 effe
1200 3529 1346 3579 justam,
1366 3531 1567 3578 rationique
1582 3530 1779 3579 consanam,
1803 3530 1846 3579 ju
1859 3529 1958 3577 laque
1978 3527 2112 3576 petenti
2134 3535 2203 3562 noa
2213 3522 2272 3610 effe
2283 3524 2367 3562 deae
2392 3535 2455 3559 an-

306 3575 388 3611 dum
410 3574 582 3625 offensum,
602 3582 834 3617 Monitorium
843 3581 991 3629 petitum
1015 3592 1091 3619 cum
1108 3579 1322 3620 inhibitione
1337 3604 1344 3618 ,
1362 3589 1402 3617 ut
1415 3579 1528 3628 infra,
1542 3579 1719 3619 conceden.
1727 3579 1807 3627 fore
1820 3605 1828 3620 ‚
1840 3579 1883 3620 «θ’
1898 3573 1957 3628 effe
1969 3584 2094 3623 ‚prout
2107 3574 2198 3611 idem
2240 3571 2349 3623 llustm'
2373 3583 2456 3608 ’ΨΜ

303 3622 404 3661 Dom-
419 3626 460 3660 de
487 3625 570 3674 Aste
594 3629 717 3675 Judex
738 3629 785 3664 ad
801 3628 1158 3678 formampraeinserti
1183 3628 1327 3669 Det-reti
1345 3629 1522 3672 Camere,
1544 3628 1588 3669 ὼ·
1591 3628 1777 3677 sententia·
1802 3623 1981 3674 respefiive‘
2005 3623 2154 3673 conceffit
2168 3648 2178 3665 ,
2201 3622 2245 3665 ὡ·
2269 3633 2326 3658 nos
2340 3632 2459 3658 conce-

304 3671 416 3709 dimus
427 3680 489 3719 per
499 3675 678 3721 praesentes
695 3702 705 3712 .
730 3677 812 3727 Q
837 3680 932 3715 circa
951 3677 994 3718 de
1011 3678 1171 3718 mandato
1187 3677 1389 3762 ,ςαηῗξθῑηπί
1414 3674 1650 3732 Dom.Nostrs·
1671 3676 1774 3725 Papae
1799 3675 1891 3712 viva
1915 3673 2008 3710 vocis
2030 3671 2165 3709 oraculo
2194 3673 2290 3708 nobis
2315 3671 2453 3719 desuper

296 3720 389 3768 fufio
403 3746 412 3760 ‚
440 3722 481 3761 (ς’
496 3723 699 3760 αιιέἳονίιαιε
729 3727 833 3775 nostri
856 3726 1120 3765 Camerariatlis
1137 3725 1252 3776 Officii
1303 3727 1374 3765 obis
1397 3726 1552 3762 omnibus
1568 3750 1576 3764 ,
1601 3726 1644 3767 ὠ·
1659 3722 1805 3775 fingulis
1821 3720 2032 3771 supradifflis
2048 3746 2056 3761 ‚
2080 3723 2123 3764 ὼ·
2145 3719 2292 3770 vestrum
2311 3718 2454 3757 cuilibet

304 3768 501 3817 Insolidum
522 3779 638 3807 tenore
658 3775 873 3820 praesentIum
887 3776 1128 3813 committimus
1156 3800 1165 3815 ‚
1186 3774 1230 3815 ὁ·
1247 3774 1287 3812 in
1312 3776 1449 3812 virtute
1473 3773 1606 3812 Sanfiiae
1630 3773 1828 3810 obedientia
1842 3768 1958 3821 striae
1977 3771 2205 3819 precipiendo
2231 3769 2452 3808 mandamus.

303 3828 472 3866 quatenus
479 3816 600 3867 statim
623 3821 699 3869 vifis
721 3846 730 3862 2
755 3823 797 3862 (ΞΥ
823 3825 966 3873 receptis
987 3824 1212 3873 presentibus
1236 3845 1245 3862 ‚
1271 3836 1310 3861 ac
1331 3823 1509 3873 postquam
1529 3823 1748 3870 praesentiunt
1774 3822 1894 3868 vigore
1906 3819 2054 3868 fueritis
2077 3819 2230 3870 requifiti
2251 3846 2261 3863 ‚
2275 3820 2340 3869 seu
2365 3817 2452 3855 alter

2345 3879 2407 3904 ve·
