2774 4068
1066 208 1634 299 Adarchiae.
2210 246 2367 328 173

2293 349 2319 392 p

307 324 510 369 sententia
537 331 554 379 ,'
583 337 675 370 eam
701 323 744 366 in
769 318 1001 378 pofl'efforio
1028 337 1105 367 non
1127 327 1251 370 detur
1273 342 1340 384 ap-

310 384 506 437 pellatio,
532 384 692 428 desem
719 382 938 433 remanfit,
968 381 1008 423 in
1045 397 1132 425 rem
1159 386 1342 429 tranfivit

310 442 557 498 judicatam.
583 445 696 498 ‚Cum
716 450 878 490 autem,
910 439 1008 482 ficut
1038 443 1186 483 eadem
1211 442 1344 499 dispo-

312 502 403 546 litio
426 498 686 557 subjungebat
714 524 728 548 ‚
769 497 807 539 in
831 497 1018 554 praedtc‘ta
1048 499 1344 546 haereditate„

306 559 472 619 Joannis
483 555 661 613 Baptistae
676 554 896 599 Testatoris
910 556 1117 613 quoddam
1130 558 1345 612 Praedium‚

310 620 427 662 titum
446 617 489 659 in
504 614 735 659 Territorio
757 616 1021 659 Maceratenli
1040 617 1313 660 laborativum
1326 646 1342 670 ,

308 677 536 726 olivatum,
569 674 804 727 vineatum,
833 675 872 717 δι
888 675 1124 718 arboratum
1152 689 1245 719 cum
1269 690 1342 719 co-

307 733 511 780 lumbario
537 732 779 789 capacitatis
803 744 874 785 32.
897 733 1170 777 modiolorum
1197 745 1342 786 terrae,

307 792 525 841 velcirca‚
558 792 598 834 in
624 792 837 835 Contrada
862 795 904 836 S.
926 793 1057 836 Luciae
1078 804 1345 849 nuncupata„

308 849 493 896 consistat
508 880 523 904 ‚
554 864 598 894 ac
627 850 815 907 predicta
834 852 1056 908 Margarita
1083 865 1160 908 pro
1181 849 1245 894 sua
1269 850 1345 894 de-

312 910 509 958 votione,
540 908 646 952 acin
674 907 903 966 suffragium
927 912 1067 955 animae
1087 909 1342 967 pradictijo-

308 968 423 1013 annis
442 968 623 1026 Baptistae
636 996 651 1021 ‚
676 967 765 1026 ejus
780 970 904 1021 Nati,
920 968 1012 1012 dieti
1028 968 1170 1012 Praedii
1185 979 1341 1013 tantam

306 1039 464 1086 partem
491 1027 638 1071 Ordini
670 1027 861 1070 Fratrum
883 1029 1213 1084 Capuccinorum
1239 1030 1342 1071 San-

306 1087 358 1130 cti
386 1086 588 1131 francisci
614 1083 808 1143 affignare
836 1086 1051 1139 intendat,
1093 1097 1241 1145 quanta
1267 1084 1340 1128 suf-

304 1144 445 1190 ficiens
459 1145 504 1188 fit
519 1173 534 1198 ,
564 1142 615 1188 ad
634 1145 851 1190 Ecclesiam
866 1174 880 1198 ‚
911 1146 951 1187 &
972 1149 1144 1189 Domum
1158 1147 1235 1191 una
1249 1158 1343 1188 cum

303 1204 403 1257 situ,
435 1206 581 1256 horto,
610 1203 651 1245 δι
673 1202 761 1247 aliis
788 1202 1026 1260 adjacentiis
1043 1203 1272 1248 necessariis
1285 1206 1340 1247 ei·

301 1262 398 1307 dem
415 1263 563 1306 Domui
577 1276 650 1319 pro
666 1262 874 1307 Fratribus
894 1262 1074 1321 ejusdem
1090 1264 1258 1307 Ordinis
1287 1263 1341 1307 ibi

301 1321 635 1375 construendam3
653 1335 743 1365 cum
761 1324 916 1366 Domus
936 1351 951 1373 ‚
974 1338 1094 1380 quam
1106 1322 1157 1366 ad
1172 1322 1341 1381 praesens

299 1381 344 1424 in
368 1381 583 1424 territorio
612 1381 879 1425 Maceratenfi
908 1383 1165 1433 inhabitant,
1200 1380 1270 1426 lita
1293 1382 1341 1426 fit

302 1442 346 1483 in
374 1440 469 1483 loco
495 1439 615 1483 valde
642 1440 927 1494 incommodo,
957 1442 998 1484 δι
1022 1441 1270 1491 humidiori‚
1299 1443 1339 1485 &

301 1499 429 1555 magis
455 1498 476 1542 a
493 1499 677 1542 Civitate
691 1499 880 1552 distanti,
910 1501 975 1544 ubi
997 1502 1051 1544 ob
1067 1502 1172 1544 aeris
1190 1503 1340 1544 intem-

300 1560 486 1615 periem,
517 1559 555 1600 &
576 1557 838 1601 habitationis
859 1559 1237 1604 incommoditatem
1267 1560 1335 1618 ipli

303 1618 469 1661 Fratres
495 1616 825 1669 infirmitatibus,
856 1619 896 1660 δι
922 1618 1045 1662 morti
1062 1620 1178 1663 nimis
1204 1620 1335 1663 obno-

298 1677 357 1718 xii
380 1677 499 1728 sunt,
527 1676 567 1718 δι
595 1675 946 1719 ἱησοηιαιοάὲὶῐῐὶε
966 1675 1168 1722 subveniri
1188 1677 1335 1736 potest,

299 1734 453 1778 &ideo
483 1747 588 1777 nova
618 1736 754 1777 Domo
781 1735 954 1778 maxime
978 1736 1167 1794 indigent
1190 1766 1205 1789 ‚
1237 1737 1340 1789 jam·

299 1808 382 1852 que
413 1792 482 1851 ipfi
511 1790 658 1836 fratres
693 1793 829 1838 locum
870 1795 1101 1850 praedictum
1132 1793 1339 1851 acceptas·

302 1853 392 1896 sent
408 1880 424 1903 ‚
453 1852 491 1893 ἃ.
517 1855 696 1896 Crucem
720 1853 775 1895 ibi
800 1852 1094 1897 constituiffent
1118 1881 1133 1904 ,
1165 1858 1233 1898 nili
1261 1857 1338 1898 hu-

299 1910 472 1970 jusmodi
510 1910 595 1954 litis
630 1911 851 1967 pendentia
886 1926 956 1956 eos
992 1913 1214 1959 retinuiffet
1242 1929 1254 1958 :
1297 1916 1338 1957 δι

297 1983 540 2028 quamquam
572 1969 756 2025 praedicta
788 1972 1010 2028 Margarita
1033 1971 1136 2015 filios
1161 1973 1336 2027 praediffl

297 2029 466 2073 Antonii
481 2027 681 2071 francisci
711 2029 867 2086 requiri
896 2031 1041 2074 fecerit
1057 2062 1070 2084 ,
1103 2043 1148 2076 ut
1162 2035 1256 2077 huic
1271 2032 1340 2089 pio

298 2087 1339 2203 azizie³b52¹1¹1iff¹⁰3223‘222555232303002‘2':·

436 2176 439 2177 a
674 2173 688 2196 ‚
1317 2172 1336 2181 -

299 2205 448 2248 bentiae
463 2207 544 2248 dcc.
558 2231 573 2253 ‚
606 2204 706 2247 licet
736 2206 789 2248 de
810 2205 877 2248 suo
891 2209 1055 2263 proprio
1069 2207 1338 2253 satisfacere)

298 2262 445 2321 poffet,
458 2265 645 2306 idoneam
662 2273 797 2305 tamen
815 2266 1047 2307 cautionem
1063 2264 1267 2324 presiaffet
1284 2265 1338 2308 de

300 2321 500 2365 solvendo
539 2331 672 2364 totum
697 2350 711 2373 ,
752 2322 860 2377 quod
898 2322 950 2364 d·
989 2324 1079 2380 jure
1118 2325 1337 2381 judicatum

301 2377 596 2437 suiss'et,ipsam
625 2380 756 2422 teneri
783 2394 858 2436 pro
900 2383 1005 2424 retio
1029 2382 1120 2426 snas
1144 2398 1236 2426 cum
1251 2397 1334 2426 om-

300 2440 416 2482 nibus
429 2438 586 2482 damnis
601 2466 616 2489 s
646 2439 687 2479 δι
710 2439 843 2481 intere
876 2455 927 2491 e,
960 2441 998 2481 id
1016 2438 1155 2484 facere
1178 2441 1338 2484 recusa·

301 2508 399 2541 runt
422 2526 438 2550 ‚
468 2511 515 2540 ac
539 2496 589 2539 ad
623 2497 928 2551 impediendum
962 2498 1078 2555 hujus
1114 2499 1169 2553 pii
1196 2499 1333 2555 operis

298 2556 583 2599 executionem
596 2554 836 2599 distulerunt
848 2584 860 2598 .
892 2558 1081 2614 Cumque
1095 2557 1187 2602 fitus
1197 2588 1210 2607 .,
1223 2557 1335 2600 dieto

296 2613 443 2659 Ordini
458 2613 766 2670 consignandas,
786 2624 905 2657 tantae
923 2618 1160 2672 capacitatis
1175 2631 1254 2659 non
1270 2615 1334 2668 fit,

298 2684 348 2717 ut
373 2674 501 2727 major
516 2701 532 2724 ‚
560 2674 602 2714 &
619 2674 742 2730 magis
764 2671 970 2717 fructifera
995 2690 1086 2731 pars
1112 2674 1208 2717 dieti
1223 2677 1331 2717 Prat-

297 2731 356 2774 dii
387 2745 466 2774 non
484 2742 719 2785 remaneat3
749 2732 905 2775 &licet
935 2747 1024 2788 pars
1045 2732 1212 2776 adversa
1228 2733 1267 2775 in
1281 2746 1335 2775 eo

300 2787 466 2845 aliquod
480 2789 551 2845 Jus
569 2789 713 2833 habeat
737 2820 752 2842 ,
782 2790 888 2847 quod
915 2792 1106 2847 expresse
1132 2801 1334 2846 negatur,

299 2862 349 2891 ea
375 2858 511 2889 tamen
539 2845 631 2890 fittis
656 2848 766 2891 disto
782 2849 930 2891 Ordini
955 2851 1226 2907 consignanda
1249 2862 1339 2903 pars

298 2920 375 2964 pro
388 2906 924 2961 detractione,1.egitimae,&
939 2909 1339 2959 Trebellianicae,aut

299 2964 467 3008 alterius
479 2961 648 3018 ipsarum
661 2963 1083 3022 praedieftaeMargaritae
1097 2966 1344 3014 obventud,

302 3036 461 3067 necnon
478 3021 601 3064 etiam
614 3035 689 3077 pro
702 3021 966 3067 edificatione
979 3025 1191 3077 Ecclefia:‚
1202 3027 1242 3068 δι
1258 3028 1344 3067 Do-

306 3081 397 3124 mtis
414 3080 610 3137 praedic‘tae
637 3080 735 3126 alias
752 3079 883 3124 forsan
911 3083 1111 3133 concedi,
1142 3084 1212 3127 seu
1239 3083 1341 3126 alie·

306 3141 397 3185 nari
415 3139 566 3195 posset:
599 3149 819 3195 propterea
840 3154 917 3194 pro
942 3152 1059 3196 parte
1084 3141 1199 3184 dietae
1228 3144 1338 3185 Mar-

304 3202 448 3257 garitae
472 3198 600 3241 Nobis
626 3198 838 3242 humiliter
857 3197 1124 3256 supplicatum
1150 3198 1226 3243 suit
1246 3228 1263 3252 ‚
1292 3209 1339 3243 ut

303 3272 382 3315 pro
394 3255 618 3315 hujusmodi
634 3257 687 3312 pii
714 3257 847 3312 operis
862 3258 1107 3301 executione
1134 3259 1174 3301 in
1198 3257 1339 3315 praedi-

303 3318 377 3361 c'tis
390 3316 618 3375 opportune
634 3316 855 3372 providere
869 3345 883 3368 ,
895 3317 950 3359 de
967 3316 1217 3373 benignitate
1232 3320 1342 3374 Apo-

302 3375 441 3421 stolica
453 3375 713 3431 dignaremur
727 3404 738 3416 .
756 3376 843 3416 Nos
859 3374 983 3431 igitur
995 3384 1079 3417 tam
1097 3377 1209 3431 pium
1220 3388 1340 3431 opus,

303 3445 352 3478 ut
364 3448 436 3491 par
446 3434 505 3477 est
518 3463 532 3486 ‚
550 3430 773 3477 confovere
788 3432 992 3484 volentes,
1008 3432 1234 3489 hujusmodi
1252 3435 1342 3488 sup-

304 3490 595 3548 plicationibus
628 3493 808 3535 inclinati
835 3519 850 3539 ,
893 3492 986 3533 Tibi
1029 3505 1103 3550 per
1127 3491 1341 3549 praesentes

305 3552 600 3595 committimus
627 3578 642 3602 ,
682 3553 723 3594 δι
747 3552 984 3594 mandamus
1008 3577 1024 3601 ‚
1062 3560 1109 3593 ut
1136 3549 1237 3593 saeta
1267 3564 1340 3605 per

306 3607 454 3650 dietam
478 3610 743 3667 Margaritam
767 3610 1018 3666 obligatione
1045 3634 1060 3659 ,
1099 3622 1146 3651 ac
1167 3607 1338 3664 praestiti

306 3666 432 3709 etiam
446 3666 593 3712 idonea
614 3670 807 3712 cautione
831 3669 885 3711 de
909 3665 1106 3711 solvendo
1127 3667 1261 3723 pretio
1272 3666 1337 3709 di-

306 3725 358 3768 &i
376 3721 469 3767 fiens
492 3739 585 3768 eum
598 3727 781 3770 omnibus
795 3726 951 3771 damnis
969 3756 982 3778 ,
1008 3722 1247 3769 &interesse
1265 3724 1336 3770 in...-

305 3793 503 3827 eventum
535 3782 842 3831 succumbentiae
862 3814 878 3841 ,
911 3796 955 3830 ut
982 3783 1192 3843 praesertur
1217 3810 1232 3835 ,
1261 3794 1332 3827 au·

1402 334 1602 374 thomate
1641 324 1771 369 nostra
1797 324 2027 383 apostolica
2050 331 2266 386 declares,
2324 334 2436 376 ..edis

1402 393 1506 432 ctam
1531 386 1796 440 Mat-saritam
1828 386 1944 428 litum
1970 401 2020 429 ex
2043 388 2150 431 dicto
2178 395 2335 436 Praedio
2362 407 2437 445 pro

1405 444 1618 495 Ecclesia,
1650 447 1813 495 Domo,
1841 445 1883 487 δι
1908 444 1997 486 aliis
2019 443 2219 500 praefatis‚
2245 454 2437 507 praedie'to

1404 505 1554 546 Ordini
1597 503 1900 556 Capucinorum
1950 502 2219 547 concedendis
2268 511 2439 553 statim...

1404 560 1715 609 concedere,&
1729 561 1963 619 contignare
1978 560 2108 603 liberi:
2122 589 2137 612 ,
2160 564 2326 609 &licite
2348 567 2440 623 pos·

1402 619 1474 671 se,
1504 629 1579 661 nec
1595 615 1772 673 desuper
1795 620 1821 665 a
1841 617 2036 675 praedistis
2061 618 2304 666 adversariis
2320 653 2336 675 ‚
2366 631 2438 667 aut

1403 673 1708 734 quibuscunque
1732 675 1848 729 aliis,
1880 677 2023 734 quovis
2038 687 2233 734 praetextu
2250 707 2265 729 ‚
2294 682 2439 734 causa,

1403 737 1443 778 &
1466 731 1702 786 occafione,
1736 734 1935 778 molestari
1963 765 1980 787 ,
2010 737 2269 792 perturbari,
2301 740 2365 782 vel
2382 740 2440 781 in·-

1404 792 1580 849 quietari
1595 792 1842 847 permittam
1869 808 1914 837 ac
1935 795 2051 839 fitum
2076 795 2281 852 praefatum
2310 796 2441 840 confi-

1406 849 1611 908 gnandum
1626 850 1647 891 a
1661 850 1819 907 reliquo
1834 853 1991 897 Praedio
2016 852 2190 910 separari
2208 867 2328 898 cures
2343 883 2359 907 ,
2388 854 2441 897 il-

1402 911 1568 966 lumque
1601 907 1623 950 a
1651 921 1906 967 quacumque
1944 910 2189 969 subjectione
2224 911 2438 956 fideicom-

1402 968 1499 1012 missi
1513 996 1530 1021 ‚
1546 968 1785 1024 hypotheca
1801 996 1816 1021 ,
1845 984 1892 1012 ac
1908 970 2085 1015 aliorum
2099 998 2116 1023 ‚
2147 971 2171 1014 fi
2187 970 2297 1027 quod
2322 970 2408 1014 infit
2421 999 2439 1024 ,

1402 1039 1474 1071 aut
1500 1027 1666 1071 alterius
1688 1026 1965 1087 cujuscunque
1981 1032 2119 1073 oneris
2149 1029 2310 1086 prorsus
2333 1030 2439 1073 libe-

1402 1100 1470 1131 res
1485 1114 1501 1136 ,
1528 1087 1570 1128 ἃ
1589 1087 1743 1131 eximas
1757 1112 1772 1135 s
1798 1088 1993 1146 ipsiusque
2018 1089 2187 1133 Ordinis
2203 1091 2439 1145 Capucino·

1404 1160 1493 1190 rum
1525 1146 1732 1190 Fratribus
1757 1173 1774 1198 ‚
1803 1158 1849 1191 ut
1874 1148 1926 1192 ibi
1950 1150 2135 1192 Crucem
2159 1149 2324 1205 erigere
2346 1176 2362 1200 ,
2390 1161 2439 1189 ac

1404 1209 1612 1252 Domum,
1643 1206 1684 1248 δι
1712 1206 1935 1251 Ecclefiam
1958 1207 2197 1252 construere
2227 1235 2244 1259 ,
2272 1220 2318 1249 ac
2349 1218 2444 1263 per-

1403 1266 1531 1322 petuo
1564 1263 1779 1317 habitare,
1809 1268 1849 1311 δι
1872 1280 1921 1310 ea
1941 1268 2125 1310 retinere
2151 1265 2296 1323 possint
2323 1294 2339 1318 ‚
2369 1278 2441 1308 ea-

1401 1328 1497 1367 dem
1522 1323 1772 1367 authoritate
1808 1324 2017 1377 licentiam
2045 1353 2060 1378 ,
2089 1327 2130 1368 &
2160 1325 2440 1368 facultatem-a

1401 1381 1602 1426 concedas
1626 1411 1640 1435 ‚
1691 1382 1953 1442 quoscunque
1979 1385 2304 1428 contradictores
2339 1409 2355 1434 ‚
2397 1384 2439 1425 δε

1399 1441 1701 1492 cismarinum,
1738 1443 1805 1486 vel
1822 1441 2002 1488 favorem
2027 1444 2222 1499 publice,
2251 1441 2439 1493 occulte,

1399 1501 1554 1544 directe
1569 1528 1585 1552 ,
1616 1499 1683 1544 vel
1698 1501 1896 1546 indirecte
1921 1502 2236 1559 quomodolibet
2254 1501 2441 1556 praestan«

1397 1571 1490 1612 tes,
1521 1573 1597 1616 per
1621 1570 1851 1617 opportuna
1871 1562 1983 1618 Juris
1998 1590 2012 1612 ,
2042 1562 2082 1604 δι
2105 1558 2197 1602 faeti
2229 1559 2409 1603 remedia
2424 1587 2441 1611 ,

1396 1617 2440 1733 23³1}ssss2330⁹333225m533¹⁹⁶153030330²0.⁰⁰3

2071 1706 2085 1730 2
2367 1705 2381 1727 2

1399 1738 1563 1795 aliquod
1582 1736 1672 1779 infit
1695 1761 1710 1785 ,
1741 1737 1806 1780 cui
1821 1737 1958 1795 quoad
1985 1750 2077 1780 eam
2092 1734 2186 1780 (itus
2201 1734 2441 1792 confignan-

1397 1798 1439 1842 di
1464 1806 1622 1853 partem
1650 1794 1839 1851 expresse
1866 1795 2143 1853 derogamus,
2176 1809 2254 1838 nec
2284 1808 2363 1837 non
2383 1794 2442 1837 vi.

1399 1857 1460 1900 tio
1476 1855 1624 1912 litigii,
1644 1869 1690 1898 ac
1706 1855 1912 1911 quibusvis
1938 1854 2317 1900 confirmationibus
2339 1879 2355 1902 a
2398 1853 2440 1895 δε

1398 1917 1514 1960 dic'tae
1527 1913 1718 1959 Civitatis
1734 1942 1751 1964 ,
1776 1915 2151 1971 etiamJuramento
2174 1942 2190 1966 ‚
2220 1911 2440 1956 confirma-

1398 1977 1512 2019 tione
1528 1973 1758 2029 Apostolica
1772 2001 1788 2023 ‚
1821 1974 1886 2017 vel
1914 1974 2056 2030 quavis
2066 1972 2263 2017 firmitate
2280 1970 2356 2015 alia
2372 1984 2439 2012 ro·-

1398 2033 1551 2078 boratis
1576 2031 1785 2075 statutis&
1799 2032 2161 2076 consuetudinibus
2181 2058 2195 2081 ,
2210 2029 2438 2097 privilegiis

1398 2105 1559 2207 Qui:
1580 2089 2051 2205 ὲέἀέἑὶἒίἐιιῇὲἝῖῗέ
2070 2090 2439 2205 ᾑὶἶῖἓιῗέἶυέιὲἶ

1399 2225 1472 2255 nus
1508 2222 1607 2265 opus
1633 2205 1678 2248 fit
1702 2235 1718 2259 ,
1758 2206 1797 2250 in
1825 2208 2079 2250 contrarium
2117 2205 2436 2263 praemissorum„

1396 2265 1704 2327 quomodolibet
1724 2265 1915 2310 conceffis
1930 2293 1946 2317 ,
1977 2263 2253 2317 confirmatis,
2283 2278 2439 2320 appro-

1398 2328 1530 2375 batis,
1561 2327 1602 2371 &
1618 2325 1843 2368 innovatis.
1873 2325 2028 2386 Qibus
2055 2324 2242 2367 omnibus
2258 2352 2274 2374 ,
2302 2325 2343 2367 δι
2365 2321 2439 2364 fin·

1399 2386 1530 2443 gulis,
1563 2383 1715 2427 etiamfi
1746 2383 1946 2439 proillius
1967 2382 2178 2426 sufficienti
2202 2382 2439 2438 derogatio-

1398 2459 1449 2488 ne
1464 2445 1517 2487 de
1534 2442 1632 2496 illis,
1643 2455 1871 2499 eorumque
1885 2442 1984 2484 totis
2000 2442 2212 2484 tenoribus
2228 2440 2408 2498 specialis
2421 2467 2439 2492 ‚

1394 2501 1607 2560 specifica,
1636 2502 1678 2543 δι
1706 2500 1756 2543 ad
1783 2500 1959 2544 verbum
1986 2498 2166 2557 expreffa
2191 2500 2347 2544 mentio
2365 2500 2438 2541 ha-

1393 2561 1528 2607 benda
1553 2558 1653 2603 effet
1682 2587 1698 2611 ‚
1730 2570 1895 2602 tenores
1924 2558 2149 2614 hujusmodi
2176 2557 2435 2613 praesentibus

1394 2636 1470 2678 pro
1489 2617 1680 2676 expreffis
1709 2646 1724 2668 ‚
1753 2619 1794 2659 δι
1818 2616 1870 2658 ad
1897 2617 2066 2657 verbum
2094 2613 2253 2657 insertis
2281 2614 2437 2656 haben·

1393 2691 1458 2723 tes
1484 2708 1499 2729 ,
1533 2679 1608 2720 hac
1646 2676 1737 2716 vice
1766 2673 1961 2715 duntaxat
1989 2671 2220 2727 specialiter
2246 2699 2262 2722 ‚
2290 2673 2331 2713 Bt
2360 2683 2434 2713 ex-

1394 2735 1535 2794 presse
1559 2733 1803 2787 derogamus
1832 2759 1847 2782 ‚
1876 2731 1917 2772 δι
1939 2729 2186 2786 derogatum
2210 2727 2291 2771 effe
2317 2729 2435 2771 volu-

1395 2807 1485 2837 mus
1515 2805 1528 2834 :
1557 2788 1806 2847 caeterisque
1833 2789 2050 2831 contrariis
2076 2786 2399 2844 quibuscumque
2418 2814 2434 2829 .

1400 2857 1551 2896 Datum
1572 2852 1708 2893 Romae
1729 2848 1835 2905 apud
1860 2851 1899 2891 S.
1915 2849 2083 2891 Petrum
2098 2844 2171 2890 sub
2186 2847 2350 2891 Annulo
2367 2846 2434 2889 Pi·

1402 2909 1570 2954 scatoris
1595 2937 1610 2959 ‚
1631 2910 1710 2950 Die
1740 2921 1838 2951 xxv.
1878 2906 2032 2961 Aprilis
2059 2920 2251 2951 moxcvt.
2292 2904 2433 2950 Ponti-

1402 2969 1544 3017 ficatus
1566 2965 1842 3012 Nostrianno
1853 2964 2022 3020 quinto.

1788 3084 1846 3128 Μ.
1864 3081 2045 3126 Vestrius
2073 3081 2294 3124 Barbianus
2306 3108 2319 3121 .

1457 3206 1556 3249 Aut.
1572 3204 1614 3244 in
1632 3201 1751 3245 Arcb.
1769 3202 1912 3242 Secm.
1930 3203 2046 3241 Bm.
2063 3196 2192 3255 Apost.
2216 3199 2310 3250 Reg.
2326 3193 2433 3239 Mais·

1523 3258 1729 3318 ¹59⁷·f03·
1754 3270 1842 3309 170.
1859 3258 1904 3300 de
1915 3266 2144 3325 quoeaemp.
2160 3261 2202 3310 ¹¹!
2217 3252 2336 3321 Areq.
2355 3256 2434 3297 Ge.

1515 3319 1653 3369 nerall,
1666 3317 1761 3362 Ord-
1775 3320 1890 3361 Arm.
1919 3321 2134 3362 Provincia
2161 3312 2351 3356 Marclnae
2362 3339 2376 3354 .

1403 3448 2432 3474 Μ

1400 3572 1609 3620 Domum
1627 3580 1825 3616 veterem
1863 3568 1911 3615 S.
1927 3558 2164 3614 Christinae
2183 3560 2292 3609 Fani
2310 3595 2326 3619 ,
2338 3577 2432 3610 me-

1466 3639 1632 3688 liorem
1667 3636 1975 3686 conditionem
2010 3628 2220 3683 offerenti
2253 3630 2429 3688 vendi,

1467 3707 1518 3760 ἃ
1544 3708 1744 3776 pretium
1764 3705 1866 3754 inde
1890 3701 2127 3752 redafhm
2152 3704 2198 3751 in
2220 3718 2428 3751 novam.»

1466 3778 1706 3830 Fabricam
1742 3775 1950 3825 converti
1980 3772 2217 3844 indulget.
2255 3837 2351 3882 Du

2299 3851 2312 3878 ι
2351 3859 2372 3872 .
