2762 4088
385 225 556 313 l.—
811 219 1877 311 ELENCHvs.

322 346 369 394 in
406 338 621 394 Ecclesia
641 342 958 409 Capellaniam
1002 358 1087 409 pro
1117 341 1381 408 ‘Capellano
1443 341 1661 390 Generali
1683 340 1968 391 committit.
1989 338 2175 389 Clemens
2194 338 2345 388 V111.
2372 342 2493 402 318.

322 414 455 465 fimul
477 450 492 471 ‚
521 413 569 464 ὅ(
589 411 859 464 Confeffore
890 411 1132 463 amovibili
1158 409 1342 462 fundari
1363 446 1380 469 ,
1512 413 1695 462 Petium
1712 427 1839 463 terra:
1866 411 1925 461 ad
1944 409 2155 463 Mensam
2173 407 2492 478 Episcopalem

321 485 493 536 83ηὲὶο
510 486 689 536 Carolo
713 484 952 536 Cardinali
972 485 1124 534 Tituli
1155 486 1380 534 S.Praxe·
1441 483 1745 533 Alexandrin.
1776 482 2019 552 speffitantis
2054 519 2069 542 ,
2111 499 2195 552 pro
2228 483 2491 549 amplianda
2577 540 2581 543 q

320 557 390 607 dis
412 557 691 615 committit,
718 575 770 605 ac
790 554 1074 607 Monialibus
1097 557 1222 607 varia
1235 555 1377 625 privi-
1437 557 1600 604 Domo
1630 553 1781 604 nostra
1801 554 2095 606 Alexandriae
2112 553 2282 610 vendi,
2313 551 2361 603 ὅ(
2393 571 2495 621 pre.-

320 630 443 698 legia
456 626 669 678 concedit
682 664 694 678 .
735 627 846 678 Idem
858 660 873 676 .
1257 645 1376 689 307.
1436 627 1556 676 tium
1568 625 1625 675 ad
1640 627 1778 675 aliam
1792 624 1925 676 die'tae
1945 624 2108 675 mensae
2128 626 2372 675 utilitatem
2386 641 2492 674 con.-

394 701 625 750 Moniales
646 697 829 750 Perufio
857 698 1181 750 Mediolanum
1198 696 1379 768 ablega·
1439 699 1586 755 verti,
1616 695 1844 766 Episcopo
1880 694 2107 765 Papienfi,
2128 694 2201 746 seu
2229 700 2323 759 ejus
2348 697 2491 746 Vica-

320 772 393 829 ri,
421 770 469 822 ἃ
485 770 541 821 ab
559 772 611 819 iis
629 770 964 827 Monasterium
981 770 1248 838 praedictum
1263 768 1375 819 inibi
1437 771 1508 819 rio
1539 770 1760 819 Generali
1789 769 2049 819 committit
2067 804 2079 817 .
2119 767 2275 818 Paulus
2298 769 2359 816 V.
2397 785 2489 816 cum

321 842 497 892 institui
516 840 607 893 ἃς.
623 841 831 913 indulget
850 879 862 891 .
898 841 1013 891 Idem
1033 877 1045 891 .
1257 858 1280 903 3
1299 860 1376 890 10.
1433 856 1533 889 nota
1551 875 1564 888 .
2367 857 2485 900 320.

395 911 644 964 Residuam
666 929 839 981 partem
857 912 1081 963 bonorum
1113 911 1373 970 stabilium,
1503 908 1736 977 Qaedam
1773 912 1895 980 petia
1926 912 2083 962 Terrae
2120 908 2356 960 Fratribus
2397 927 2487 978 pro

319 984 347 1033 ὲ
377 984 598 1053 praedisto
619 986 800 1053 Joanne
821 985 1008 1036 Tboma
1027 983 1174 1034 eidem
1209 986 1373 1033 Mona·
1432 999 1553 1031 nova
1582 985 1740 1032 Domo
1776 983 2027 1051 Viglevani
2055 981 2222 1031 donata
2250 980 2306 1031 ab
2330 997 2486 1031 annuo

318 1054 457 1105 sterio
473 1056 752 1106 Monialium
776 1056 1042 1107 relistorum
1060 1090 1074 1112 ,
1112 1055 1172 1105 ob
1198 1056 1373 1123 incapa-

319 1127 506 1177 citatem
528 1128 807 1177 Monialium
826 1126 943 1177 bona
964 1125 1138 1176 stabilia
1151 1123 1374 1194 poffiden-

322 1197 401 1256 di,
429 1198 641 1256 alienari,
671 1216 723 1246 ac
737 1200 934 1266 pretium
951 1198 1053 1248 inde
1069 1198 1372 1265 proveniens,

321 1270 369 1317 in
387 1286 501 1336 opus
532 1266 713 1319 fabricae
734 1304 749 1326 ,
779 1288 831 1318 ac
845 1267 1095 1326 clausurae,
1123 1267 1172 1319 ὅ(
1205 1271 1250 1318 in
1278 1285 1371 1318 em·

323 1341 531 1407 ptionem
550 1354 925 1406 paramentorum
948 1340 1188 1398 converti,
1219 1339 1371 1390 eidem

324 1409 562 1460 Cardinali
581 1445 596 1469 ,
625 1428 677 1459 ac
702 1409 1064 1480 Archiepiscopo
1084 1411 1339 1462 committit
1357 1447 1370 1462 .

321 1477 437 1531 Idem
455 1518 467 1530 .
1273 1481 1339 1531 ibi
1355 1522 1368 1536 .

393 1554 501 1602 Alia
519 1554 592 1619 pia
609 1555 778 1619 Legata
798 1588 813 1609 ,
845 1567 1133 1604 commutata
1164 1550 1369 1604 Testato-

322 1640 428 1673 rum
467 1624 704 1672 voluntate
728 1659 742 1681 ,
785 1621 966 1674 fabricae
996 1625 1144 1674 eidem
1176 1627 1370 1692 applica-

322 1695 360 1742 ri
394 1730 410 1752 ,
461 1692 820 1763 Archiepiscopo
873 1695 1023 1746 eidem
1083 1698 1340 1748 committit
1359 1737 1372 1749 .

323 1762 442 1815 Idem
455 1801 470 1824 ,
494 1783 582 1813 cum
609 1780 706 1813 nota
723 1801 735 1814 .
1259 1786 1283 1831 3
1300 1791 1316 1818 ι
1331 1787 1373 1820 1.

390 1834 733 1885 Monasterium
748 1837 900 1888 83ηὲὶί
916 1837 1117 1888 Bubonis
1133 1875 1149 1897 ,
1181 1839 1372 1891 Ordinis

328 1906 479 1957 83ηὲὶί
498 1907 729 1957 Βεηεάῑὲὶῐ
745 1944 762 1967 ,
778 1912 1008 1978 Vigueriae
1025 1945 1042 1967 ,
1066 1909 1247 1960 Sfortiae
1265 1916 1375 1979 Spe-

323 1978 483 2035 tiano,
526 1979 635 2027 alias
666 1981 709 2027 in
743 1980 1082 2031 Commendam
1121 1982 1377 2033 concesium

327 2047 562 2098 fratribus
571 2067 679 2098 cum
697 2051 917 2101 viridario
929 2051 1116 2101 concedi
1127 2072 1142 2111 3
1156 2052 1203 2100 in
1220 2070 1275 2102 eo
1290 2071 1372 2104 no-

319 2135 426 2168 men
448 2155 461 2178 ‚
486 2119 677 2169 titulum
698 2156 712 2178 ,
733 2119 780 2171 ἃ
801 2122 1031 2172 Ordinem
1050 2120 1299 2191 supprimi,
1318 2145 1371 2176 ac

321 2190 445 2239 illius
463 2190 580 2238 bona
596 2226 610 2247 ,
647 2188 811 2255 &jura
824 2194 1133 2261 capellaniae,
1161 2193 1218 2244 ad
1240 2197 1370 2246 Alta-

322 2277 371 2310 re
393 2261 546 2310 83ηὲὶί
564 2260 766 2311 Bubonis
794 2265 838 2311 in
864 2264 1024 2313 eadem
1053 2263 1255 2315 Ecclesia
1276 2284 1369 2335 per·

319 2330 461 2399 petuo
479 2331 701 2401 erigendae
717 2368 733 2390 ,
748 2334 939 2383 Abbatia
960 2336 1267 2404 nuncupandae
1284 2373 1299 2395 ,
1320 2337 1370 2391 ὅ(

320 2418 400 2469 per
422 2405 588 2467 Papam
604 2401 827 2454 duntaxat
842 2403 1125 2457 conferendae
1143 2443 1159 2467 ,
1174 2411 1370 2476 applica-

321 2475 360 2521 ri
379 2471 622 2523 confirmat
640 2508 653 2521 .
692 2471 807 2523 Idem
822 2512 834 2524 .
1252 2498 1277 2541 3
1292 2498 1368 2543 14.

337 2579 340 2584 -
391 2547 579 2611 Emptas
602 2544 628 2593 a
659 2544 822 2596 Nobili
849 2548 991 2597 Clara
1026 2547 1083 2598 de
1111 2549 1371 2620 Modogna-

320 2614 389 2663 nis
426 2614 577 2664 Vidua
622 2615 737 2665 aedes
757 2648 773 2674 ,
816 2615 866 2668 δε
908 2616 1098 2668 aedificia
1134 2621 1179 2670 in
1215 2624 1374 2692 Burgo

319 2684 474 2735 83ηὲὶί
503 2688 674 2754 Angeli
697 2684 916 2737 Dioecefis
947 2689 1149 2740 Lauden.
1179 2692 1237 2742 ad
1277 2693 1375 2763 sup-

321 2753 516 2823 pressum
546 2757 879 2809 Monasterium
907 2760 1081 2811 Sanstae
1102 2765 1371 2834 Margaritae

326 2827 521 2878 Ordinis
539 2828 690 2877 Sancti
724 2828 955 2880 Benediffi
976 2833 1085 2882 alias
1099 2832 1342 2902 spectantia
1354 2873 1370 2895 ,

323 2897 382 2948 ad
399 2896 662 2949 Monasterii
690 2897 886 2951 formam
907 2901 1089 2962 reduci,
1113 2923 1165 2954 ac
1193 2909 1369 2957 Monia-

322 2970 386 3019 les
408 2972 666 3039 Capucinas
686 2971 728 3020 in
748 2972 833 3021 hoc
850 3009 864 3031 ,
880 2972 1087 3027 clausura
1103 2981 1335 3028 munitum
1352 3016 1368 3038 ,

320 3040 476 3091 induci
496 3041 734 3101 concedit,
752 3043 799 3095 8(
815 3046 1097 3096 Monialibus
1119 3045 1199 3098 sub
1217 3048 1369 3100 vifita-

321 3114 445 3170 tione
470 3113 737 3172 Ordinarii,
765 3113 813 3165 ὅ(
834 3114 1099 3167 Confeffore
1115 3122 1188 3170 vel
1215 3126 1368 3191 Regu·

323 3185 436 3242 lari,
492 3185 564 3233 vel
612 3187 840 3235 Saeculari.
889 3188 1186 3249 viventibus,
1214 3196 1369 3244 omnia

321 3254 516 3305 Ordinis
532 3255 707 3307 sanstae
729 3260 879 3307 Clarae
894 3261 1140 3332 privilegia
1155 3280 1366 3314 commu·

320 3328 466 3376 nicat„
542 3325 657 3376 Idem
676 3362 692 3385 ,
1273 3336 1365 3385 ibi.

391 3395 638 3447 Ecclefiam
663 3398 837 3450 San<stae
853 3402 1022 3451 Crucis
1055 3402 1101 3450 in
1135 3401 1367 3456 Suburbio

322 3467 542 3518 Civitatis
577 3468 875 3520 Novariensis
901 3506 915 3529 ,
958 3474 1072 3523 olim
1100 3475 1367 3542 Praepofitu·

319 3552 420 3584 ram
442 3535 654 3605 suppressi
680 3541 874 3590 Ordinis
897 3546 1113 3593 Fratrum
1137 3548 1368 3601 Humilia·

320 3619 506 3664 torum,
541 3612 774 3661 Fratribus
805 3612 930 3662 dari:
975 3614 1367 3672 transactionem-³

319 3673 509 3742 desuper
545 3674 709 3731 saetam
744 3682 1009 3735 confirmari
1037 3705 1050 3735 ε
1085 3685 1133 3737 <Sc
1166 3687 1369 3741 defefius

321 3748 530 3812 priorum
569 3751 809 3802 literarum
859 3754 1234 3823 Apostolicarum
1275 3760 1367 3813 ἃς.

320 3815 556 3886 suppleri,
600 3822 787 3873 Vicario
821 3824 1035 3896 Episcopi
1073 3830 1368 3884 Novariensis

1436 1054 1616 1103 Livello
1632 1087 1648 1110 ,
1677 1052 1906 1103 mediante
1932 1051 2039 1116 justi
2061 1054 2194 1122 pretii
2221 1050 2448 1102 solutione
2467 1086 2484 1109 ,

1434 1124 1616 1174 liberari
1637 1125 1875 1194 indulget.
1915 1123 2031 1174 Idem
2049 1161 2060 1173 .
2362 1140 2479 1185 322.

1502 1194 1700 1263 Epistola
1718 1201 1866 1247 Sacrae
1885 1195 2274 1266 Congregationis
2296 1191 2483 1263 Episco-

1433 1283 1602 1334 porum
1620 1303 1636 1325 ,
1651 1266 1699 1319 δε
1719 1269 2024 1337 Regularium
2044 1303 2058 1326 ,
2077 1268 2248 1316 limites
2265 1263 2480 1333 quaestua-

1433 1340 1569 1387 tionis
1584 1340 1700 1388 inter
1721 1343 2023 1389 Conventum
2038 1342 2225 1389 Parrum
2243 1335 2482 1386 Reforma-

1431 1423 1588 1458 torum
1619 1412 1664 1459 in
1695 1411 1842 1460 Terra
1873 1411 2062 1478 Donghi
2078 1445 2095 1468 ,
2122 1409 2171 1460 ὅ(
2203 1407 2408 1458 nostrum
2434 1409 2482 1457 in

1432 1482 1579 1531 Terra
1593 1479 1797 1531 Domafii
1818 1483 2085 1551 regulantur
2101 1517 2113 1529 .
2127 1499 2215 1529 cum
2227 1495 2324 1528 nota
2343 1515 2356 1528 .
2393 1478 2481 1528 ibi.

1501 1552 1791 1602 Frafflonem
1827 1549 2118 1618 aquaedustfis
2133 1587 2149 1610 ,
2183 1548 2258 1599 seu
2291 1550 2476 1600 tubulo-
2552 1566 2556 1568 ·

1434 1641 1538 1672 rum
1550 1623 1606 1673 ad
1624 1627 1928 1674 Conventum
1948 1625 2092 1674 Comi
2110 1618 2444 1671 transeuntium
2463 1655 2481 1679 ,

1435 1696 1510 1744 vel
1524 1713 1676 1762 aquae,
1702 1693 1778 1744 seu
1795 1696 1919 1745 illius
1939 1696 2079 1762 partis
2108 1691 2447 1742 distrastionem
2462 1727 2479 1750 ,

1435 1763 1517 1814 sub
1546 1766 2036 1815 excommunicationis
2064 1782 2199 1832 poena
2217 1762 2478 1831 prohiberi,

1438 1834 1662 1905 Episcopo
1672 1839 1762 1886 loci
1776 1839 2028 1887 committit
2045 1873 2055 1885 .
2076 1834 2348 1887 vrb.V111.
2364 1851 2481 1896 324.

1502 1906 1751 1958 Ecclefiam
1768 1906 1950 1959 Domfis
1964 1906 2163 1959 Canobii
2181 1907 2226 1954 in
2243 1903 2451 1955 officinas
2463 1939 2482 1963 ,

1436 1977 1635 2045 aliosque
1650 1978 1752 2028 usus
1770 1982 2027 2050 prophanos
2054 1995 2138 2046 pro
2156 1974 2354 2040 ejusdem
2377 1976 2481 2030 Do·

1435 2046 1537 2099 mfis
1553 2052 1846 2118 ampliatione
1860 2052 2069 2102 converti
2081 2084 2097 2107 ,
2117 2047 2479 2116 Archiepiscopo

1430 2120 1761 2170 Mediolanensi
1779 2121 1870 2173 ἃς.
1887 2122 2144 2172 committit
2156 2157 2168 2170 .
2187 2119 2301 2169 Idem
2316 2156 2329 2170 .
2360 2136 2382 2180 3
2397 2137 2418 2166 2
2431 2137 2477 2183 5.

1501 2192 1902 2244 Condonationem
1930 2195 2039 2261 petii
2059 2208 2188 2242 terrae
2210 2228 2224 2250 ,
2243 2190 2478 2241 Monaste-

1429 2264 1498 2313 rio
1511 2263 1703 2313 Ordinis
1720 2265 1873 2315 83ηὲὶί
1902 2263 2136 2317 Benedicti
2156 2263 2346 2312 Abbatia
2369 2280 2480 2311 nun-

1430 2348 1600 2403 cupato
1613 2369 1628 2392 ,
1657 2338 1886 2406 contiguae
1902 2373 1918 2395 ,
1938 2354 2020 2404 pro
2036 2335 2334 2401 ampliatione
2351 2337 2479 2383 Con-

1432 2404 1593 2456 ventiis
1626 2409 1784 2456 Terrae
1820 2409 2055 2477 Vigueriae
2082 2404 2251 2456 saetam
2270 2441 2287 2465 ,
2315 2421 2481 2472 appro-

1430 2475 1509 2526 bat
1524 2512 1537 2524 .
1609 2475 1747 2525 Idem.
1849 2518 1850 2522 ,
2388 2474 2474 2522 ibi.

1503 2545 1704 2614 Epistola
1721 2552 1866 2598 Sacrae
1884 2547 2270 2615 Congregationis
2293 2543 2480 2613 Episco-

1434 2635 1596 2686 porum
1611 2654 1625 2676 ,
1639 2618 1687 2670 &
1700 2621 2004 2687 Regularium
2022 2654 2036 2675 ,
2057 2619 2241 2667 Erestio
2259 2621 2477 2668 Conven-

1431 2688 1507 2747 *tfis
1522 2692 1567 2739 in
1584 2692 1730 2740 Terra
1744 2690 1993 2758 Morbegni
2004 2725 2021 2747 ,
2038 2687 2263 2758 Episcopo
2277 2692 2480 2739 Comen-

1433 2759 1466 2809 [ἰ
1483 2764 1794 2812 committitur
1814 2799 1827 2812 .
1899 2773 1987 2810 cum
2001 2777 2102 2809 nota
2119 2797 2132 2808 .
2363 2777 2387 2820 3
2399 2766 2479 2807 26.

1497 2826 1710 2883 AEdifici‘a
1752 2835 1918 2884 veteris
1965 2829 2146 2883 Domfis
2175 2831 2473 2899 Romagnani

1429 2919 1514 2970 pro
1530 2904 1804 2971 perfestione
1821 2923 1951 2955 novae
1976 2902 2157 2952 fabricae
2180 2901 2351 2951 ibidem
2369 2917 2481 2950 ven-

1428 2973 1475 3022 di
1489 3010 1506 3032 ,
1525 2973 1574 3026 ὃς
1593 2975 1650 3025 ad
1666 2978 1780 3026 hanc
1798 2976 1889 3026 offa
1907 2973 2245 3026 Defunstorum
2261 2970 2480 3023 transfer-

1427 3046 1467 3094 ri
1482 3047 1695 3098 concedit
1709 3085 1720 3098 .
1797 3046 1914 3097 Idem
1927 3083 1944 3106 ,
2357 3062 2380 3105 3
2393 3061 2471 3102 27.

1503 3120 1663 3168 Altare
1679 3121 2024 3189 privilegiatum
2040 3153 2054 3176 ,
2074 3116 2100 3165 a
2117 3117 2259 3167 Paulo
2279 3117 2399 3182 Papa
2408 3117 2470 3162 V.

1429 3188 1573 3239 tribus
1589 3191 1828 3255 cujuslibet
1841 3191 2095 3242 Provinciae
2108 3197 2149 3238 A
2159 3186 2349 3236 ltaribus
2371 3202 2477 3233 con-

1428 3258 1594 3310 cessum
1609 3298 1625 3320 ,
1656 3262 1711 3312 de
1738 3264 1880 3312 veteri
1906 3258 2106 3312 Ecclefia
2123 3259 2178 3308 ad
2199 3260 2384 3308 noviter
2402 3274 2476 3304 ex-

1427 3332 1626 3381 truitam
1642 3369 1657 3391 ‚
1683 3352 1735 3383 ac
1769 3332 1895 3383 aliud
1927 3330 2186 3396 hujusmodi
2219 3329 2380 3379 Altare
2399 3363 2414 3385 ‚
2446 3327 2473 3374 a

1429 3405 1620 3471 Capella
1637 3403 1846 3454 Ecclefiae
1863 3401 2044 3455 Domfis
2064 3398 2354 3450 Alexandriae
2373 3433 2388 3455 ,
2414 3398 2473 3446 ad

1427 3477 1593 3525 Altare
1626 3479 1778 3539 MaJ'us
1802 3478 1850 3526 in
1879 3494 1931 3526 ea
1965 3468 2196 3524 transferri
2223 3468 2441 3520 concedit
2460 3505 2471 3516 .

1428 3543 1542 3595 Idem
1563 3582 1574 3595 .
2358 3558 2382 3602 3
2394 3558 2417 3588 2
2429 3542 2476 3590 8.

1501 3619 1620 3668 Tres
1650 3617 1877 3670 Moniales
1911 3612 1935 3662 ὲ
1964 3611 2246 3664 Monasterio
2270 3613 2472 3679 Capuci—

1429 3705 1592 3737 narum
1614 3689 1791 3739 Sanstae
1835 3686 2041 3736 Barbarae
2090 3684 2347 3734 Mediolani
2375 3719 2391 3740 ,
2420 3683 2477 3733 ad

1431 3776 1606 3809 novum
1636 3757 1972 3811 Monasterium
2006 3757 2349 3823 Capucinarum
2367 3759 2479 3806 San-

1429 3829 1613 3881 &orum
1666 3831 1959 3900 Angelorum
2015 3826 2188 3878 ib.dem
2215 3864 2232 3889 ,
2278 3845 2364 3940 prii>
2416 3827 2479 3874 in-

2366 3909 2432 3938 [U-
