2710 4108
323 277 495 364 420

267 370 335 412 lici
368 365 591 409 Auditores
617 357 816 416 judicari,
846 358 883 398 &
910 353 1083 398 deffiniri
1113 355 1295 406 debere,

265 442 312 470 ac
333 427 490 468 irritum
505 449 519 472 ,
548 422 588 463 &
601 420 721 462 inane
737 447 752 471 ‚
778 417 800 458 si
817 414 926 457 secus
947 414 1064 471 super
1081 413 1139 456 his
1155 428 1176 455 a
1191 428 1295 469 quo-

265 499 383 542 quam
398 481 534 539 quavis
551 477 796 520 auctoritate
812 473 982 517 scienter
994 499 1008 522 2
1026 473 1090 515 vel
1105 473 1290 529 ignoran—

266 556 333 586 ter
349 538 570 595 contigerit
587 536 891 580 attentari.Non
904 532 1148 575 obstantibus
1159 529 1186 572 f.
1202 545 1286 573 rec.

265 601 383 647 Pauli
401 601 455 642 11.
470 623 484 644 a
497 598 533 639 δι
548 595 721 638 aliorum
740 596 1018 636 Romanorum
1031 588 1291 640 Pontificum,

265 654 607 705 Praedecefforum
634 653 855 696 nostrorum
872 679 887 702 ‚
902 649 954 692 de
971 649 1089 694 rebus
1104 647 1292 691 Ecclesia:

266 733 347 763 non
375 714 622 762 alienandis,
654 711 819 766 aliisque
845 707 1226 758 constitutionibus,
1255 708 1295 749 &

265 769 829 826 ordinationibusApostolicis
843 798 859 819 ,
889 781 936 810 ac
954 796 967 817 ‚
980 777 1178 823 quatenus
1193 779 1291 820 opus

264 836 312 878 lit
329 864 343 887 ,
374 833 488 888 ipsius
507 831 673 874 Ordinis
687 856 702 880 ‚
730 829 769 869 &
785 825 928 870 Mensae
948 824 1192 880 Episcopalis
1219 826 1294 867 hu-

264 891 450 954 jusmodi,
464 890 586 933 etiam
600 884 1171 944 juramento,Confirmatione
1185 887 1294 938 Apo·

265 951 404 996 stolica
431 977 445 1000 2
488 949 552 990 vel
581 947 657 990 alia
685 946 823 1001 quavis
856 941 1050 986 firmitate
1087 943 1286 984 roboratis

268 1009 453 1059 statum,
487 1010 526 1049 δι
551 1003 909 1049 consuetudinibus
939 1031 952 1053 ‚
984 999 1283 1055 coe-terisque..-

266 1062 478 1114 contrariis
495 1065 806 1121 quibust-umque
822 1091 833 1102 .
868 1063 1014 1103 Datum
1033 1063 1171 1100 Romae
1187 1056 1290 1112 apud

266 1129 452 1174 Sanctum
486 1127 651 1169 Petrum
691 1122 760 1164 sub
788 1119 950 1163 Annulo
988 1117 1197 1160 piscatoris
1223 1115 1292 1157 die

270 1200 372 1230 xvir
389 1199 421 1226 1.
439 1182 590 1238 Aprilis
620 1192 836 1223 mocxtiv.
861 1173 1128 1222 Pontificatus
1153 1174 1292 1220 Nostri

266 1250 385 1294 Anno
409 1239 731 1300 vigefimoprimo
748 1266 759 1281 .

776 1357 836 1400 M.
864 1350 916 1394 A.
946 1351 1177 1397 Maraldus.

326 1483 424 1525 Aut.
440 1480 483 1519 in
499 1474 614 1520 Arcb.
630 1476 773 1515 Secret.
791 1475 906 1517 Brev.
922 1469 1051 1528 Apost.
1069 1471 1161 1525 ch.
1176 1468 1293 1525 menst

379 1537 433 1587 &e
458 1538 552 1576 anni
565 1533 689 1587 praed.
703 1530 783 1589 fol.
804 1545 838 1572 1.
860 1531 904 1574 dc
920 1545 994 1589 quo
1007 1535 1131 1572 Breve
1132 1528 1292 1587 forma-

378 1594 517 1641 tamin
535 1591 657 1637 Arch.
676 1591 787 1635 Prov.

266 1863 314 1910 A
339 1856 571 1908 Fratribus
587 1853 854 1906 Conventus
873 1855 1027 1906 Terrae
1046 1851 1296 1923 Puppii,0f-

331 1926 434 1977 ficia
447 1923 800 1983 Defuncstorum,
815 1925 871 1975 ad
891 1942 984 1991 quae
999 1923 1296 1992 persolvenda

333 2015 388 2046 ex
423 1997 499 2064 pio
530 1998 684 2066 legato
717 1995 983 2048 tenebantur
1014 2033 1030 2057 ,
1061 1997 1298 2064 anticipari

334 2065 544 2139 indulget
560 2103 573 2117 .

262 2197 375 2251 UR
408 2195 739 2249 BANUS
812 2195 1023 2247 PAPA
1098 2199 1292 2248 VIII.

458 2322 526 2371 Ad
539 2320 734 2384 futuram
761 2321 823 2368 rei
847 2323 1072 2367 memoriam
1088 2351 1100 2366 .

365 2448 619 2505 xpastoralis
641 2449 775 2492 Officii
793 2451 916 2494 nostri
930 2450 1100 2502 debito,
1130 2452 1192 2494 cui
1213 2450 1294 2494 dis-

391 2518 571 2565 ponente
597 2509 771 2551 Domino
801 2510 1082 2566 praefidemus,
1110 2525 1293 2552 nonnun-

259 2582 378 2623 quam
409 2570 491 2624 pias
519 2567 750 2610 testantium
780 2570 1045 2620 voluntates,
1075 2567 1171 2611 dum
1196 2584 1295 2624 prae-

259 2628 398 2670 sertim
428 2626 687 2670 rationabiles
713 2625 836 2671 causae
870 2627 911 2672 id
939 2627 1136 2677 suadent,
1167 2628 1293 2672 liben-

258 2697 325 2729 ter
340 2695 631 2727 commutamus
646 2714 660 2736 ‚
690 2686 730 2729 &
745 2687 928 2730 Fratrum
946 2685 1266 2731 Mendicantium
1277 2715 1301 2738 ‚.

258 2744 300 2786 id
325 2743 451 2785 etiam
465 2757 486 2786 a
502 2744 633 2787 Nobis
650 2744 859 2789 humiliter
885 2746 1115 2800 petentium
1131 2774 1146 2796 ,
1178 2747 1285 2790 votis

256 2801 541 2845 favorabiliter
565 2802 774 2846 annuimus
792 2832 804 2844 .
838 2804 1029 2848 Exhibita
1053 2803 1287 2859 liquidem-a

258 2860 391 2905 Nobis
423 2875 555 2918 nuper
578 2875 651 2917 pro
679 2872 795 2916 parte
823 2861 1065 2906 diter-‘torum
1091 2864 1285 2908 Filiorum

256 2918 478 2964 Guardiani
494 2947 508 2973 ,
528 2921 567 2963 δε
580 2922 764 2962 Fratrum
781 2923 934 2964 Domus
955 2921 1174 2978 Regularis
1189 2925 1293 2967 Ter-

255 2994 308 3022 rae
326 2979 452 3035 Poppi
479 2981 657 3023 Aretinae
686 2979 885 3023 Dioecesis
911 2980 1079 3024 Ordinis
1106 2986 1146 3025 S.
1167 2985 1292 3026 Fran-

257 3039 352 3083 cisci
370 3038 673 3094 Capucinorum
692 3050 1015 3095 nuncupatorum
1034 3040 1181 3095 petitio
1197 3056 1293 3084 con-

257 3096 413 3140 tinebat
428 3125 441 3148 ,
473 3096 580 3151 quod
599 3097 698 3139 alias
723 3099 746 3143 a
761 3097 935 3153 quadam
955 3098 1161 3151 Muliere,
1194 3098 1292 3144 dum

258 3156 391 3207 vixit,
424 3156 590 3206 Terrae,
620 3154 685 3197 seu
718 3154 798 3198 loci
823 3155 1051 3213 hujusmodi
1066 3157 1228 3208 incola,
1249 3159 1290 3201 iu

257 3214 345 3269 ejus
367 3211 605 3262 ultimmsub
620 3213 734 3269 cujus
761 3213 1017 3269 dispositione
1042 3218 1090 3259 ab
1109 3218 1291 3261 humanis

256 3270 450 3323 deceffit,
481 3271 892 3323 Testaniento,scuta
907 3285 1076 3319 centum
1107 3287 1295 3325 monetat,

258 3331 308 3374 ad
337 3331 524 3376 effectum
540 3359 553 3381 ,
583 3342 626 3372 ut
650 3345 701 3374 ex
725 3330 815 3385 ipii‘s
843 3331 1157 3378 constitueretur
1181 3363 1198 3385 ‚
1228 3336 1296 3379 seu

255 3401 476 3445 augeretur
496 3390 748 3433 Bibliotheca
774 3390 952 3446 ejusdem
982 3395 1136 3436 Domus
1152 3392 1298 3450 Regu·-

257 3449 354 3491 laris
384 3450 523 3491 relicta
560 3448 725 3494 fuerunt
757 3477 771 3501 ,
801 3464 896 3492 cum
924 3464 1052 3493 onere
1079 3480 1096 3505 ,
1124 3461 1168 3494 ut
1198 3454 1296 3496 Fra-

257 3518 345 3549 tres
371 3507 547 3563 ejusdem
581 3511 735 3550 Domus
771 3509 898 3563 spatio
924 3509 1067 3566 viginti
1097 3524 1298 3561 annorum

253 3581 380 3611 unum
395 3566 584 3609 Officium
612 3564 902 3609 Defunctorum
924 3570 1096 3620 tantum,
1106 3569 1298 3626 quolibet

255 3640 359 3668 anno
373 3654 388 3678 ,
415 3639 531 3669 more
548 3625 771 3670 eorundem
789 3627 974 3670 fratrum
996 3627 1209 3672 celebrare
1236 3638 1299 3672 te-

256 3695 455 3732 nerentur
487 3713 499 3728 .
542 3688 649 3727 Cum
676 3694 811 3728 autem
831 3684 958 3738 ficut,
982 3686 1127 3730 eadem
1149 3687 1297 3744 petitio

259 3742 528 3799 subjungebat
547 3770 562 3793 ‚
593 3745 758 3785 Fratres
779 3742 962 3801 ejusdem
979 3748 1134 3794 Domus
1152 3748 1297 3804 Regu-

256 3803 350 3849 laris
370 3805 411 3848 in
442 3808 572 3849 Sacro
605 3802 947 3862 Presbyterorum
965 3805 1122 3851 Ordine
1150 3807 1299 3853 consti·

1077 237 1599 325 Provincia

1359 355 1436 396 tuti
1453 365 1666 395 numerum
1692 362 1866 408 quatuor
1893 351 2100 395 excedere
2127 351 2296 396 minime
2336 350 2399 396 so-

1356 413 1496 464 leant3
1513 410 1642 467 ficque
1656 411 1828 454 deduaa
1846 411 1951 455 miffa
1972 414 2248 455 conventuali
2268 441 2282 464 ,
2309 427 2397 468 quae

1349 470 1543 528 quotidie
1555 484 1630 526 pro
1646 471 1978 514 Bene-factoribus
1992 470 2247 523 celebratur,
2265 485 2398 514 unum

1347 529 1536 573 Officium
1549 527 1831 572 defunctorum
1849 543 1962 571 more
1973 531 2394 574 eorundemFratrum

1353 600 1438 632 tres
1463 587 1774 646 quomodolibet
1803 602 1909 631 anno
1939 616 1953 639 ,
1984 588 2113 643 spatio
2139 594 2239 633 vero
2263 589 2396 632 dieto-

1353 663 1442 691 rum
1461 647 1603 705 viginti
1631 656 1830 689 annorum
1847 647 2050 702 sexaginta
2072 648 2204 692 Miflas
2225 649 2395 693 circiter

1354 706 1677 762 complectatur3
1706 705 1799 747 ideo
1818 706 1946 748 Nobis
1963 707 2174 749 humiliter
2197 707 2397 763 supplica-

1353 766 1389 808 ri
1417 766 1607 808 fecerunt
1635 765 1900 819 Exponentes
1920 764 2095 816 praedicti
2119 792 2133 816 ,
2162 777 2206 808 ut
2231 768 2289 808 eis
2321 767 2393 810 in„

1354 823 1553 881 praemiffis
1569 823 1797 878 opportune
1826 822 2046 878 providere
2061 853 2077 876 ,
2091 825 2142 867 de
2164 826 2397 880 Benignita-

1355 896 1398 926 te
1414 883 1645 939 Apostolica
1668 881 1955 938 dignaremur.
1990 885 2076 924 Nos
2094 883 2218 937 igitur
2232 883 2397 927 eosdem

1349 946 1610 999 Expone-ntes
1638 941 1817 996 specialis
1845 941 1983 996 gratiae
2020 938 2160 983 favore
2200 943 2390 998 prosequi

1351 1002 1541 1045 volentes
1558 1029 1571 1049 ‚
1592 1011 1750 1041 necnon
1767 1013 1910 1041 eorum
1926 1000 2155 1054 quemlibet
2182 1001 2203 1041 εὶ
2231 999 2394 1057 quibus·

1352 1063 1411 1103 vis
1423 1057 1812 1103 excomunicationis
1825 1060 1901 1101 διε.
1915 1059 1955 1099 &
1967 1057 2172 1102 absolutos
2191 1058 2279 1101 fore
2296 1073 2399 1100 cen·

1352 1120 1484 1164 sentes
1501 1146 1515 1168 2
1541 1116 1730 1173 porrectis
1746 1118 1872 1159 Nobis
1901 1130 1977 1172 pro
2003 1117 2230 1160 eorundem
2259 1120 2398 1173 Expo-

1353 1178 1534 1223 nentium
1563 1185 1681 1233 parte
1706 1173 1825 1232 super
1852 1171 1933 1219 hoc
1953 1174 2311 1232 fiipplicationibus
2328 1177 2398 1218 in-

1353 1237 1495 1280 clinati
1515 1264 1526 1287 ,
1550 1235 1699 1277 eisdem
1714 1235 2023 1291 Exponentibus
2039 1264 2052 1287 ,
2077 1246 2120 1278 ut
2147 1235 2292 1278 Officia
2321 1236 2396 1277 de-

1353 1298 1582 1342 functorum
1601 1291 1823 1349 hujusmodi
1839 1294 2210 1348 perimpofitassum
2221 1294 2398 1351 primum

1354 1365 1577 1414 poterunt,
1609 1366 1687 1396 non
1715 1354 1930 1408 expectato
1958 1353 2070 1396 cursu
2097 1353 2298 1397 dictorum
2336 1354 2398 1396 vi-

1354 1415 1455 1473 ginti
1481 1425 1706 1458 annorum,
1735 1411 1959 1455 dummodo
1986 1421 2123 1454 tamen
2147 1413 2198 1455 ad
2225 1412 2267 1455 id
2290 1412 2328 1454 se
2345 1426 2396 1455 ex

1355 1473 1518 1531 speciali
1548 1470 1821 1515 conventione
1845 1484 1925 1512 non
1946 1469 2223 1525 obligaverint
2248 1499 2263 1522 ,
2286 1471 2398 1513 cele-

1354 1536 1475 1576 brare
1495 1527 1888 1586 poffint,Apost01ica
1905 1531 2187 1581 Austoritate,
2212 1539 2398 1574 tenore..-

1353 1590 1607 1649 praesentium
1634 1586 1926 1638 concedimus,
1962 1589 2003 1629 δι
2033 1587 2319 1644 impartimur,
2350 1602 2395 1631 ac

1354 1665 1428 1708 per
1466 1647 1792 1690 celebrationem
1830 1646 1971 1702 viginti
1986 1647 2224 1690 officiorum
2255 1647 2398 1703 praedi-

1353 1714 1506 1752 <storum
1525 1720 1597 1761 per
1621 1705 1783 1748 eosdem
1802 1707 2068 1760 Exponentes
2082 1733 2097 1756 2
2115 1708 2396 1762 cumprimum
2436 1755 2442 1762 ,

1320 1807 1324 1811 .
1354 1775 1552 1825 poterunt
1567 1793 1582 1815 ‚
1611 1765 1734 1807 etiam
1754 1765 1898 1819 viginti
1917 1765 2026 1806 annis
2044 1779 2124 1807 non
2141 1765 2366 1820 expectatis
2380 1793 2394 1818 ,

1354 1838 1401 1871 ut
1434 1820 1680 1882 praefertur,
1713 1821 1894 1879 ejusdem
1922 1823 2139 1867 testatricis
2168 1823 2399 1879 dispofitio-

1355 1900 1447 1930 nem
1462 1914 1478 1936 ,
1507 1885 1547 1924 δε
1566 1882 1811 1923 voluntatem
1829 1881 2015 1935 perinde,
2025 1897 2071 1926 ac
2091 1883 2116 1924 s1
2139 1883 2179 1924 in
2198 1883 2314 1924 dietis
2334 1881 2399 1927 vi-

1358 1945 1460 2001 ginti
1487 1941 1596 1984 annis
1629 1941 1743 1981 oneri
1761 1942 1950 1996 praedicto
1974 1943 2027 1985 ab
2049 1941 2137 1997 ipfis
2155 1940 2397 1993 satisfieret,

1357 2004 1477 2062 plene.¹
1491 2030 1505 2051 ‚
1535 2001 1572 2042 δι
1590 1999 1747 2054 integi-*e
1761 1998 1985 2055 adimplere
1998 2028 2014 2052 ‚
2038 2014 2116 2043 nec
2131 2002 2394 2055 Exponentes

1356 2061 1564 2118 praedietos
1577 2062 1599 2103 a
1627 2057 1836 2113 quopiam,
1851 2060 1996 2114 quovis
2023 2069 2223 2116 praetextu
2237 2089 2253 2110 ‚
2275 2073 2400 2102 occa·

1299 2154 1302 2156 ,
1355 2124 1463 2167 smne
1487 2148 1502 2172 ‚
1534 2118 1600 2160 vel
1629 2116 1745 2159 causa
1769 2116 2010 2166 molestari,
2045 2118 2295 2174 inquietari,
2325 2126 2396 2161 aut

1355 2179 1497 2237 quovis
1515 2175 1836 2228 modoimped'iri
1853 2176 2088 2220 nullatenus
2115 2190 2288 2232 unquam
2305 2175 2398 2232 pos·

1354 2243 1425 2292 se3
1458 2238 1620 2279 irritum
1634 2248 1826 2292 quoque,
1855 2235 2026 2277 &inane
2044 2263 2058 2287 ,
2083 2235 2107 2278 fi
2137 2235 2249 2278 secus
2271 2234 2394 2292 super

1354 2300 1417 2342 his
1432 2298 1452 2339 i
1467 2293 1830 2352 quoquam,quavis
1844 2295 2087 2338 austeritate
2107 2295 2310 2347 scienter,
2325 2294 2392 2339 vel

1352 2359 1587 2414 ignoranter
1609 2353 1831 2406 contigerit
1852 2354 2048 2395 attentari
2063 2382 2080 2404 ,
2105 2352 2364 2396 decernimus
2379 2380 2395 2405 ,

1355 2418 1549 2470 dictaeque
1581 2411 1816 2454 Testatricis
1846 2411 2134 2462 voluntatem,
2159 2412 2293 2468 quoad
2321 2414 2396 2455 hoc

1354 2470 1684 2522 sufficienter,vel
1698 2469 1886 2526 expresse
1900 2482 2298 2525 commutamus3non
2320 2472 2396 2514 ob·-

1355 2532 1545 2579 stantibus
1571 2529 1788 2572 voluntate
1819 2527 2078 2585 hujusmodi,
2109 2542 2158 2572 ac
2183 2530 2398 2573 Constitu-

1354 2592 1533 2637 tionibus
1548 2618 1564 2640 ,
1595 2590 1635 2630 δι
1649 2586 1990 2631 ordinationibus
2013 2588 2256 2644 Apostolicis
2271 2616 2285 2639 ,
2316 2603 2394 2631 cau-'-

1355 2652 1536 2706 terisque
1560 2648 1779 2690 contrariis
1792 2647 2095 2703 quibuscunque
2110 2677 2122 2688 .
2140 2648 2294 2690 Datum
2309 2650 2397 2690 Ro·

1353 2725 1426 2754 mae
1455 2707 1562 2765 apud
1589 2709 1778 2751 sanetum
1799 2709 1970 2750 Petrum
1985 2708 2054 2751 sub
2069 2707 2233 2750 Annulo
2261 2706 2396 2762 Piscaf

1346 2770 1476 2819 toris,
1508 2767 1589 2809 Die
1609 2779 1705 2808 xii.
1741 2763 1838 2808 Maii
1871 2780 2089 2810 mocxmv.
2131 2763 2392 2810 Pontificatus

1348 2827 1472 2878 nostri
1501 2828 1626 2871 Anno
1653 2823 1847 2881 vigefimo
1873 2825 2039 2881 primo.

1894 3003 1953 3044 M.
1973 3002 2025 3044 A.
2044 3001 2252 3046 Maraldus
2269 3013 2290 3043 .’

1410 3181 1587 3235 Exempl.
1623 3183 1667 3222 in
1695 3175 1815 3223 Arcb·
1844 3163 2059 3232 Generali',
2093 3178 2254 3221 Ordinis
2280 3181 2395 3222 Arm.

1472 3239 1688 3284 Provincia
1721 3236 1875 3281 Tusciae
1894 3268 1906 3281 .

1360 3585 1604 3640 Dimiffam
1636 3601 1766 3637 extra
1802 3591 1969 3638 Muros
1997 3584 2221 3635 Civitatis
2260 3588 2392 3637 Sena·

1427 3675 1532 3709 rum
1559 3654 1757 3708 nostram
1778 3662 1982 3709 Domum
2015 3673 2121 3706 cum
2142 3655 2278 3706 horto
2294 3691 2311 3715 ‚
2343 3655 2394 3708 ὅτ

1428 3726 1564 3800 sylva
1592 3731 1683 3780 PP.
1701 3726 2130 3782 Camaldulensibus
2152 3727 2292 3777 donat
2310 3763 2322 3775 .

2177 3868 2340 3913 ALE-
