2762 4108
383 237 552 352 298

317 356 395 414 Fr.
429 356 644 406 Rochum
671 351 698 402 ὲ
727 351 934 404 Venetiis
952 385 967 408 ,
1015 344 1355 401 visitatorem-f

385 423 659 478 Miffionum
675 425 721 475 in
733 415 1044 494 Peloponneso
1059 416 1293 470 constituit
1305 452 1319 467 .

325 563 483 612 Dileflo
497 563 602 611 Filio
617 564 743 607 Rocho
756 563 783 607 d
806 562 966 606 Venetus
979 560 1141 603 ordinis
1155 563 1352 606 Fratrum

406 624 609 671 MInorum
623 621 759 665 sanb‘li
776 619 977 676 Francisti
993 623 1280 676 Capuclnorum

549 689 862 739 nuncupatorum
881 677 1088 740 Proscfflrt‘
1103 706 1116 721 .

320 810 958 868 INNOCENTIUS
1009 810 1184 861 PAPA
1231 809 1356 861 XII.

409 941 564 990 Dite&
587 938 673 987 Fili
684 939 909 996 ‚filma-m,
935 937 988 988 ὰ
1018 937 1271 998 Apostolt‘cam

677 996 983 1044 Bam-dimonem
996 1025 1010 1039 .

432 1119 629 1175 Upientes
671 1117 722 1160 ad
758 1117 980 1159 animarum
1007 1114 1178 1158 salutem
1193 1143 1207 1166 ‚
1248 1111 1361 1156 divi-

326 1119 429 1238 C
458 1190 635 1232 numque
653 1175 807 1220 cultum
822 1174 1148 1230 promovendum
1163 1200 1178 1221 2
1209 1171 1362 1216 Miffio-

321 1252 393 1281 nes
426 1237 463 1278 in
492 1232 774 1290 Peloponneso
802 1233 1019 1277 existentes
1033 1262 1047 1285 ,
1077 1232 1362 1277 auctoritate-0

321 1295 451 1339 nostra
467 1292 694 1348 Apostolica
708 1293 884 1345 visitari,
898 1306 943 1335 ac
961 1291 1014 1334 de
1033 1294 1119 1335 Tua
1136 1290 1217 1334 fide
1229 1321 1246 1343 ,
1261 1291 1394 1333 cha-8

321 1355 444 1396 ritate
460 1381 472 1403 ,
486 1354 526 1395 &
543 1351 767 1394 Catholicae
782 1350 1015 1408 Religionis
1030 1352 1124 1394 zelo
1139 1350 1358 1406 plurimum

319 1413 359 1455 in
379 1411 556 1455 Domino
573 1409 708 1454 confifi
725 1439 738 1462 ,
755 1412 900 1467 Teque
914 1410 934 1453 a
950 1410 1154 1467 quibusvis
1167 1411 1244 1452 ἃς.
1261 1422 1360 1453 cen-

319 1470 456 1515 sentes
471 1499 485 1521 ,
516 1469 569 1513 de
586 1469 894 1513 venerabilium
913 1471 1099 1515 Fratrum
1118 1469 1360 1514 Nostrorum

320 1534 363 1575 S.
383 1531 437 1572 R.
455 1531 504 1572 E.
517 1528 801 1572 Cardinalium
817 1529 991 1585 negotiis
1006 1527 1276 1588 Propagandae
1295 1527 1361 1571 Fi—

323 1588 391 1632 dei
409 1589 712 1644 praeposttorum
724 1585 891 1631 consilio
908 1615 922 1637 ,
938 1589 1000 1631 Te
1011 1586 1250 1633 earumdem
1266 1587 1361 1630 Mis-

322 1646 476 1692 fionum
491 1646 529 1689 in
547 1645 831 1702 Peloponneso
853 1644 1076 1702 hujusmodi
1103 1646 1362 1690 existentium

321 1705 586 1750 Vifitatorem
600 1734 614 1756 ‚
649 1718 742 1748 cum
771 1703 965 1749 facultate
995 1706 1290 1763 quascumque,
1325 1707 1366 1748 δε

325 1763 502 1823 fingulas
513 1778 564 1808 ex
579 1764 694 1807 dietis
707 1763 956 1808 Miffionibus
972 1794 986 1817 ‚
1003 1764 1081 1808 live
1093 1765 1367 1820 Presbytero-

323 1837 414 1868 rum
431 1822 682 1866 secularium
696 1851 711 1875 ,
742 1823 822 1866 five
836 1823 1103 1877 Regularium
1120 1824 1190 1868 lint
1205 1852 1219 1876 ‚
1250 1837 1295 1865 ac
1314 1823 1366 1865 il-

327 1884 462 1928 larum
477 1881 678 1926 Ecclefias
690 1912 707 1935 ,
731 1881 922 1938 Capellas
933 1911 947 1934 ,
963 1883 1205 1927 Monasteria
1220 1910 1234 1934 ‚
1250 1885 1365 1924 Con-

324 1951 469 1985 ventus
486 1969 501 1994 ,
533 1943 684 1985 Domos
701 1970 715 1994 ,
748 1939 932 1997 Hospitia
947 1970 960 1993 ,
992 1942 1187 2000 Collegia
1199 1969 1213 1991 ‚
1246 1939 1365 1984 Refi-

324 2000 486 2045 dentias
501 2029 516 2051 ‚
529 2000 569 2043 &
581 2000 658 2044 alia
674 2001 738 2058 pia
753 2026 768 2050 a
782 2001 821 2043 δι
833 1999 1022 2055 religiosa
1037 2003 1147 2043 Loca
1162 2012 1365 2058 quaecum-

324 2073 404 2116 que
425 2084 440 2107 a
484 2058 730 2115 illorumque
764 2057 954 2103 Praelatos
966 2084 980 2106 2
1022 2060 1263 2116 Superiores
1276 2087 1291 2111 ,
1323 2059 1364 2102 δι

323 2117 422 2162 alias
437 2111 626 2160 Personas
654 2115 977 2167 Ecclesiasticas,
1003 2127 1086 2161 tam
1115 2118 1333 2163 Seculares
1350 2148 1367 2176 2

324 2178 445 2234 quam
463 2176 717 2230 Regulares,
730 2174 902 2231 cujusvis
916 2175 1036 2219 status
1054 2205 1068 2229 ,
1084 2177 1231 2232 gradus
1249 2203 1263 2226 a
1285 2179 1368 2220 Or-

323 2236 429 2281 dinis
445 2264 460 2285 ,
491 2234 798 2290 praeeminentiae
811 2264 826 2287 ‚
856 2236 897 2276 &
925 2235 1135 2290 dignitatis
1165 2236 1336 2281 existant
1351 2267 1366 2290 ‚

326 2306 410 2340 tum
425 2294 640 2348 incapite,
666 2295 784 2349 quam
810 2294 850 2335 in
871 2296 1094 2346 membris,
1126 2295 1251 2338 semel
1278 2306 1367 2339 tan-

324 2364 413 2396 tum
424 2383 438 2404 ,
452 2353 692 2394 auetoritate
708 2352 835 2394 nostra
850 2354 1034 2409 praedicta
1052 2353 1258 2406 visitandi,
1274 2370 1367 2397 cum

325 2411 584 2457 facultatibus
601 2411 826 2454 necessariis
842 2440 856 2463 ‚
873 2414 911 2453 δι
926 2416 1189 2468 opportunis,
1206 2429 1251 2456 ac
1266 2415 1365 2459 alias

327 2486 404 2529 pro
426 2468 624 2528 eJusmodi
641 2483 812 2515 munere
834 2470 913 2514 rite
928 2500 941 2523 ,
973 2473 1012 2514 ὅτ.
1025 2474 1134 2516 recte
1149 2473 1369 2529 explendo,

326 2533 348 2576 a
363 2530 695 2589 Congregatione
709 2539 1027 2577 memoratorum
1046 2532 1369 2578 Cardinalium,

327 2588 661 2637 concedisolitis,
693 2589 935 2632 auctoritate
959 2591 1221 2650 Apostolica,
1254 2603 1369 2638 teno-

327 2662 375 2692 re
393 2647 640 2703 praesentium
658 2675 672 2698 ‚
699 2647 1006 2700 constituimus,
1034 2652 1071 2693 &
1096 2652 1336 2708 deputamus
1352 2680 1367 2705 ,

330 2707 505 2764 Tibique
538 2704 645 2752 serio
673 2704 944 2764 injungimuS,
975 2718 1019 2751 ut
1041 2709 1080 2751 in
1100 2711 1370 2759 earumdem„

328 2766 556 2810 Miffionum
569 2765 709 2808 flatum
726 2793 739 2815 ‚
771 2764 1105 2811 christifidelium
1123 2769 1161 2813 in
1174 2769 1254 2814 illis
1272 2785 1369 2825 par-

327 2826 434 2867 tibus
450 2824 790 2869 commorantium
806 2823 1047 2882 indigentias
1063 2854 1077 2877 ‚
1093 2842 1250 2874 necnon
1268 2830 1368 2873 Mis-

328 2884 593 2927 fionariorum
605 2913 620 2934 ,
655 2882 806 2927 ibidem
829 2884 982 2938 pariter
1007 2885 1245 2942 degentium
1259 2918 1274 2940 ‚
1308 2889 1369 2933 vi·-

330 2954 415 2988 tam
432 2972 446 2997 ,
479 2956 610 2988 mores
626 2971 638 2994 ‚
673 2943 796 2993 ritus,
828 2943 866 2986 &
878 2942 1131 3000 disciplinam
1147 2947 1368 3004 diligenter

326 3003 506 3058 inquiras
521 3031 535 3054 ‚
566 3002 699 3058 deque
725 3002 770 3044 iis
785 3003 970 3046 omnibus
1000 3004 1188 3048 eamdem
1218 3007 1369 3052 Cardi-

326 3063 482 3107 nalium
501 3063 876 3117 Congregationem
891 3063 1112 3108 certiorem
1130 3063 1268 3108 facere
1286 3081 1366 3111 non

329 3120 612 3178 praetermittas
625 3146 637 3160 .
667 3120 912 3163 Mandantes
927 3134 1142 3179 propterea
1152 3125 1335 3171 omnibus
1348 3153 1364 3176 2

329 3183 370 3224 δι
385 3179 548 3232 fingulis
558 3178 794 3223 earumdem
812 3178 1037 3225 Missionum
1058 3180 1262 3226 Praefeetis
1279 3213 1292 3235 ‚
1325 3200 1370 3229 ac

329 3238 584 3286 Miffionariis
599 3267 613 3290 ,
642 3237 873 3295 ceterisque
904 3240 1089 3285 Pei-sonis
1130 3242 1371 3287 Ecclesiasti-

329 3300 412 3348 cis,
446 3309 528 3342 tam
544 3295 834 3349 secularibus,
864 3296 983 3354 quam
998 3299 1270 3356 Regularibus
1287 3331 1301 3353 ‚
1331 3304 1372 3349 in

331 3356 480 3401 eisdem
496 3358 677 3414 partibus
692 3356 938 3412 degentibus
951 3360 1146 3415 praedidtis
1159 3387 1174 3410 a
1207 3370 1252 3404 ut
1280 3363 1342 3406 Te
1355 3392 1370 3414 ‚

332 3428 537 3471 tamquam
563 3430 707 3460 eorum
726 3415 983 3461 Vifitatorem
1009 3418 1288 3476 Apostolicum
1306 3449 1320 3473 ,
1349 3421 1372 3467 ὲ

332 3476 462 3519 Nobis
478 3505 491 3527 ,
521 3486 565 3518 ut
580 3475 793 3532 praesertur
809 3505 823 3528 ,
861 3479 1114 3531 Deputatum
1126 3507 1141 3531 ,
1174 3493 1371 3525 reveren·

331 3545 399 3578 ter
418 3535 621 3591 recipiant
636 3563 650 3585 ‚
679 3537 719 3579 &
734 3535 1056 3594 recognoscant,
1087 3552 1131 3582 ac
1147 3538 1270 3591 Tibi,
1301 3540 1375 3587 in.,

330 3593 513 3637 omnibus
538 3593 589 3637 ad
605 3594 883 3641 Vifitationem
909 3594 1137 3652 hujusmodi
1165 3596 1376 3655 spectanti·

334 3654 408 3697 bus
422 3653 588 3695 omnino
601 3665 766 3709 pareant
780 3683 794 3706 ‚
825 3657 863 3699 &
881 3654 1156 3713 obsequantur
1170 3686 1184 3709 ‚
1202 3660 1373 3715 'suaque

334 3711 504 3758 salubria
529 3714 710 3765 monita,
740 3715 779 3756 δε
802 3714 993 3758 mandata
1020 3715 1230 3759 humiliter
1256 3717 1374 3761 susci-

336 3773 479 3830 piant,
519 3772 558 3813 &
599 3771 821 3816 efficaciter
855 3773 1086 3829 adimplere
1121 3785 1373 3832 procurent,

336 3831 514 3891 alioquin
530 3831 769 3876 sententiam
786 3859 801 3885 2
834 3831 914 3878 five
925 3847 1089 3891 poenam
1103 3862 1117 3888 ‚
1145 3848 1263 3896 quam
1290 3834 1372 3895 rite

1130 226 1656 319 Provincia

1418 342 1562 386 tuleris
1577 371 1592 396 ‚
1614 341 1681 385 seu
1699 339 1884 388 statueris
1896 343 1935 389 in
1949 342 2156 398 rebelles,
2188 349 2319 390 ratam
2335 349 2467 398 habe-³

1417 400 1576 454 bimus,
1606 398 1879 458 &faciemus,
1909 407 2075 448 auctore
2104 406 2312 460 Domino,
2343 409 2469 468 usque

1416 461 1467 504 ad
1487 460 1795 507 satisfactionem
1810 463 2055 520 condignam
2068 465 2365 523 inviolabiliter
2391 471 2468 513 ob-

1414 519 1563 565 servari
1576 547 1590 560 -
1623 521 1822 567 Volumus
1838 533 1973 579 autem
1988 551 2002 574 ‚
2018 534 2061 567 ut
2073 550 2088 574 ‚
2112 524 2183 568 ubi
2201 525 2466 581 impositum„

1419 579 1514 624 Tibi
1533 593 1674 623 munus
1704 580 1930 640 hujusmodi
1949 582 2184 638 impleveris
2202 611 2217 635 ‚
2249 587 2333 629 aeta
2363 586 2470 644 ejuss

1417 636 1514 682 dem
1535 641 1631 683 Tuae
1645 640 1924 693 visitationis,
1958 640 2028 685 sub
2047 644 2138 687 Tuo
2154 641 2285 701 sigillo
2301 642 2431 690 clausa
2444 674 2461 697 2

1417 696 1470 741 ad
1497 701 1614 749 Nos,
1646 699 1713 741 vel
1741 697 2005 755 supradistam
2034 701 2317 747 Cardinalium
2347 709 2464 749 Con-

1418 757 1703 814 gregationem
1717 758 2013 815 quamprimum
2026 757 2249 818 diligenter
2260 763 2471 807 transmit-⁸

1420 826 1482 858 tas
1495 841 1510 864 2
1526 826 1568 859 ut
1582 842 1596 866 ‚
1613 816 1722 873 quod
1740 816 1913 872 desuper
1924 817 2179 864 statuendum
2193 819 2343 875 fuerit,
2381 837 2466 866 ma-

1421 883 1515 917 tura
1553 875 1855 919 consultatione
1905 875 2087 920 adhibita
2116 906 2131 930 ,
2168 879 2468 924 decernamus.v

1420 935 1516 977 Non
1528 934 1776 979 obstantibus
1793 933 2064 991 ApostoliciS,
2089 949 2136 979 ac
2155 937 2196 980 in
2213 939 2468 983 Universali⁴

1420 993 1495 1035 bus
1508 1020 1522 1042 ,
1551 991 1979 1050 Provincialibusque,
2000 994 2040 1037 δι
2057 995 2331 1051 synodalibus
2347 1001 2461 1043 Con-

1420 1051 1525 1093 ciliis
1539 1048 1660 1093 edi'tis
1676 1052 1950 1097 Generalibus
1964 1078 1976 1100 ³
2003 1052 2071 1096 vel
2094 1052 2333 1110 specialibus
2349 1060 2464 1101 Con-

1421 1108 1720 1162 stitutionibus‚
1750 1112 1788 1153 &
1803 1110 2165 1165 Ordinationibus,
2197 1127 2354 1157 necnon
2377 1118 2465 1159 Ec:

1391 1223 1395 1227 y
1421 1167 1658 1229 clbgliarum,
1690 1171 1730 1211 δι
1756 1170 2097 1214 Monasteriorum
2115 1199 2128 1222 a
2157 1187 2201 1216 ac
2229 1173 2466 1224 Ordinum...

1420 1222 1798 1285 Quorumcumque,
1840 1228 1979 1271 aliisve
2006 1229 2211 1285 quibusvis
2236 1233 2361 1275 etiam
2385 1236 2467 1277 &c-

1422 1287 1611 1338 ssatutis,
1636 1287 2099 1340 &consuetae-dinibus,
2129 1290 2356 1347 privilegiis
2387 1295 2464 1337 &c-

1420 1345 1647 1390 innovatis.
1681 1348 1840 1405 Qibus
1865 1347 2081 1401 omnibus,
2110 1350 2150 1391 δι
2178 1349 2339 1407 lingulis
2371 1353 2469 1406 illo-

1422 1419 1510 1447 rum
1529 1415 1693 1449 tenores
1715 1409 1792 1452 διε.
1813 1407 2085 1460 derogamus,
2118 1411 2350 1465 ceterisque
2367 1426 2469 1454 con-

1421 1464 1555 1507 trariis
1593 1464 1910 1522 qu‘ibuscumque
1936 1493 1947 1505 .
1995 1467 2147 1509 Datum
2189 1469 2331 1510 Romae
2358 1470 2465 1526 apud

1423 1526 1609 1566 Sanctam
1624 1525 1790 1568 Mariam
1809 1524 2008 1581 Majorem
2024 1526 2092 1568 sub
2104 1527 2271 1569 Annulo
2286 1524 2465 1572 Piscato-

1421 1583 1477 1625 ris
1492 1583 1560 1625 die
1576 1597 1695 1625 xxiv.
1711 1583 1864 1640 Aprilis
1880 1597 2129 1629 Moctxxxn
2140 1599 2178 1628 v.
2193 1584 2462 1630 Pontificatur

1425 1641 1549 1686 nostri
1564 1645 1685 1687 Anno
1702 1643 1826 1687 tertio
1839 1671 1852 1684 .

1689 1761 1739 1820 J.
1756 1762 1810 1813 F.
1823 1763 1953 1813 Card.
1965 1764 2159 1815 Albanus
2172 1801 2185 1814 .

1484 1884 1543 1925 Ex
1559 1884 1653 1938 Reg.
1671 1884 1813 1925 secret.
1828 1886 1951 1926 Brev.
1968 1883 2099 1940 Apost.
2115 1882 2250 1941 mersss
2265 1914 2279 1938 ‚
2307 1885 2355 1935 θ’
2369 1888 2469 1930 anni

1533 1941 1745 1998 praed-fil·
1764 1955 1833 1994 27.

1428 2209 1660 2259 Moniales
1692 2210 1894 2278 Collegii
1923 2209 2170 2260 Nobilium
2203 2213 2467 2280 Capucinas

1495 2296 1637 2347 prope
1663 2278 1916 2329 Ecclesiam
1946 2285 1992 2330 S.
2023 2284 2219 2331 Antonii
2247 2284 2274 2332 ὃ.
2292 2280 2468 2333 Castel-

1494 2351 1560 2407 lo,
1577 2349 1797 2399 Civitatis
1813 2353 2131 2410 Venetiarum‚
2146 2352 2357 2402 omnibus
2375 2353 2466 2420 pri-

1500 2421 1715 2489 vilegiu,
1753 2421 2059 2491 Indulgentiis
2090 2458 2105 2480 ,
2142 2425 2251 2473 alias
2287 2425 2466 2474 Monia-

1498 2490 1618 2541 libus
1650 2491 1843 2540 Ordinis
1880 2497 1927 2542 S.
1949 2496 1998 2543 P.
2030 2493 2254 2543 Francisci
2284 2491 2466 2543 conces-

1499 2559 1588 2621 fis,
1627 2563 1696 2612 uti
1725 2560 1772 2613 8(
1797 2563 1998 2634 gaudere
2026 2561 2147 2633 posse
2179 2563 2411 2615 declarat.

1430 2694 1952 2760 CLEMENS
2026 2697 2295 2745 PAPA
2366 2697 2463 2745 xi..

1624 2806 1932 2882 Adfverpetuam
1949 2826 2011 2867 rei
2024 2825 2248 2867 memoriam
2261 2852 2273 2864 .

1498 2938 1661 2995 Njunc‘ti
1690 2942 1820 2986 Nobis
1860 2942 2026 2985 coelitus
2068 2940 2283 2985 pastoralis
2322 2940 2457 2985 Officii

1512 3000 1616 3042 ratio
1642 3002 1815 3056 postulat
1839 3029 1853 3052 ,
1896 3012 1939 3043 ut
1964 3005 2182 3047 Paternam
2207 3006 2463 3046 Sacrarum.)

1430 3054 1645 3114 virginum
1661 3090 1674 3112 ‚
1706 3061 2016 3117 &devotarum
2033 3061 2255 3105 Mulierum
2286 3059 2461 3104 altiffimi

1425 3115 1626 3177 obsequiis
1652 3119 1722 3164 sub
1751 3121 1933 3165 arctioris
1963 3122 2053 3164 vitae
2079 3119 2287 3177 disciplina
2308 3118 2463 3160 manci-

1432 3187 1617 3233 patarum
1631 3208 1646 3232 ,
1661 3179 1884 3237 uberesque
1895 3181 2091 3223 bonorum
2101 3191 2271 3234 operum
2287 3176 2455 3225 fruetus,

1430 3235 1729 3282 incrementum
1750 3239 1876 3284 dante
1894 3242 1986 3283 Deo
2000 3269 2014 3293 ,
2033 3237 2182 3282 aslidue
2197 3235 2387 3293 proferre
2406 3233 2469 3277 sa-

1436 3297 1666 3351 tagentium
1691 3313 1831 3343 curam
1849 3309 2042 3354 gerentes
2057 3327 2071 3351 ,
2089 3297 2161 3354 piis
2178 3325 2193 3347 ,
2225 3297 2262 3337 &
2278 3293 2463 3339 laudabi-

1431 3352 1537 3398 libus
1566 3371 1706 3403 earum
1730 3357 1967 3410 desideriis,
1998 3366 2190 3415 quantum
2211 3367 2303 3397 cum
2321 3354 2465 3396 Domi·

1432 3426 1488 3456 no
1501 3413 2003 3471 poffumus,favorabiliter
2024 3427 2244 3461 annuamus
2261 3446 2274 3457 .
2305 3413 2465 3458 Volen-

1432 3481 1495 3516 tes
1509 3475 1649 3532 itaque
1661 3477 1831 3520 Dilec‘tis
1843 3477 1884 3521 in
1899 3475 2061 3520 Christo
2078 3473 2257 3519 Filiabus
2272 3473 2461 3519 Abbatis-

1437 3530 1513 3583 sae,
1538 3535 1578 3576 δε
1606 3536 1854 3580 Monialibus
1873 3533 2053 3590 collegii
2079 3532 2289 3577 Nobilium
2324 3536 2465 3588 Capu·

1436 3593 1539 3637 cinis
1557 3596 1813 3652 nuncupatis,
1831 3593 1996 3638 Ordinis
2010 3593 2142 3637 Sanni
2158 3593 2358 3638 Francisci
2371 3605 2466 3648 pro-

1434 3668 1486 3711 pe
1513 3655 1736 3701 Ecclesiam
1759 3654 1891 3699 Sancti
1907 3653 2079 3697 Antonii
2106 3653 2324 3697 aCastello
2340 3678 2355 3705 ,
2385 3652 2465 3692 &c-

1437 3725 1706 3773 nuncupatam
1720 3710 2459 3768 fiti‚CivitatisVenetiarun1‚gratian1

1435 3773 1576 3817 facere
1606 3772 1822 3832 specialem
1851 3803 1866 3825 ,
1896 3775 1937 3815 δι
1957 3786 2097 3816 earum
2126 3771 2344 3829 singulares
2367 3783 2464 3826 per-

1435 3832 1548 3893 sonas
1572 3850 1593 3880 a
1614 3833 1815 3893 quibusvis
1834 3834 1912 3892 &cr
1939 3832 2176 3886 censentes,
2209 3828 2465 3931 suppl-igatiog

2292 3903 2330 3933 nr
2363 3901 2406 3931 us
