2710 4108
361 236 529 318 374

298 317 473 367 lentibus
489 351 503 374 ,
516 338 601 378 quae
612 320 850 370 eisdemrnet
864 318 1153 362 caducitatibus
1168 348 1181 370 ,
1205 321 1245 360 &
1260 321 1322 362 so-

295 380 547 435 lutionibuS,
574 380 902 437 quibus-fundus,
927 379 968 419 &
993 389 1109 422 terrae
1128 378 1235 432 petia
1264 377 1319 420 af·

294 442 474 486 francata
489 439 713 498 hujusmodi
734 437 1038 497 quomodolibet
1055 437 1324 493 subjacebant,

295 502 345 545 ad
358 498 538 542 favorem
565 499 677 541 dietae
692 498 935 556 Capelianiae
951 496 1131 539 fimiliter
1146 495 1320 551 subjeffl

295 559 374 603 effe
397 557 597 606 debeant,
621 559 863 605 auctoritate
891 555 1035 598 Nostra
1061 555 1291 611 approbetis
1307 579 1321 601 a

294 621 334 662 δι
348 616 596 660 confirmetis
610 646 622 667 ,
654 617 787 672 eisque
802 625 1005 671 perpetuae
1020 643 1035 666 ,
1056 615 1096 655 &
1110 611 1320 655 inviolabi-

293 679 344 721 lis
359 676 559 719 firmitatis
575 676 696 718 robur
708 673 904 730 adjiciatis
917 701 931 724 ‚
949 687 993 722 ac
1006 686 1144 717 omnes
1158 701 1172 723 ‚
1187 673 1227 713 δι
1243 669 1319 712 fin-

293 736 408 793 gulos
435 746 514 777 tam
529 733 653 790 juris,
683 735 798 787 quam
814 732 901 774 sacti
922 760 936 781 ‚
962 730 1315 774 &solemnitatum

293 792 475 841 defectus
492 821 506 842 ‚
535 792 558 833 fi
574 793 639 848 qui
656 790 783 834 forsan
807 789 979 844 desuper
1005 788 1316 845 quomodolibet

292 851 623 901 intervenerint,
651 849 867 906 suppleatis
879 876 893 898 2
908 850 947 889 ὃ(
961 859 1157 904 quatenus
1174 847 1316 890 eadem

292 909 484 969 praemiffa
501 908 680 951 nondum
709 908 809 955 facta
832 906 904 948 sint
920 936 934 958 ‚
956 907 1050 956 illa,
1077 916 1122 949 ut
1152 903 1314 961 praefer-

294 982 391 1020 tur,
424 967 626 1018 faciendi,
653 967 862 1011 licentiam
879 994 892 1016 ‚
918 967 958 1007 ἃ.
983 963 1218 1007 facultatem
1242 977 1312 1006 ea-

292 1031 388 1071 dem
404 1028 640 1075 austoritate
650 1023 883 1069 concedatis
901 1052 914 1075 ,
940 1025 979 1064 δι
1002 1022 1312 1078 impartiamini.

292 1092 389 1133 Non
403 1086 647 1127 obstantibus
664 1081 857 1139 praemiffis
872 1110 885 1132 ‚
912 1096 955 1123 ac
968 1080 1078 1122 felic.
1104 1079 1310 1123 recordat.

291 1146 410 1190 Pauli
425 1146 600 1199 Papaell.
616 1138 913 1185 Praedecefforis
941 1139 1088 1190 nostri,
1111 1139 1163 1181 de
1191 1139 1309 1182 rebus

292 1203 481 1247 Ecclefiae
495 1216 572 1243 non
588 1198 832 1247 alienandis,
861 1197 1024 1252 aliisque
1039 1197 1310 1240 Constitutio-

291 1262 410 1305 nibus
428 1290 443 1312 ,
467 1262 506 1302 &
522 1257 854 1302 ordinationibus
870 1254 1107 1310 Apostolicis
1121 1282 1134 1304 a
1152 1270 1310 1299 necnon

289 1323 444 1363 Domus
469 1317 682 1374 Regularis
702 1343 716 1366 2
745 1318 782 1357 &
808 1314 970 1356 Ordinis
1002 1317 1308 1369 praedistorum,

291 1380 415 1421 etiam
430 1377 657 1432 juramento
671 1405 683 1426 ‚
710 1373 1016 1417 confirmatione
1047 1374 1278 1428 Apostolica
1292 1400 1307 1423 ,

287 1447 355 1480 aut
369 1436 507 1490 quavis
520 1436 598 1478 alia
612 1433 805 1476 firmitate
831 1432 1030 1474 roboratis
1053 1431 1207 1474 statutis
1224 1459 1237 1480 ‚
1268 1433 1307 1473 St

287 1494 641 1538 consuetudinibus
653 1520 667 1542 a
682 1490 908 1546 ceterisque
923 1490 1134 1532 contrariis
1149 1490 1311 1546 quibus-

286 1549 458 1608 cumque
470 1582 482 1594 .
517 1557 664 1595 Datum
679 1552 816 1600 Roma
829 1548 930 1604 apud
944 1551 1126 1591 Sanctam
1142 1549 1309 1591 Mariam

287 1611 482 1666 majorem
497 1610 564 1653 sub
581 1609 742 1653 Annulo
760 1605 1055 1657 Piscatoris,die
1068 1622 1141 1649 xxi
1157 1622 1168 1649 ι
1186 1621 1219 1648 ι.
1236 1612 1310 1650 Se-

286 1670 481 1727 ptembris
505 1681 719 1717 mncxxxi.
750 1665 1011 1711 Pontificatus
1038 1666 1172 1710 Nostri
1189 1667 1309 1709 Anno

290 1742 398 1776 nono
412 1757 425 1773 .

747 1782 1055 1834 A-Rondininus
1070 1810 1081 1824 .

892 1903 954 1947 M.
973 1898 1195 1945 sicherius..

327 2012 558 2073 'Exemplar
570 2021 613 2060 in
634 2019 751 2063 Arch-
762 2030 894 2074 gener.
924 2017 1082 2060 Ordinis
1101 2020 1313 2061 armario.

402 2076 854 2133 ProvinciaJanuenfis.
892 2079 954 2117 De
976 2076 1047 2117 hac
1076 2076 1203 2117 cadem
1225 2090 1314 2119 con·-

396 2133 543 2191 cesp'one
557 2138 641 2177 vide
657 2137 705 2184 ὅ
729 2137 811 2177 alia
838 2133 951 2191 infra
976 2132 1051 2187 sol.
1069 2147 1136 2187 37.
1156 2143 1308 2189 preter

397 2205 441 2235 ea
453 2223 466 2246 ,
499 2207 585 2249 quae
599 2195 791 2236 habentur
801 2193 1016 2251 fitprafol.
1032 2193 1130 2254 369.
1305 2191 1307 2194 ’

600 2292 603 2294 ,
626 2274 1304 2295 ——nnmnq—u--U--Q-m

278 2371 514 2440 Reliquias
562 2390 615 2420 ex
661 2369 868 2423 Ecclefiis
919 2375 1126 2421 Domum
1181 2374 1305 2421 Con-

347 2442 570 2509 ceptionis
588 2477 603 2500 ‚
631 2441 680 2493 <Sc
717 2441 869 2491 saneti
912 2441 1120 2495 Barnabae
1144 2443 1304 2510 januae

344 2514 516 2635 {Jiegpathi
539 2547 555 2570 ,
586 2510 666 2567 sub
694 2509 907 2574 censura,
938 2510 988 2568 <Sc
1025 2515 1172 2584 poenis
1204 2530 1306 2584 pro-

276 2717 774 2774 URBANUS
846 2715 1062 2765 PAPA
1115 2719 1304 2766 VIII.

470 2843 540 2887 Ad
551 2840 746 2900 futuram
777 2843 837 2886 rei
865 2845 1111 2887 memoriam-

381 2960 665 3004 Onservationi
680 2964 891 3003 sacrarum
909 2958 1192 3014 Reliquiarum
1205 2964 1302 3005 San·

407 3024 560 3063 &orum
577 3047 591 3069 ,
615 3022 654 3061 δι
670 3023 929 3070 sannarum,
954 3032 1062 3075 quae,
1093 3030 1137 3063 ut
1162 3019 1300 3063 afferi·

271 3091 337 3122 tur
354 3109 369 3131 ‚
395 3081 432 3121 in
451 3077 626 3123 Ecclefis
644 3079 965 3134 Conceptionis‚
993 3078 1031 3119 δι
1057 3080 1184 3121 διηξὶί
1205 3083 1301 3122 Bar-

268 3139 379 3184 nabae
399 3141 622 3180 Domnrum
645 3137 914 3190 Regularium
932 3139 1120 3179 Fratrum
1135 3138 1301 3181 Ordinis

268 3200 479 3240 Minorum
503 3198 544 3237 S.
562 3194 759 3236 Francisci
778 3195 1079 3251 Capucinorum
1097 3209 1299 3253 nuncupa-

271 3265 409 3297 torum
428 3253 638 3307 ¹,Civitatis
649 3254 853 3308 Janue-nlis
875 3251 1150 3304 asservantur,
1177 3269 1300 3310 quan·

270 3313 354 3356 tiim
380 3329 475 3357 cum
494 3313 670 3354 Domino
686 3311 881 3365 postumus
895 3312 1134 3360 ,consulere
1161 3315 1302 3357 voren-

267 3385 330 3415 tes
351 3401 365 3423 ‚
396 3370 765 3427 supplicationibus
808 3371 957 3413 Dileffl
995 3371 1084 3413 Filii
1112 3373 1301 3421 moderni

269 3430 583 3481 Procuratoris,
612 3429 930 3473 &Commiffarii
956 3430 1176 3472 Generalis
1203 3431 1298 3474 dicti

266 3488 434 3532 Ordinis
450 3489 577 3533 Nobis
595 3487 712 3544 super
740 3489 818 3531 hoc
835 3487 1045 3530 humiliter
1073 3490 1295 3545 porrefi’tis,

264 3547 482 3596 inclinati,
513 3550 579 3589 Ne
591 3547 644 3589 de
658 3554 804 3590 cetero
818 3547 1023 3603 quisquam
1040 3573 1055 3596 ,
1068 3549 1207 3602 quavis
1225 3563 1295 3591 au-

264 3606 457 3649 &oritate
489 3604 685 3661 fungens,
712 3605 921 3662 Reliquias
959 3605 1162 3663 praedifitas
1178 3636 1193 3658 ,
1221 3619 1293 3651 aut

262 3667 440 3721 aliquam
459 3678 595 3707 earum
615 3672 799 3721 partem,
823 3664 965 3721 quovis
983 3676 1181 3720 praetextu
1197 3692 1209 3715 ,
1226 3677 1293 3710 aut

259 3726 423 3781 quaesito
440 3723 605 3772 colore,
626 3724 740 3765 causa
754 3752 768 3776 ‚
794 3725 975 3774 ratione,
998 3734 1067 3766 aut
1083 3723 1292 3768 occasione

259 3785 281 3827 ὲ
294 3784 410 3831 distis
428 3780 601 3827 Ecclefis
616 3784 835 3828 extrahere
849 3811 864 3837 2
879 3793 948 3827 aut
961 3783 1168 3840 asportare
1179 3813 1196 3836 ,
1212 3783 1291 3830 sive

1101 203 1623 291 Provincia

1381 329 1424 361 ut
1437 319 1700 360 extrahantur
1712 316 1803 372 ,aut
1819 319 2093 375 asportentur,
2110 319 2409 374 permittere..

1380 377 1555 429 audeat,
1583 375 1649 419 seu
1678 375 1909 432 presumat,
1939 379 2006 421 sub
2020 381 2415 423 excommunicatio-

1383 437 1443 477 nis
1467 464 1481 487 ,
1517 447 1586 478 aut
1610 436 1846 492 privationis
1876 438 1985 479 vocis
2009 437 2171 489 activa,
2194 440 2232 480 &
2258 440 2411 495 paffivae

1381 495 1540 549 poenis,
1553 509 1625 551 per
1640 494 1983 538 contrafacientes
2000 496 2256 538 incurrendis
2271 527 2285 549 ‚
2300 500 2412 554 Apo-

1381 554 1519 596 stolica
1533 554 1774 598 auctoritate
1787 582 1801 604 ,
1825 565 1968 597 tenore
1983 553 2234 608 praesentium
2248 585 2262 607 ‚
2277 558 2409 608 intep-

1380 610 1551 654 dicimus
1567 641 1580 661 ,
1616 614 1653 654 &
1689 613 1950 666 prohibemus
1971 640 1984 652 .
2026 615 2116 655 Non
2159 615 2407 659 obstantibus

1379 670 1741 713 Constitutionibus
1757 698 1771 720 ‚
1797 671 1835 711 8(
1849 671 2185 715 Ordinationibus
2203 674 2411 730 Apostoli-

1374 729 1433 769 cis
1446 757 1459 779 ,
1484 730 1714 785 ceterisque
1731 729 1945 771 contrariis
1958 728 2271 786 quibuscumque
2286 762 2296 773 .
2316 734 2405 775 Vo-

1376 785 1505 829 lumus
1538 797 1674 830 autem
1702 813 1716 836 ,
1751 786 1861 841 quod
1895 785 2091 843 praesetitis
2121 791 2405 844 prohibitionis

1375 847 1499 901 copiae
1515 845 1553 888 in
1571 845 1696 887 valvis
1710 844 1907 887 dictarum
1924 844 2195 889 Ecclefiarum
2212 877 2226 900 ,
2251 860 2319 891 aut
2332 849 2408 892 ali-

1374 917 1454 959 quo
1469 904 1549 946 alio
1566 903 1781 958 conspicuo
1796 903 1890 946 loco
1902 933 1916 956 ‚
1928 918 2009 961 quo
2022 904 2073 946 ab
2085 906 2269 948 omnibus
2284 908 2399 951 cerni

1373 961 1513 1016 possint
1526 990 1541 1014 ,
1571 963 1764 1006 continuo
1776 961 1896 1005 affixa:
1918 974 2153 1007 remaneant
2167 993 2178 1004 .
2213 967 2403 1009 Datum

1372 1022 1512 1062 Romae
1537 1020 1645 1075 apud
1672 1023 1860 1063 Sanctam
1877 1022 2049 1064 Mariam
2069 1022 2269 1079 Majorem
2282 1044 2313 1074 ,-
2329 1024 2400 1068 sub

1370 1079 1536 1121 Annulo
1551 1077 1762 1122 Piscatoris
1777 1107 1791 1128 2
1808 1078 1876 1123 die
1889 1092 1984 1124 xvi.
2001 1083 2102 1135 Aug.
2118 1095 2393 1127 MDcxxxvur.

1371 1135 1639 1185 Pontificatus
1650 1138 1787 1182 Nostri
1800 1140 1923 1182 Anno
1938 1139 2097 1182 decimo
2113 1139 2226 1182 sexto
2244 1169 2256 1181 .

1907 1257 1967 1299 M.
1986 1257 2028 1299 A.
2050 1257 2258 1301 Maraldus
2274 1284 2288 1303 ι

1424 1377 1550 1415 Breve
1552 1370 1782 1431 firmatum
1797 1374 1839 1417 in
1861 1372 1980 1417 Arcb.
1997 1375 2210 1420 Provincia·
2226 1404 2238 1418 .

1367 1504 2401 1532 —m-*Oq—Ossnm*

1367 1647 1577 1698 Domum
1605 1644 1695 1694 loci
1729 1647 1775 1694 S.
1793 1647 1926 1697 Remi
1947 1644 2004 1694 ad
2022 1647 2401 1713 opportuniorem

1439 1711 1576 1763 fitum
1608 1712 1838 1764 transferri
1870 1750 1886 1772 ‚
1925 1733 2009 1781 pro
2048 1718 2133 1764 hoc
2171 1714 2306 1765 situm
2340 1716 2401 1767 ad

1445 1786 1770 1833 canonicalem
1784 1784 1988 1835 Ecclefiae
2005 1788 2275 1857 Collegiatae
2289 1790 2404 1838 Prae-

1443 1853 1634 1918 bendam
1649 1854 1815 1907 ibidem
1833 1854 2108 1923 spectantem
2123 1856 2403 1926 consignari,

1442 1922 1492 1976 ὅ(
1520 1939 1704 1974 econtra
1731 1924 1755 1973 a
1773 1926 1978 1991 Syndico
1999 1931 2211 1980 Fratrum
2227 1964 2242 1986 ,
2261 1943 2402 1978 terre-

1443 2013 1553 2046 num
1585 1997 1766 2061 aqualis
1790 1991 1960 2045 >valoris
1979 2033 1994 2055 ,
2032 1996 2106 2047 seu
2143 1999 2243 2052 loca
2274 2016 2404 2048 mon-

1444 2067 1556 2115 tium
1588 2065 1727 2114 libera
1747 2101 1762 2123 ,
1796 2070 1871 2116 vel
1904 2066 2144 2136 affignari,
2181 2070 2256 2117 vel
2293 2071 2403 2120 reci·

1442 2138 1519 2208 pi,
1557 2135 1809 2191 Ordinatio
1839 2139 1929 2189 loci
1965 2139 2247 2189 committit.

1430 2262 1646 2307 Venerabili
1659 2264 1805 2308 Fratri
1823 2263 2000 2323 Epistopo
2027 2265 2314 2328 ,albinganensi
2324 2295 2337 2308 .

1365 2371 1548 2426 URB
1579 2375 1780 2429 ANU
1813 2378 1845 2424 S
1918 2377 2141 2427 PAPA
2215 2377 2396 2426 VIII.

1374 2500 1609 2549 Venerabilis
1634 2503 1781 2546 Frater
1804 2503 1979 2545 salutem
2002 2530 2017 2552 ,
2053 2503 2108 2560 φ’
2137 2501 2396 2561 Apostolicam

1714 2562 2025 2610 Benedictionem
2039 2591 2051 2607 .

1516 2672 1631 2725 Uper
1644 2685 1721 2727 pro
1738 2680 1852 2727 parte
1865 2671 2002 2714 dilecti
2018 2670 2111 2714 Filii
2125 2671 2276 2712 Vicarii
2294 2674 2396 2714 Pro-

1530 2730 1711 2773 vincialis
1743 2731 1965 2774 Provinciae
1998 2733 2170 2787 Januen.
2197 2731 2392 2776 Fratrum

1366 2786 1531 2830 Ordinis
1564 2792 1603 2831 S.
1622 2790 1820 2835 Francisci
1848 2792 2151 2845 Capucinorum
2184 2802 2395 2845 nuncupa-

1367 2855 1502 2889 torum
1533 2849 1660 2890 Nobis
1697 2847 1920 2904 expositum
1963 2847 2069 2902 fuit,
2098 2847 2204 2904 quod
2236 2851 2392 2890 Domus

1366 2903 1588 2959 Regularis
1615 2909 1799 2949 Fratrum
1821 2908 2058 2951 eorumdem
2084 2910 2220 2950 Terrae
2250 2911 2290 2951 S.
2308 2909 2396 2949 Re·

1364 2965 1418 3005 mi
1442 2963 1714 3021 Albinganen.
1742 2968 1938 3009 Dioecefis
1967 2968 2071 3008 adeo
2108 2965 2232 3008 ruinis
2262 2964 2395 3021 cujus-

1363 3021 1457 3064 dam
1485 3026 1638 3066 Montis
1667 3023 1847 3080 subjacet
1864 3054 1878 3076 ‚
1907 3035 1952 3068 ut
1978 3026 2092 3068 illam
2115 3025 2210 3066 disti
2235 3025 2395 3067 Fratres

1361 3081 1546 3124 habitare
1571 3094 1772 3139 nequeant
1807 3083 1887 3126 fine
1914 3083 2210 3126 evidentiffimo
2237 3096 2288 3124 ex
2311 3083 2393 3124 rui—

1362 3141 1423 3183 nis
1451 3139 1676 3196 hujusmodi
1701 3142 1917 3198 aliquando
1931 3142 2226 3199 oppreffionem
2253 3141 2391 3182 incur-

1360 3199 1479 3241 rendi
1504 3199 1688 3255 periculo
1701 3229 1714 3251 ,
1737 3202 1988 3256 proindeque
2003 3202 2115 3243 diaae
2134 3202 2287 3242 Domus
2303 3200 2393 3241 Re-

1362 3257 1511 3314 gularis
1537 3261 1704 3302 Fratres
1732 3260 1843 3302 illam
1866 3260 2019 3303 exinde
2050 3261 2089 3301 in
2117 3258 2237 3303 alium
2262 3258 2389 3299 maxi-

1362 3317 1427 3360 me
1452 3328 1729 3374 opportunum
1753 3321 1868 3362 litum
1884 3318 2147 3374 quarumdam
2169 3317 2389 3359 Ter-rarum

1360 3375 1410 3418 ad
1435 3376 1758 3429 canonicatum,
1783 3379 1821 3420 δι
1839 3376 2096 3420 Praebendam
2117 3405 2129 3427 ,
2158 3387 2255 3430 quas
2281 3374 2391 3418 dile-

1359 3437 1439 3475 &us
1462 3436 1583 3477 Filius
1595 3437 1769 3492 Joannes
1785 3438 1985 3479 Henricus
1999 3439 2217 3477 Carrettus
2234 3432 2392 3476 saeculad

1356 3493 1410 3535 ris
1425 3522 1439 3544 ‚
1470 3495 1509 3535 δι
1532 3494 1774 3551 Collegiatae
1797 3494 1984 3537 Ecclefiae
2008 3493 2119 3535 dietae
2147 3493 2290 3534 Terra
2307 3495 2390 3535 Ca·

1355 3552 1521 3595 nonicus
1537 3553 1973 3608 obtinet2spee'tantium
1988 3581 2002 3603 ,
2016 3548 2238 3595 transferre
2254 3551 2392 3594 inten-

1356 3611 1458 3654 dunt
1472 3641 1488 3662 ‚
1505 3612 1894 3668 distusqueJoannes
1922 3611 2122 3655 Henricus
2149 3612 2389 3654 Canonicu-

1356 3670 1505 3712 Terras
1530 3669 1757 3729 hujusmodi
1787 3670 1875 3727 ipsis
1905 3670 2112 3713 Fratribus
2146 3669 2386 3725 consignare

1351 3737 1567 3771 contentus
1583 3730 1658 3781 est,
1670 3740 1898 3785 opportuno
1914 3729 2047 3772 nostro
2060 3759 2073 3781 ,
2089 3730 2127 3770 δι
2142 3729 2259 3772 Sedis
2276 3731 2388 3782 Apo·-

1352 3785 1495 3831 stolicae
1511 3787 1684 3845 desuper
1704 3787 1932 3833 accedente
1960 3787 2223 3846 beneplacito
2241 3789 2389 3847 3Q1a·

2275 3860 2323 3887 re
