2774 4068
1111 189 1616 283 Marchiae.
1696 204 1700 210 ’

305 310 587 366 celebrandi
663 305 849 363 Miffam
888 310 935 359 in
972 311 1199 363 Oratorio
1254 316 1351 362 Do·

377 385 571 437 mestico
639 384 798 434 Terrae
854 381 1055 431 Mucciae
1111 381 1349 433 Fratribus

371 475 463 527 pro
490 470 697 523 tempore
722 452 784 503 ibi
825 449 1117 503 existentibus
1144 488 1162 512 ,
1210 449 1261 502 δι
1289 452 1350 502 ad

376 528 652 597 Capitulum
719 525 897 574 enerale
926 524 1061 574 ituris
1078 557 1096 582 ,
1126 542 1180 574 ac
1211 522 1268 573 ab
1294 539 1349 572 eo

373 594 603 650 recessuris
623 627 643 655 ,
671 539 939 648 igacultatem
974 596 1267 664 impertitur.

303 729 792 789 URBANUS
867 728 1090 779 PAPA
1163 726 1347 776 V111.

513 845 787 907 adfuturam
810 846 872 892 rei
896 843 1124 890 memoriam
1138 874 1151 887 .

375 965 531 1011 Peciali
552 965 799 1012 dilectorum
822 965 1024 1011 Filiorum
1053 968 1243 1011 Fratrum
1270 968 1352 1011 Or-

406 1027 513 1071 dinis
532 1026 742 1068 Minorum
759 1030 800 1071 S.
820 1024 1019 1072 Francisci
1044 1022 1350 1082 Capucinorum

304 1098 662 1145 nuncupatorum,
688 1085 740 1129 ad
778 1085 1016 1143 proximum
1048 1082 1234 1131 futurum.
1264 1088 1353 1129 Ca-

304 1146 486 1207 pitulum
501 1142 714 1189 Generale
728 1173 744 1199 ,
758 1142 943 1201 ejusdem
955 1145 1124 1191 Ordinis
1161 1146 1202 1189 in
1230 1144 1351 1190 Alma

304 1208 424 1253 Urbe
446 1205 627 1255 Nostra,
656 1205 838 1250 Domino
850 1204 1077 1261 adjuvante
1090 1235 1107 1258 ,
1130 1205 1351 1250 celebran-

305 1266 408 1311 dum
430 1264 715 1317 venientium,
743 1266 786 1307 &
811 1265 864 1308 ab
887 1278 943 1309 eo
968 1265 1282 1317 recedentium,
1309 1265 1351 1307 &

302 1339 381 1383 per
398 1326 572 1368 Terram
601 1325 789 1378 Mucciae,
802 1324 1107 1370 Camerinenfis
1124 1322 1322 1370 Dioecefis
1334 1349 1350 1373 ,

302 1385 374 1429 ubi
402 1383 515 1428 nulla
541 1383 783 1429 eorumdem
811 1387 1000 1429 Fratrum
1028 1387 1188 1430 Domus
1209 1387 1354 1442 Regu·

307 1445 407 1490 laris
430 1441 566 1487 existit
575 1468 590 1490 ³
603 1441 916 1495 transeuntium,
927 1443 1352 1503 consolationi,quan-

303 1514 395 1550 tum
418 1516 515 1548 cum
544 1504 726 1548 Domino
747 1502 978 1562 possumus,
1004 1503 1184 1562 benigne
1210 1502 1356 1548 consu-

306 1563 399 1608 lere
426 1562 648 1616 volentes,
670 1562 1037 1620 supplicationibus
1050 1565 1179 1608 etiam
1203 1563 1357 1608 Dilecti

308 1622 403 1668 Filii
425 1621 626 1667 Francisci
657 1622 820 1672 Altini,
846 1622 972 1681 quiin
988 1622 1095 1668 dicta
1118 1625 1251 1667 Terra
1270 1625 1360 1667 Do·

307 1696 454 1736 mum,
479 1681 519 1724 in
574 1693 624 1724 ua
650 1680 750 1725 dieti
786 1684 983 1734 Fratres,
1013 1682 1175 1741 hospitii
1208 1680 1362 1734 causa,

309 1742 439 1800 recipi
462 1755 540 1785 con
560 1749 794 1794 ueverunt,
818 1740 990 1797 poffidet
1016 1770 1031 1794 ,
1074 1742 1207 1788 Nobis
1238 1741 1358 1798 super

306 1803 387 1846 hoc
413 1799 629 1844 humiliter
653 1800 854 1858 porrectis
890 1800 1110 1854 inclinati,
1140 1801 1354 1849 omnibus,

307 1864 349 1905 δι
363 1859 526 1918 lingulis
555 1859 724 1905 Ordinis
745 1859 924 1918 praedieti
938 1861 1182 1913 fratribus,
1206 1861 1261 1904 ibi
1278 1874 1355 1918 pro

306 1932 501 1979 tempore
528 1919 822 1974 existentibus,
850 1922 894 1967 δι
913 1919 1001 1965 aliis.
1029 1920 1082 1966 ad
1107 1920 1353 1980 Capitulum

304 1979 515 2026 Generale
539 1977 770 2037 hujusmodi
798 1979 1088 2032 venientibus,
1119 1981 1170 2024 ab
1185 1995 1361 2038 eoque-a

307 2037 625 2093 recedentibus,
656 2040 698 2081 δι
719 2054 795 2097 per
820 2038 1011 2086 eamdem
1037 2041 1213 2086 Terram
1246 2051 1360 2083 tran-

307 2097 544 2151 seuntibus,
572 2109 621 2143 ut
645 2098 889 2156 praefertur,
913 2109 960 2143 ut
987 2099 1027 2143 in
1048 2101 1216 2157 privato
1240 2100 1357 2144 dic'tae

304 2156 464 2204 Domus
489 2158 781 2213 Oratorio,ad
807 2158 887 2201 hoc
916 2158 1120 2204 decenter
1143 2173 1268 2203 muro
1281 2174 1357 2203 ex-

309 2219 446 2262 truao
461 2245 477 2271 ,
501 2219 543 2261 ἃ
563 2227 710 2260 ornato
724 2245 742 2269 ‚
771 2215 841 2261 seu
856 2217 1097 2261 extruendo
1110 2244 1125 2267 ,
1147 2221 1189 2262 &
1203 2232 1357 2262 ornan-

306 2277 388 2330 do,
414 2277 466 2321 ab
497 2277 683 2320 omnibus
699 2274 933 2321 domesticis
949 2274 1082 2319 ulibus
1101 2276 1265 2330 libero,
1278 2290 1355 2335 pet·

308 2335 577 2381 Ordinarium
605 2334 687 2380 loci
716 2335 830 2391 prius
860 2333 1064 2381 vifitando
1089 2364 1104 2389 ,
1139 2337 1179 2381 &
1205 2350 1356 2393 appro-

307 2394 474 2446 bando,
495 2409 544 2440 ac
571 2393 625 2438 de
646 2392 767 2451 ipsius
795 2391 1007 2440 Ordinarii
1034 2394 1208 2443 licentia
1225 2424 1240 2447 ,
1265 2394 1353 2452 ejus

309 2455 486 2500 arbitrio
499 2453 700 2499 duratura
717 2481 733 2505 ,
757 2452 1066 2496 sacrosanctum
1082 2452 1206 2498 Miffae
1223 2454 1361 2497 Sacri-

307 2515 447 2559 ficium
461 2539 477 2562 ,
498 2514 626 2558 etiam
650 2513 692 2556 in
711 2510 828 2569 ipfius
844 2510 1047 2557 Francisci
1063 2542 1077 2566 ,
1092 2512 1258 2570 ejusque
1277 2515 1357 2556 Pa·

306 2573 458 2625 miliae,
484 2586 645 2617 necnon
666 2571 845 2616 aliorum
867 2570 1052 2629 ejusdem
1066 2571 1236 2616 Ordinis
1252 2573 1357 2616 Pro·

308 2632 504 2678 sefforam
516 2629 727 2690 proeseutia
752 2630 972 2675 celebrare
995 2629 1128 2676 liberi:
1144 2658 1160 2683 ,
1181 2632 1222 2674 δι
1243 2630 1359 2677 licite

311 2690 487 2750 poffint,
509 2691 586 2735 bac
612 2690 706 2735 vice
732 2690 967 2742 duntaxat,
1006 2689 1243 2747 Apostolica
1281 2703 1357 2734 au-

307 2751 501 2795 ctoritate
513 2778 530 2803 ,
552 2758 705 2795 tenore
721 2748 979 2808 praesentium
992 2748 1287 2800 concedimus,
1314 2749 1358 2793 8(

314 2808 602 2864 indulgemus.
633 2809 733 2854 Non
759 2808 1015 2853 obstantibus
1045 2806 1360 2852 Constitutioni·

310 2873 385 2913 bus
397 2894 412 2918 ,
425 2867 820 2912 &Ordinationibus
834 2867 1104 2924 Apostolicis,
1123 2864 1358 2923 cererisque

315 2926 534 2972 contrariis
571 2924 919 2983 quibuscumque.
953 2924 1156 2971 Volumus
1194 2936 1360 2976 autem,

311 2985 423 3054 quod
449 2984 518 3029 alii
540 2985 819 3084 quicumque,
842 2994 996 3052 preter.
1022 2982 1363 3054 Franciscum‚at

312 3042 1122 3154 3555?ssss&2‘133'3'5303125325‘230
1154 3043 1361 3152 :53:3¹5

313 3163 570 3219 obligatione
597 3160 790 3206 audiendi
812 3157 968 3204 Milsam
995 3161 1035 3203 in
1064 3159 1247 3204 Ecclesia
1268 3161 1360 3206 die-

314 3225 390 3269 bus
412 3220 522 3266 festis
535 3220 590 3264 de
604 3229 811 3278 praecepto
823 3219 990 3264 minime
1016 3219 1138 3263 liberi
1163 3221 1358 3265 censean-

315 3293 415 3331 tur.
447 3284 596 3325 Datum
620 3281 763 3324 Romae
786 3278 894 3335 apud
924 3283 967 3324 S.
982 3280 1154 3323 Petrum
1177 3279 1246 3323 sub
1269 3283 1359 3323 An-

318 3342 419 3388 nulo
430 3339 644 3385 Piscatoris
661 3340 730 3383 die
740 3352 791 3381 xx
802 3351 835 3381 1.
849 3337 1091 3383 Decembris
1106 3353 1359 3384 nocxxxvt.

318 3399 588 3447 Pontificatus
617 3398 740 3443 nostri
770 3400 893 3441 Anno
926 3397 1273 3457 decimoquarto.

866 3519 925 3562 M.
938 3517 987 3559 A.
1004 3516 1217 3562 Maraldus
1231 3547 1244 3562 .

384 3639 534 3694 Autog.
557 3638 602 3682 in
621 3637 744 3683 Arcb.
770 3638 915 3679 Secret.
942 3639 1058 3679 Brev.
1078 3635 1246 3694 Apostol.
1266 3638 1360 3692 Reg.

439 3696 562 3753 mens-⁸
577 3697 735 3747 &anni
744 3698 870 3753 praed.
882 3694 965 3755 sol.
983 3707 1051 3745 55.
1077 3696 1125 3737 de
1141 3709 1217 3751 quo
1239 3698 1361 3751 Copia

439 3754 491 3856 g,
496 3754 621 3855 fga·
631 3769 725 3813 gen.
757 3756 851 3799 Ord.
870 3759 983 3798 Arm.
1002 3756 1225 3801 Provinciae
1253 3757 1363 3799 Mar-

1639 311 1711 375 N
1802 307 1866 372 O
1959 309 2019 372 T
2109 223 2414 376 A.197'

1408 473 1548 564 FUit
1573 474 1645 522 hee
1681 471 1791 519 gratia
1815 494 1840 515 ,.
1863 478 2058 508 recurrente
2097 470 2258 520 Capituli
2284 473 2454 534 generalis

1509 530 1664 570 tempore
1696 521 1826 571 semper
1860 527 2026 559 renovata
2053 542 2069 563 ‚
2113 518 2150 556 &
2187 521 2359 571 hucusque
2387 534 2455 563 am.

1412 583 1548 624 petrata
1559 590 1576 605 .

1651 714 1767 729 —

1415 848 1602 902 Petium
1638 845 1797 897 Terrae
1822 844 1882 895 ad
1912 849 2123 896 Domum
2154 849 2463 897 Lauretanam

1486 917 1691 989 spec‘ians
1709 953 1726 976 ‚
1753 915 1803 968 ὅ(
1822 915 2063 967 Fratribus
2081 915 2192 967 inibi
2212 921 2310 980 jam
2354 917 2464 966 alias

1483 989 1544 1041 ad
1570 988 1707 1042 usum
1736 984 1997 1038 conceffum
2017 1023 2033 1046 ,
2063 1003 2173 1038 cum
2206 988 2300 1037 alio
2337 989 2465 1053 petio

1483 1079 1617 1112 novae
1667 1061 1848 1113 Domui
1895 1059 2120 1129 contiguo
2173 1059 2430 1126 permutari
2446 1092 2465 1118 ,

1484 1130 1715 1205 Episcopo
1741 1134 2004 1186 Lauretano
2030 1129 2292 1183 committit
2309 1165 2323 1178 .

1478 1261 1698 1314 Venerabili
1731 1260 1885 1309 Fratri
1919 1259 2105 1320 Epistopo
2143 1262 2373 1305 Lauretum
2387 1289 2401 1303 .

1410 1395 1899 1456 URBANUS
1974 1395 2204 1446 PAPA
2272 1395 2466 1446 VIII.

1421 1514 1656 1567 Venerabllir
1679 1517 1830 1560 Frater
1844 1544 1859 1568 ‚
1883 1514 2063 1573 salutem
2079 1542 2094 1566 ,
2120 1516 2176 1568 ῥ’
2204 1512 2469 1573 quslolicaens

1767 1573 2088 1622 Benediffionem
2102 1603 2117 1615 .

1556 1689 1675 1743 Uper
1699 1699 1777 1743 pro
1804 1693 1923 1742 parte
1944 1683 2207 1728 Dilectorum
2237 1679 2472 1732 Filiorum,

1584 1748 1894 1803 Deputatorum
1908 1747 2037 1788 Sacrae
2052 1742 2211 1788 Domus
2223 1745 2471 1787 Lauretanae

1418 1806 1552 1849 Nobis
1579 1807 1804 1864 expositum
1835 1804 1941 1858 fuit,
1985 1804 2096 1861 quod
2125 1803 2195 1860 ipfi
2226 1800 2474 1860 quoddam-a

1416 1867 1560 1909 Terrae
1576 1865 1735 1922 perium
1750 1894 1765 1918 ,
1782 1865 1962 1908 vicinum
1976 1865 2110 1909 veteri
2128 1860 2374 1908 Conventui
2396 1859 2476 1903 Di-

1419 1924 1623 1970 lectorum
1644 1924 1847 1971 Filiorum
1860 1927 2054 1969 Fratrum
2071 1922 2242 1968 Ordinis
2259 1922 2477 1966 Minorum

1420 1986 1462 2032 S.
1476 1982 1682 2031 Francisci
1695 1986 2005 2042 Capucinorum
2028 1992 2381 2040 nuncupatorum,
2397 1979 2476 2022 Ci-

1420 2043 1569 2089 vitatis,
1587 2045 1858 2095 Lauretanae,
1898 2043 1949 2086 ad
1977 2043 2130 2086 dictam
2157 2045 2337 2085 Domum
2364 2041 2477 2082 Lau-

1419 2113 1611 2147 retanam
1635 2102 1823 2158 legitime
1840 2101 2023 2158 spectans
2038 2104 2105 2153 ,&
2132 2101 2182 2143 ab
2210 2103 2267 2143 Ea
2293 2098 2391 2142 alias
2408 2096 2471 2138 di-

1418 2165 1492 2207 ciis
1523 2161 1732 2205 Fratribus
1754 2160 1806 2204 ad
1828 2161 1937 2205 usum
1956 2157 2218 2209 conceffum,
2237 2158 2320 2201 illis
2338 2167 2478 2199 tamen

1416 2225 1471 2268 ob
1495 2234 1639 2266 eorum
1662 2219 1687 2263 ὲ
1716 2220 1853 2264 veteri
1871 2217 2103 2277 hujusmodi
2123 2217 2173 2262 ad
2189 2230 2343 2262 novum
2359 2218 2479 2260 con-

1416 2291 1587 2326 ventum
1617 2278 1970 2330 translationem,
2009 2281 2070 2325 uti
2100 2279 2150 2322 ab
2186 2275 2341 2320 eodem
2369 2287 2479 2319 novo

1416 2344 1640 2385 Conventu
1655 2338 1805 2385 distans
1819 2368 1835 2393 ,
1864 2335 1970 2382 forse
1983 2337 2157 2381 omnino
2192 2336 2345 2380 inutile
2360 2364 2376 2388 ,
2399 2347 2477 2391 pro

1417 2399 1503 2444 alio
1520 2400 1663 2442 Terrae
1687 2398 1806 2454 petio
1838 2397 1955 2441 fimili
1973 2396 2192 2455 contiguo,
2207 2394 2351 2439 eidem
2366 2406 2479 2438 novo

1417 2459 1657 2503 Conventui
1671 2486 1686 2510 ,
1701 2457 1754 2500 ad
1768 2455 1982 2514 quandam
2000 2456 2215 2512 personam
2235 2465 2477 2498 extraneam

1419 2519 1657 2576 spectante,
1684 2526 1953 2575 permutare,
1981 2516 2172 2573 illudque
2199 2514 2353 2559 eisdem
2379 2515 2479 2557 Fra-

1418 2576 1584 2627 tribus,
1625 2574 1680 2619 ad
1716 2575 1835 2621 usum
1865 2575 2022 2633 pariter
2061 2572 2300 2617 concedere
2325 2568 2478 2629 posse)

1417 2635 1688 2686 defiderant,
1722 2633 1750 2677 fi
1780 2632 1915 2678 nostra
1950 2630 2006 2676 ad
2036 2630 2080 2672 id
2107 2629 2178 2672 sibi
2205 2656 2221 2681 ,
2257 2631 2298 2671 &
2322 2630 2476 2673 SanCtae

1419 2692 1668 2751 Apostolicae
1690 2688 1809 2732 Sedis
1839 2689 2009 2731 licentia
2042 2686 2313 2743 suffragetur,
2348 2687 2390 2728 ἃ
2415 2685 2477 2727 fa-

1419 2752 1553 2797 cultas
1573 2778 1587 2793 .
1603 2751 1746 2809 Qare
1763 2747 1860 2791 dicti
1876 2747 2075 2804 Deputati
2094 2743 2310 2790 afferentes
2324 2774 2339 2797 ,
2355 2758 2473 2786 eam-

1417 2809 1517 2853 dem
1555 2812 1726 2852 Sacram
1762 2809 1945 2851 Domum
1974 2808 2279 2858 Lauretanam,
2311 2802 2473 2847 nullum

1420 2867 1518 2914 inde
1548 2875 1816 2923 accepturam
1845 2862 1927 2909 effe
1952 2864 2251 2912 detrimentum
2271 2891 2286 2915 ,
2310 2862 2476 2905 humili-

1421 2938 1489 2975 ter
1515 2923 1736 2982 supplicari
1776 2922 2000 2976 fecerunt,
2027 2934 2074 2971 ut
2101 2923 2142 2966 in
2170 2921 2371 2981 praemiffis
2396 2933 2474 2976 op-

1422 2985 1603 3046 portune
1618 2983 1847 3042 providere
1858 2983 1936 3037 ,de
1950 2982 2208 3041 benignitate
2231 2979 2471 3037 Apostolica

1422 3046 1690 3103 dignaremur
1705 3073 1717 3085 .
1751 3046 1841 3087 Nos
1866 3044 1991 3099 igitur
2005 3040 2173 3086 eosdem
2195 3041 2468 3096 Exponentes

1422 3103 1664 3163 specialibus
1679 3104 1761 3146 &c.
1779 3101 1966 3145 volentes
1985 3130 1999 3154 ,
2026 3102 2068 3145 &
2100 3102 2123 3144 d
2162 3095 2366 3155 quibusvis
2392 3097 2472 3138 &c.

1422 3163 1657 3212 censentes,
1673 3159 1903 3219 hujusmodi
1919 3159 2280 3217 supplicationibus
2295 3155 2471 3222 inclina-

1421 3224 1480 3273 ti,
1509 3222 1774 3266 Fraternitati
1801 3222 1898 3265 Tna-
1926 3234 2002 3278 per
2025 3220 2243 3277 praesentes
2267 3223 2466 3259 commit-

1420 3283 1546 3329 timus
1562 3310 1578 3334 ,
1613 3283 1655 3326 δι
1678 3279 1917 3325 mandamus
1933 3308 1948 3332 ,
1977 3290 2183 3337 quatenus
2212 3276 2237 3318 fi
2254 3304 2269 3327 ,
2295 3275 2337 3319 &
2360 3272 2466 3330 post-

1421 3356 1546 3400 quam
1567 3342 1756 3392 vocatis,
1775 3341 1845 3398 qui
1865 3337 2019 3383 fiierint
2041 3334 2267 3382 evocandi,
2281 3347 2328 3376 ae
2341 3332 2467 3400 dietis

1422 3403 1565 3446 Terrae
1592 3401 1740 3458 petiis,
1767 3399 2015 3455 illorumque
2028 3393 2343 3439 circumstantiis
2366 3405 2467 3436 unt-

1421 3459 1543 3504 verfis
1573 3462 1689 3517 prius
1727 3473 1872 3504 coram
1897 3461 1960 3502 Te
1987 3452 2256 3513 specificans,
2283 3452 2338 3496 de
2369 3466 2467 3508 per-

1421 3520 1679 3572 mutatione,
1705 3519 1747 3561 &
1776 3516 2032 3562 conceslione
2061 3510 2316 3571 hujulinodi,
2335 3510 2468 3570 quod·

1422 3591 1506 3635 que
1532 3578 1641 3632 iliae,
1666 3577 1693 3622 fi
1711 3577 1810 3622 fiant
1826 3608 1842 3630 ,
1869 3575 2028 3619 nullum
2046 3572 2199 3617 exinde
2219 3570 2327 3617 dicia
2341 3575 2464 3615 sacra

1424 3640 1581 3683 Domus
1605 3649 1831 3694 acceptura
1847 3634 1893 3678 fit
1906 3634 2204 3678 detrimentum
2219 3660 2233 3684 ,
2248 3633 2365 3690 iiiper
2381 3642 2463 3686 quo

1421 3696 1713 3741 conscientiam
1743 3706 1855 3739 tuam
1884 3706 2130 3746 oneramus,
2150 3691 2309 3737 eisdem
2327 3693 2465 3744 Expo-

1424 3755 1622 3799 nentibus
1660 3754 2006 3811 permutationem
2022 3782 2036 3806 ,
2062 3754 2103 3796 δι
2125 3751 2463 3796 σοησοῐϊῐοιιεηυ

1423 3814 1649 3872 hujusmodi
1664 3823 1739 3866 ,ut
1767 3813 1883 3870 supra
1912 3810 2120 3867 faciendi,
2146 3810 2372 3907 licentiat?
2394 3818 2463 3847 ³¹¹-

2358 3879 2405 3907 0-
