2774 4068
1002 206 1719 328 Bononiensis.

305 366 830 422 GREGORIUS
882 367 1096 421 PAPA
1146 375 1329 423 XIII.

507 494 578 540 Ad
586 493 786 554 futuram
808 496 870 538 rei
884 495 1110 539 memoriam
1124 524 1136 538 .

442 613 600 657 Mnium
616 613 734 658 saluti
750 622 919 672 paterna
934 615 1138 659 charitate
1160 615 1335 668 intenti,

457 674 566 716 inter
592 684 675 719 tam
704 675 832 717 multa
859 675 1023 732 pietatis
1053 675 1217 726 officia,
1247 689 1331 731 quae

292 736 386 779 Nos
417 746 492 788 pro
521 745 688 777 munere
716 734 848 777 nostro
872 732 1066 777 convenit
1092 747 1291 776 exercere
1316 762 1331 785 ,

294 789 410 835 sacra
438 791 646 834 interdum
674 791 763 835 loca
799 790 961 848 speciali
995 793 1218 846 Privilegio
1242 790 1331 833 infi-

297 848 492 907 gnimus3
523 860 566 892 ut
593 849 690 894 inde
722 851 919 896 Fidelium
943 851 1185 894 Animarum
1214 850 1331 892 saluti

289 907 468 1011 3332}ssss
483 907 1333 1025 ἔοὸῗὲῗὲἕῗὸὲξΐῶςῧὲἰέςὲἱιῗῖἓῖῧῗέεῖ

513 996 525 1010 ·
711 998 728 1020 a
1141 997 1155 1019 a

296 1028 713 1071 FratrumMinorum
739 1030 1046 1084 Capucinorum
1076 1037 1331 1083 nuncupato-

295 1099 407 1138 rum,
422 1086 682 1129 Ariminenfis
701 1085 910 1138 Dioecefis,
931 1085 1043 1128 fimili
1060 1086 1181 1143 usque
1196 1085 1328 1128 adhuc

296 1143 518 1202 privilegio
539 1144 704 1187 minime
731 1144 924 1188 decorata
940 1176 957 1197 ‚
983 1146 1024 1187 δι
1053 1147 1091 1188 in
1116 1159 1163 1189 ea
1177 1144 1327 1187 Altare

296 1205 420 1247 sstum
446 1205 487 1245 in
517 1203 689 1259 Capella
727 1205 770 1246 B.
798 1205 934 1246 Mariae
965 1203 1146 1260 Virginis
1166 1231 1181 1254 ,
1215 1201 1324 1260 quod

295 1275 381 1306 non
397 1261 457 1305 est
472 1261 599 1318 majus
612 1290 627 1313 ,
660 1263 736 1304 hoc
765 1263 925 1317 speciali
943 1261 1054 1305 dono
1074 1261 1300 1306 illustretur
1314 1290 1330 1313 ,

296 1319 553 1365 Auctoritate
572 1320 703 1364 Nobis
724 1322 747 1365 a
767 1322 946 1364 Domino
968 1320 1119 1364 tradita
1137 1352 1154 1373 ‚
1183 1334 1326 1363 conce-

296 1378 455 1431 dimus3
486 1389 530 1422 ut
547 1379 734 1436 ,quoties
762 1379 815 1422 ab
827 1380 965 1437 aliquo
979 1380 1204 1424 Sacerdote
1217 1378 1330 1421 dictae

294 1435 455 1481 Domus
480 1436 679 1481 duntaxat
694 1466 708 1489 ‚
724 1435 837 1482 Miffa
851 1438 1144 1483 Defunciorum
1169 1438 1220 1482 ad
1234 1451 1332 1494 prae-

298 1496 451 1539 dietum
465 1495 612 1539 Altare
635 1496 919 1542 celebrabitur
935 1512 1010 1555 pro
1027 1499 1172 1541 Anima
1196 1495 1327 1554 cujus-

296 1568 460 1611 cunque
474 1553 606 1598 fidelis
618 1585 636 1608 ‚
665 1569 751 1611 quae
769 1558 860 1600 Deo
875 1556 914 1599 in
932 1557 1135 1601 charitate
1155 1555 1329 1612 conjun-

299 1615 363 1657 ἂι
387 1615 438 1656 ab
462 1614 537 1656 hac
566 1612 660 1658 lu'ce
684 1615 920 1671 migraverit
935 1643 949 1667 ,
976 1615 1056 1671 ipsa
1078 1615 1132 1659 de
1150 1616 1328 1658 Thesau-

300 1687 350 1716 ro
374 1670 563 1726 Ecclefiae
594 1671 888 1728 indulgentiam
905 1674 1173 1730 consequatur
1189 1701 1204 1722 ,
1230 1687 1326 1730 qua0

283 1742 420 1790 ²tenus
438 1730 602 1774 Domini
630 1731 766 1775 Nostri
788 1731 879 1789 Jesu
894 1731 1039 1775 Christi
1052 1760 1067 1783 ,
1097 1735 1137 1774 δι
1154 1730 1328 1775 Beatiffi-

298 1804 375 1835 mae
398 1789 575 1845 Virginis
599 1790 739 1833 Mariae
754 1820 769 1841 ,
803 1792 1022 1833 Beatorum
1038 1791 1329 1847 Apostolorum

298 1849 447 1901 Petri,
475 1849 646 1892 &Pauli
661 1877 675 1900 ,
708 1849 964 1905 aliorumque
980 1851 1221 1894 Sanfiorum
1245 1864 1334 1892 om-

299 1909 412 1953 nium
428 1907 583 1951 meritis
596 1905 927 1965 suffragantibus,
950 1907 970 1950 a
989 1909 1215 1966 purgatorii
1241 1923 1332 1965 poe-

300 1968 363 2011 nis
390 1966 612 2009 liberetur.
644 1969 795 2010 Datum
814 1969 954 2011 Romae
968 1969 1074 2022 apud
1108 1972 1148 2011 S.
1166 1969 1334 2012 Petrum

300 2028 425 2071 Anno
453 2026 744 2069 incarnationis
762 2027 981 2070 Dominicae
994 2026 1204 2070 millefimo
1218 2028 1335 2083 quin-

303 2082 530 2142 gentefimo
554 2083 820 2140 octuagesimo
850 2086 1009 2142 primo,
1042 2086 1336 2128 decimotertio

302 2142 565 2196 Decembris,
579 2142 848 2187 Pontificatus
865 2143 1002 2189 Nostri
1016 2148 1137 2189 Anno
1149 2143 1310 2189 decimo
1321 2173 1334 2186 .

847 2260 945 2305 Caess
971 2260 1202 2305 Glorierius
1213 2290 1226 2303 .

371 2360 633 2437 Bullaffirm.
670 2379 715 2420 r‘n
742 2377 866 2423 Arcb.
896 2381 1111 2421 Conventus
1125 2408 1136 2419 .
1176 2379 1263 2423 Vide
1285 2378 1338 2429 ὠ·

421 2436 467 2479 de
474 2437 626 2493 gratia·
639 2435 756 2495 hujus
770 2435 983 2494 extensione
990 2435 1335 2494 filiumstquem.

310 2673 640 2726 venditionem
672 2676 793 2727 horti
817 2674 876 2725 ad
894 2678 1104 2725 Domum
1121 2675 1207 2724 Dei
1228 2691 1337 2724 nun-

376 2758 591 2812 cupatam
626 2745 866 2814 speEtantis
894 2780 910 2803 ,
947 2743 998 2796 ὅ(
1027 2741 1227 2808 ejusdem
1254 2743 1338 2792 do-

379 2815 610 2932 nztggnem
622 2817 892 2869 conventui
904 2811 1210 2867 Foroliviensi
1222 2849 1240 2873 ,
1271 2831 1339 2863 ra·

378 2897 414 2933 ti
507 2898 554 2934 et
571 2923 583 2935 .

311 3014 350 3057 A
382 3020 527 3067 tergo:
565 3011 781 3056 Wnerabe'li
806 3014 952 3057 Fratri
983 3012 1162 3071 Episcopo
1187 3012 1338 3057 Foruli.

436 3069 561 3126 vienst
579 3100 594 3123 ,
631 3071 712 3126 stu
739 3070 896 3114 Ditem
927 3071 1032 3114 Filio
1060 3071 1140 3128 ejus
1166 3074 1210 3113 in

496 3129 781 3184 spiritualibus
802 3126 952 3174 Vicario
967 3129 1165 3172 Generalt.

314 3249 783 3299 CLEMENS
869 3249 1086 3298 PAPA
1158 3250 1339 3299 vlu,

319 3375 549 3419 Venerabilis
567 3378 713 3420 Frater
730 3404 746 3426 ‚
762 3373 835 3430 stu
865 3375 1001 3418 duem
1027 3375 1111 3421 Fm
1130 3402 1144 3426 ‚
1161 3374 1339 3432 salutem

481 3436 530 3484 ὅ
558 3434 819 3492 Apostolicam
845 3431 1148 3477 Beneds'ffionem
1163 3462 1177 3476 .

428 3554 564 3609 Xponi
580 3553 711 3596 Nobis
729 3550 917 3596 fecerunt
933 3550 1069 3595 dilecti
1094 3550 1187 3594 Filii
1203 3553 1338 3606 Depu-

442 3612 516 3654 tati
531 3610 689 3654 fabricae
704 3612 935 3655 Monasterii
953 3639 967 3662 ,
992 3609 1057 3652 seu
1077 3608 1230 3653 Domus
1246 3612 1339 3652 Fra·

314 3678 426 3708 trum
457 3670 762 3724 Capucinorum
798 3670 993 3714 Civitatis
1027 3667 1340 3717 foroliviensis,

313 3722 445 3782 quod,
468 3739 561 3767 cum
585 3726 685 3771 alias
701 3729 901 3784 quondam
930 3729 1120 3771 Nicolaus
1135 3727 1337 3770 Solimbe-

308 3786 400 3832 nius
426 3783 712 3829 Porolivienfis
744 3787 782 3830 in
811 3788 898 3844 ejus
922 3787 1068 3831 ultimo
1098 3786 1338 3830 testamento

1397 328 1603 371 haeredem
1628 326 1696 369 sibi
1725 321 1992 367 universalem
2026 327 2419 371 confraternitatem

1395 386 1619 429 Charitatis
1649 382 1831 440 ejusdem
1861 382 2055 425 Civitatis
2076 411 2090 432 ,
2120 400 2211 428 cum
2237 399 2420 430 onere„

1398 443 1564 487 emendi
1605 456 1679 499 pro
1718 440 1928 484 Fratribus
1967 444 2184 493 Capucinis
2224 444 2419 498 praedictis

1397 501 1617 558 quemdam
1634 502 1838 550 Hortum,
1853 498 1902 541 ad
1917 500 2092 540 Domum
2113 501 2187 540 Dei
2215 515 2422 558 nuncupa-

1394 572 1479 603 tam
1503 558 1683 615 ejusdem
1718 558 1911 601 Civitatis
1948 556 2130 611 legitime
2154 555 2390 611 spectantem
2406 588 2422 611 ,

1394 618 1529 662 eidem
1553 616 1701 659 Domui
1723 614 2025 671 Capucinorum
2053 614 2285 668 contiguum
2302 643 2314 665 ,
2342 631 2418 659 nec

1392 690 1470 719 non
1485 674 1691 729 quondam
1708 678 1830 718 Petra
1851 673 2040 716 Albizina
2065 671 2120 714 de
2150 672 2259 715 Ursis
2286 673 2424 717 scuta,

1390 733 1566 776 ducenta
1597 733 1636 773 in
1661 733 1913 788 emptionem
1939 731 2035 774 disti
2054 731 2166 773 horti
2190 744 2264 786 pro
2288 730 2425 773 iisdem

1393 791 1606 836 Fratribus
1624 790 1903 834 convertenda
1921 790 2179 844 reliquerint:
2199 788 2345 831 Dilecti
2357 790 2426 831 Fi-

1394 851 1440 894 lii
1453 848 1776 893 Conservatorcs
1793 877 1807 898 ,
1836 850 1874 890 &
1892 849 2112 892 Consilium
2129 846 2338 891 Generale
2354 876 2367 898 ,
2385 850 2423 889 &

1394 913 1609 955 Secretum
1625 906 1737 949 distae
1761 906 1985 958 Civitatis,
2017 906 2069 949 ad
2097 919 2225 962 quos,
2254 916 2298 947 ut
2327 904 2423 948 affc-

1394 969 1499 1012 ritur
1513 996 1527 1019 ,
1543 964 1855 1025 Juspatronatus
1870 991 1884 1013 ‚
1914 966 1955 1007 &
1969 964 2262 1008 administratio
2277 965 2424 1019 pradi-

1391 1030 1460 1070 61ae
1489 1029 1644 1069 Domus
1677 1024 1783 1077 Dei,
1808 1037 1858 1066 ex
1884 1021 2124 1067 fundatione
2141 1050 2156 1072 ,
2180 1022 2244 1064 vel
2261 1024 2359 1067 alias
2374 1036 2426 1066 ex

1390 1086 1557 1142 antiquo
1584 1084 1652 1126 usu
1687 1082 1865 1140 spectare
1890 1081 2175 1139 dignoscitur,
2199 1081 2426 1124 commodi-

1392 1146 1470 1188 tati
1491 1144 1690 1187 diCtorum
1708 1141 2013 1197 Capucinorum
2030 1140 2261 1197 prospicere
2280 1138 2426 1183 volen-

1389 1213 1453 1246 tes
1467 1233 1484 1254 ,
1515 1205 1691 1246 Hortum
1709 1200 1935 1257 praedistum
1951 1200 2066 1243 dietis
2083 1199 2299 1256 Deputatis
2314 1228 2329 1251 ‚
2357 1195 2427 1241 sub

1390 1263 1525 1306 nostro
1543 1291 1557 1314 ,
1584 1262 1624 1303 &
1651 1260 1766 1304 Sedis
1782 1259 2018 1316 Apostolicae
2044 1259 2302 1315 beneplacito
2329 1271 2425 1312 pre-

1392 1322 1452 1364 tio
1479 1321 1687 1364 scutorum
1712 1319 1797 1362 auri
1813 1318 2203 1377 quadringentorum
2227 1317 2281 1360 ad
2302 1316 2427 1360 ratio·

1393 1394 1487 1423 nem
1518 1377 1736 1422 solidorum
1763 1379 1990 1433 octuaginta
2016 1387 2191 1435 quatuor
2220 1390 2294 1432 pro
2321 1388 2424 1433 quo·

1391 1438 1493 1482 libet
1530 1438 1641 1480 scuto
1678 1436 1952 1479 vendiderunt
1973 1463 1988 1485 ‚
2029 1436 2137 1492 quod
2165 1436 2345 1492 pretium
2374 1431 2426 1476 ad

1390 1496 1619 1554 proximum
1648 1494 1795 1539 Pascha
1813 1494 2140 1539 Refiirrec‘t'ionis
2167 1495 2261 1536 disti
2291 1497 2427 1548 Depu-

1390 1556 1464 1599 tati
1493 1554 1652 1598 solvere
1683 1552 1955 1611 promiserunt
1982 1584 1997 1605 ‚
2033 1562 2153 1610 prout
2186 1554 2226 1593 in
2258 1552 2425 1607 publico

1389 1613 1562 1670 desuper
1585 1612 1800 1656 celebrato
1829 1612 2102 1658 instrumento
2131 1610 2287 1666 plenius
2321 1609 2427 1653 dici-

1390 1684 1458 1717 tur
1485 1673 1712 1715 contineri.
1743 1675 1850 1715 Cum
1865 1683 2001 1716 autem
2019 1700 2033 1723 ,
2058 1673 2157 1713 ficut
2183 1669 2331 1713 eadem
2354 1682 2428 1710 ex-

1389 1731 1534 1791 positio
1555 1730 1851 1787 subjungebat,
1884 1730 2068 1775 venditio
2085 1728 2247 1786 praefata
2275 1728 2314 1770 in
2341 1728 2429 1770 evi·

1393 1789 1560 1836 dentem
1575 1790 1687 1833 diaae
1703 1788 1938 1834 Domfisoei
1955 1789 2180 1834 utilitatem
2196 1788 2347 1830 cessura
2367 1785 2430 1838 fit,

1394 1853 1432 1894 &
1453 1849 1604 1900 cedat,
1633 1850 1674 1890 δι
1703 1858 1783 1891 tam
1811 1851 2038 1907 Deputati,
2064 1850 2185 1905 quam
2204 1846 2428 1890 Conserva.

1395 1922 1504 1953 tores
1518 1937 1534 1959 ‚
1563 1909 1604 1950 δι
1617 1907 1846 1952 Confilium
1855 1909 2007 1966 praesati
2022 1922 2098 1964 pro
2119 1907 2205 1965 ejus
2222 1908 2246 1949 s
2239 1904 2429 1949 ubfissen·

1396 1969 1454 2011 tia
1480 1966 1647 2010 firmiori
1680 1967 1845 2022 cupiant
1875 1967 2157 2011 venditionem
2197 1961 2428 2020 hujusmodi

1395 2024 1628 2083 Apostolica
1642 2026 1902 2070 Austoritate
1915 2024 2144 2069 confirmari
2155 2051 2168 2073 ,
2182 2023 2312 2068 Nobis
2328 2039 2427 2080 pro·

1396 2095 1537 2144 pterea
1568 2084 1776 2126 humiliter
1807 2084 2023 2141 supplicari
2053 2081 2244 2126 fecerunt
2268 2109 2284 2133 ,
2312 2097 2356 2125 ιιι
2387 2081 2427 2123 in

1399 2140 1598 2202 praemisfis
1621 2142 1853 2198 opportune
1867 2141 2175 2199 providere2de
2198 2140 2430 2195 Benignita-

1401 2216 1445 2247 te
1461 2200 1693 2258 Apostolica
1720 2200 2007 2256 dignaremur.
2041 2204 2127 2243 Nos
2144 2199 2272 2255 igitur
2289 2198 2431 2242 Testa·

1402 2273 1627 2306 mentorum
1642 2289 1656 2310 ,
1677 2261 1718 2302 δι
1743 2261 1997 2304 instrumenti
2020 2260 2296 2315 praediCtorum
2313 2267 2431 2301 teno-

1403 2335 1467 2364 res
1487 2350 1506 2372 ,
1537 2333 1695 2362 necnon
1718 2321 1825 2363 horti
1851 2320 2026 2377 praedisti
2043 2319 2275 2362 situationes
2291 2346 2305 2368 ‚
2329 2331 2430 2359 con·

1399 2379 1524 2426 fines,
1554 2380 1595 2420 δι
1623 2391 1765 2420 verum
1789 2380 1915 2422 etiam
1931 2393 2107 2422 annuum
2126 2377 2313 2421 valorem
2333 2389 2431 2432 pra:-

1396 2439 1577 2482 sentibus
1592 2451 1666 2493 pro
1677 2438 1866 2494 expreffis
1881 2440 2089 2486 habentes,
2103 2434 2323 2494 hujusmodi
2340 2434 2430 2489 sup·

1397 2496 1684 2554 plicationibus
1709 2498 1926 2548 inclinati,
1967 2497 2093 2539 Vobis
2121 2509 2194 2551 per
2219 2494 2427 2550 praesentes

1398 2555 1691 2601 committimus
1709 2584 1724 2608 ,
1746 2560 1784 2599 δι
1799 2556 2031 2600 mandamus
2044 2584 2057 2606 ‚
2071 2565 2115 2597 ut
2131 2556 2218 2595 Vos
2233 2580 2248 2603 ‚
2282 2552 2350 2594 vel
2367 2550 2429 2592 al-

1398 2627 1464 2659 ter
1494 2612 1669 2658 vestrfim
1704 2614 1758 2656 de
1784 2611 1982 2667 praemiffis
1999 2615 2088 2654 Vos
2108 2611 2338 2665 diligenter
2363 2608 2425 2649 in-

1396 2672 1580 2717 formetis
1596 2699 1611 2722 ‚
1642 2672 1682 2711 8ι
1705 2670 1728 2710 fi
1756 2683 1831 2725 per
1855 2667 2184 2711 informationem
2210 2665 2381 2708 eandem
2409 2692 2424 2715 ,

1397 2730 1674 2774 venditionem
1690 2727 1796 2769 horti
1817 2727 1991 2782 praedicti
2017 2727 2055 2769 in
2084 2725 2323 2771 evidentem
2340 2725 2425 2765 Do-

1395 2802 1490 2833 mus
1507 2786 1587 2829 Dei
1603 2782 1773 2841 praefatae
1787 2784 1956 2837 cessure,
1981 2787 2021 2828 δι
2034 2784 2187 2828 cedere
2204 2782 2424 2825 utilitatem

1396 2845 1659 2902 comperietis
1675 2872 1692 2894 ,
1725 2844 1841 2898 super
1851 2858 1932 2901 quo
1946 2845 2116 2887 vestram
2135 2840 2426 2886 conscientiam

1396 2916 1639 2954 oneramus,
1671 2902 1951 2946 venditionem
1964 2901 2189 2960 praedistam
2205 2929 2220 2952 ‚
2242 2901 2283 2941 &
2305 2896 2426 2941 desu-

1398 2979 1472 3021 per
1497 2962 1749 3006 cclebratum
1774 2961 2111 3011 instrumentum,
2139 2959 2352 3013 omniaque
2383 2956 2423 2998 in

1400 3023 1473 3066 illo
1496 3030 1724 3071 content-a,
1758 3022 1799 3062 δι
1826 3019 1920 3063 inde
1946 3019 2078 3064 secuta
2113 3028 2374 3075 quaecumquc
2400 3040 2417 3063 ,

1400 3079 1631 3138 Apostolica
1648 3079 1901 3122 Auaoritaie
1923 3078 2128 3135 perpetuo
2152 3073 2423 3122 confirmetis,

1397 3143 1435 3183 δι
1452 3139 1685 3195 approbetis
1701 3166 1715 3188 ,
1747 3138 1904 3193 illisque
1919 3148 2126 3194 perpetuae
2140 3165 2157 3188 ,
2183 3137 2224 3176 &
2239 3130 2422 3176 inviola-

1399 3198 1489 3242 bilis
1503 3197 1741 3254 Apostolicae
1755 3195 2087 3239 Confirmationis
2112 3195 2236 3237 robur
2257 3190 2422 3245 adjicia-

1400 3258 1478 3308 tis,
1499 3254 1715 3311 omnesque
1755 3256 1797 3297 δι
1832 3255 2002 3311 (iugulos
2045 3264 2125 3297 tam
2149 3252 2272 3307 juris,
2299 3260 2423 3304 quam

1399 3316 1492 3360 faeti
1518 3313 1701 3359 defectus
1723 3342 1739 3366 ‚
1779 3314 1805 3355 fi
1827 3315 1898 3371 qui
1914 3316 1986 3356 lint
2002 3342 2021 3364 ,
2036 3310 2264 3366 supplentes
2287 3335 2303 3373 ⁹.
2327 3319 2423 3361 pre-

1400 3376 1502 3419 tium
1529 3376 1629 3417 vero
1652 3372 1747 3415 dieti
1770 3374 1878 3416 horti
1903 3374 1940 3415 in
1968 3371 2219 3428 emptionem
2251 3366 2424 3410 aliorum

1400 3434 1603 3478 bonorum
1630 3431 1825 3474 stabilium
1846 3430 2033 3474 converti
2064 3428 2214 3471 curetis
2245 3453 2260 3477 ‚
2299 3425 2338 3466 &
2364 3421 2425 3465 fa·

1402 3492 1541 3536 ciatis.
1574 3493 1671 3534 Non
1698 3490 1946 3534 obstantibus
1971 3484 2164 3543 praemiffis
2181 3515 2197 3536 ,
2225 3484 2266 3527 δι
2292 3480 2425 3525 felicis

1399 3548 1695 3594 recordationis
1727 3549 1842 3592 Pauli
1867 3550 1919 3589 11.
1942 3575 1956 3597 ,
2001 3559 2045 3587 ac
2070 3544 2243 3586 aliorum
2269 3544 2422 3585 Roma-

1400 3622 1540 3652 norum
1551 3604 1812 3658 Pontificum,
1827 3599 2168 3650 Proedeccisorum
2184 3602 2424 3646 Nostrorum

1399 3667 1453 3711 de
1481 3667 1600 3709 rebus
1619 3665 1806 3708 Ecclefiae
1836 3678 1915 3707 non
1939 3660 2160 3706 alienandis
2176 3691 2190 3714 ,
2217 3658 2421 3715 aliisque-a

1399 3724 1794 3771 Constitutionibus‚
1822 3723 1861 3764 δι
1888 3720 2223 3764 Ordinationibus
2250 3716 2424 3782 Apostq·

1397 3784 1487 3828 licis
1511 3810 1526 3834 ‚
1560 3781 1842 3838 dictorumque
1873 3776 2030 3826 Domus
2057 3780 2143 3825 Dei
2160 3809 2176 3835 ,
2212 3780 2252 3821 δι
2272 3780 2424 3875 Dcomuss

2334 3846 2376 3874 a·
