2762 4108
1076 210 1590 297 Veneta.

273 322 392 366 nostri
416 330 555 379 partes
578 335 694 367 more
715 317 776 367 Pii
801 317 936 362 Patris
962 319 1256 379 interponimus
1272 356 1286 376 ,

266 393 388 438 prout
407 382 612 428 Fidelium
626 381 691 437 pia
717 387 809 422 vota
824 376 1046 431 exposcunt
1062 408 1075 431 ,
1095 382 1133 422 ει
1148 382 1188 422 in
1203 385 1287 425 Do-

264 443 376 484 mino
398 441 659 498 conspicimus
674 435 887 480 salubriter
902 438 1097 491 expedire
1113 467 1125 479 .

325 500 429 543 Sane
450 513 526 555 pro
549 504 664 551 parte
689 494 940 536 Dilectorum
957 494 1150 537 Filiorum
1164 496 1283 537 Mini-

265 556 332 601 stri
345 554 589 605 Generalis,
614 554 655 595 &
682 555 869 596 Fratrum
893 553 1060 596 Ordinis
1086 553 1289 596 Minorum

263 616 560 672 Capueinorum
578 621 899 663 nuncupatorum
911 640 926 663 ,
940 625 986 654 ac
1000 610 1290 667 syndicorum,

263 677 304 717 δι
316 670 638 718 Fabriceriorum
660 672 797 713 Terrae
811 667 920 713 Asoli
940 671 1150 714 Tarvitinae
1169 672 1287 713 Dioe·

263 734 388 783 cetis,
409 730 591 772 exhibita
617 729 746 773 Nobis
770 742 899 784 nuper
922 729 1073 785 petitio
1099 729 1287 771 contine-

263 793 359 840 bat,
381 787 490 845 quod
506 817 524 839 ,
549 801 644 830 cum
673 787 738 843 ipsi
766 786 946 830 Minister
975 786 1222 839 Generalis,
1245 788 1287 828 δι

262 852 454 900 Fratres,
478 860 530 890 ex
559 845 816 900 eleemosyna
838 873 854 897 ,
883 845 943 888 eis
969 859 1045 903 per
1070 845 1286 902 quamdam

262 906 456 952 Nobilem
469 904 686 950 Mulierem
703 906 903 948 Venetam
919 931 935 955 ,
963 917 1068 947 nunc
1094 902 1180 946 viti
1193 900 1287 946 fun·

262 968 363 1009 (tam
377 994 392 1017 ,
423 964 520 1008 alias
535 963 677 1008 retias
690 991 707 1015 ‚
735 971 892 1004 certum
907 959 1074 1006 fundum
1086 963 1128 1005 in
1144 962 1290 1005 Terri-

263 1024 376 1067 torio
405 1023 519 1067 dietae
533 1025 672 1066 Terrae
694 1019 809 1064 fitum
835 1034 964 1065 annuo
981 1018 1099 1064 censu
1113 1050 1130 1073 ,
1156 1019 1222 1063 seu
1238 1020 1289 1064 li-

261 1082 379 1127 vello
390 1108 405 1132 ,
428 1081 616 1125 undecim
628 1080 1012 1131 librarum,monetae
1025 1077 1187 1123 illarum
1200 1092 1292 1135 par-

265 1141 370 1185 tium
388 1170 405 1192 ,
429 1142 470 1183 &
493 1139 667 1185 duarum
691 1137 930 1196 gallinarum
958 1152 1031 1195 pro
1045 1147 1285 1195 tempor&

264 1198 449 1244 existenti
478 1198 680 1255 Episcopo
707 1195 918 1239 Tarviiino
956 1198 1160 1241 annuatim
1196 1208 1290 1251 per·

264 1258 541 1302 solvendarum
568 1264 779 1313 gravatum
802 1283 819 1305 ,
841 1255 891 1298 ad
905 1254 1099 1298 effectum
1113 1253 1292 1297 constru-

258 1316 360 1361 endi
376 1315 471 1358 inibi
486 1318 662 1359 Domum
675 1315 858 1356 Fratrum
870 1313 1034 1356 Ordinis
1050 1311 1292 1371 hujusmodi,

263 1375 439 1420 emerint
455 1402 471 1425 ,
486 1371 744 1416 Venerabilis
760 1374 902 1416 Frater
915 1371 1065 1426 noster,
1076 1370 1291 1415 modernus

263 1433 482 1490 Episcopus
497 1430 726 1476 Tarvifinus
742 1458 757 1482 ,
776 1429 899 1487 ipsum
926 1428 1089 1475 censum
1105 1428 1295 1474 Ministro

265 1491 462 1537 Generali
476 1519 492 1542 ,
518 1491 559 1532 δι
576 1489 785 1533 Fratribus
801 1487 1020 1546 praedietis,
1045 1505 1095 1534 ex
1122 1493 1191 1533 sua
1206 1502 1291 1532 me·

265 1566 310 1595 ra
339 1548 614 1600 liberalitate,
646 1547 724 1590 Dei
746 1560 911 1600 amore,
936 1562 983 1592 ac
997 1549 1123 1605 gratis
1134 1547 1206 1591 sub
1220 1561 1294 1591 no·

265 1609 374 1659 stro,
408 1606 579 1651 &Sedis
593 1605 829 1663 Apostolicae
858 1605 1117 1663 beneplacito
1143 1607 1290 1663 perpe·

266 1670 340 1711 tuo
363 1665 511 1709 remifit
524 1694 539 1718 ,
566 1679 639 1721 pro
652 1674 773 1721 parte
787 1664 960 1709 Ministri
975 1665 1191 1710 Generalis
1204 1693 1220 1716 ,
1242 1678 1292 1707 ac

267 1729 457 1771 Fratrum
472 1750 487 1774 ,
515 1725 556 1766 δι
580 1722 849 1779 Syndicorum
872 1753 888 1775 ‚
910 1738 1069 1767 necnon
1101 1723 1293 1767 Fabrice·

266 1786 421 1830 riorum
450 1782 724 1839 praeditStorum
738 1781 867 1824 Nobis
882 1780 953 1824 fuit
979 1782 1190 1825 humiliter
1201 1780 1295 1836 sup-

270 1843 494 1901 plicatum,
518 1851 717 1898 quatenus
737 1840 986 1897 emptionem
1002 1868 1018 1891 ,
1040 1842 1081 1883 &
1104 1838 1296 1883 remiffio-

269 1915 365 1945 nem
378 1899 604 1956 hujusmodi
618 1912 692 1955 pro
706 1898 868 1942 illarum
882 1898 1125 1943 subsistentia
1144 1897 1297 1941 firmio·

269 1961 306 2003 ri
321 1988 336 2012 ,
354 1958 585 2015 Apostolicae
600 1955 927 2001 confirmationis
945 1958 1163 2000 munimine
1175 1958 1297 1998 robo-

267 2032 360 2062 rare
371 2045 387 2069 ,
408 2029 577 2073 cumque
591 2016 632 2058 in
646 2014 748 2059 dieta
765 2018 895 2060 Terra
909 2015 1022 2059 nulla
1046 2019 1200 2058 Domus
1214 2017 1298 2057 Or·

273 2076 381 2120 dinis
421 2073 600 2130 ejusdem
628 2073 769 2118 existat
782 2104 800 2127 ,
828 2089 947 2119 unam
963 2078 1144 2120 Domum
1169 2072 1299 2131 hujus-

276 2133 387 2177 modi
414 2132 464 2175 ad
493 2133 721 2188 Religionis
744 2134 1073 2190 propagationem
1088 2133 1183 2176 inibi
1200 2146 1297 2174 con·

272 2192 403 2242 strui,
434 2190 675 2234 &aedificari
704 2189 879 2236 faciendi
911 2191 1122 2235 licentiam
1151 2203 1298 2232 conce·

273 2251 374 2294 dere
390 2277 406 2301 ,
428 2250 470 2291 &
492 2250 650 2304 erigere
665 2278 681 2299 ,
708 2251 748 2292 δε
767 2249 979 2292 instituere
1005 2248 1059 2292 de
1073 2247 1299 2304 benignita·

275 2320 319 2352 te
334 2306 567 2364 Apostolica
592 2305 850 2360 dignaremur
863 2334 876 2348 .

333 2370 422 2411 Nos
444 2364 567 2420 igitur
581 2391 598 2416 ,
622 2365 690 2419 qui
707 2364 935 2422 Religionis
949 2365 1300 2422 propagationem,

274 2441 321 2469 ac
346 2427 571 2467 Domorum
601 2423 867 2480 Regularium
890 2424 1303 2480 multiplicationem,

276 2482 497 2537 Divinique
524 2479 663 2526 cult&
687 2491 947 2538 augmentum
963 2481 1121 2526 finceris
1142 2480 1300 2524 defide-

275 2555 410 2586 ramus
422 2537 626 2583 affectibus
641 2567 656 2590 ,
675 2538 777 2597 ipsos
792 2540 1016 2584 Ministrum
1031 2540 1276 2584 Generalem
1290 2565 1306 2590 ,

275 2615 322 2645 ac
338 2601 502 2643 Fratres
514 2625 529 2649 ,
551 2598 589 2640 &
605 2599 803 2653 syndicus
816 2624 831 2648 ‚
856 2611 1012 2643 necnon
1028 2598 1274 2642 Fabricerios
1292 2624 1306 2647 ,

278 2670 507 2713 eorumque
521 2655 742 2714 singulares
755 2658 940 2714 personas
953 2683 967 2706 ,
986 2659 1010 2701 ὲ
1025 2655 1224 2713 quibusvis
1237 2669 1307 2698 ex.

280 2714 656 2760 communicationis
668 2717 750 2758 &c.
766 2715 967 2760 absolutos
980 2713 1068 2759 fore
1085 2713 1309 2762 censentes,

279 2788 327 2817 ac
354 2772 599 2816 venditionis
622 2772 797 2830 desuper
823 2772 932 2817 faetae
952 2802 966 2827 ‚
999 2775 1037 2815 δι
1064 2772 1308 2827 emptionis,

279 2847 327 2875 ac
343 2830 578 2874 remiffionis
593 2842 757 2875 tenores
772 2861 787 2884 ,
809 2831 985 2889 dietique
998 2829 1111 2874 fundi
1128 2831 1309 2873 situatio-

281 2904 353 2933 nes
366 2918 380 2941 ,
401 2891 442 2932 δι
453 2887 632 2932 confines
645 2919 660 2941 ,
678 2903 724 2933 ac
738 2890 868 2938 illius,
880 2892 920 2932 δι
933 2887 1070 2933 census
1085 2887 1309 2946 hujusmodi

282 2961 397 2991 veros
429 2946 588 2989 valores
606 2973 622 2995 ,
652 2947 904 3003 praesentibus
926 2961 1002 3003 pro
1024 2945 1213 3002 expressis
1239 2947 1311 2988 ha-

282 3008 426 3050 bentes
443 3034 458 3057 ,
483 3004 708 3061 hujusmodi
730 3003 1085 3060 supplicationibus
1104 3004 1311 3055 inclinati,

284 3063 560 3107 venditionem
588 3063 673 3119 ipfis
701 3062 882 3105 Ministro
907 3062 1135 3114 Gener-ali,
1162 3062 1314 3105 &Fra-

286 3123 415 3166 tribus
438 3122 579 3164 factam
595 3150 609 3171 ,
631 3136 677 3164 ac
690 3121 938 3175 emptionem
954 3149 968 3171 ,
996 3122 1038 3163 δι
1051 3119 1315 3163 remiilionem

283 3179 734 3239 praed'tctas,Apostolica
747 3178 1005 3222 Auctoritate
1018 3206 1033 3231 ,
1058 3189 1203 3220 tenore
1217 3191 1317 3233 prat-

286 3240 460 3284 sentium
475 3239 671 3294 perpetuo
683 3237 1006 3293 approbamus,&
1018 3233 1315 3287 confirmamus,

288 3296 506 3353 omnesque
524 3324 537 3347 ‚
567 3299 606 3338 ἀ
623 3294 793 3350 singulos
817 3298 898 3340 tam
921 3294 1047 3351 juris,
1076 3295 1197 3350 quam
1223 3292 1314 3338 faeti

286 3355 470 3400 defectus
483 3382 497 3405 ,
528 3354 552 3397 fi
568 3355 633 3411 qui
655 3353 782 3395 forsan
800 3351 973 3407 desuper
990 3353 1284 3396 intervenerint
1302 3381 1318 3405 ,

290 3413 519 3469 supplemus
539 3427 717 3457 :necnon
734 3411 918 3455 Ministro
930 3410 1130 3454 Generali
1143 3439 1158 3463 ,
1169 3412 1208 3453 δι
1222 3412 1317 3454 Fra-

292 3473 419 3517 tribus
446 3473 642 3539 praedi6tis
668 3471 814 3513 dictum
838 3467 1033 3520 fundum,
1058 3470 1108 3512 ab
1129 3468 1313 3513 eodem-a

292 3531 414 3574 censu
429 3529 622 3574 librarum
652 3531 895 3580 immunem,
925 3528 964 3568 &
979 3538 1209 3584 exemptum
1226 3540 1316 3569 cum

291 3590 474 3631 omnibus
486 3587 642 3647 juribus
655 3617 669 3641 ,
699 3590 737 3630 &
753 3586 1004 3644 pertinentiis
1018 3584 1092 3629 suis
1106 3614 1121 3637 ,
1144 3586 1315 3629 auetori-

294 3657 405 3698 tate,
423 3647 464 3688 δι
487 3657 632 3691 tenore
646 3646 839 3702 praemiffis
862 3674 877 3697 ,
903 3646 939 3686 &
958 3644 1155 3699 perpetuo
1173 3657 1320 3686 conce·

296 3706 459 3755 dimus,
478 3705 517 3745 &
542 3704 784 3760 elargimur:
819 3707 872 3747 ita
890 3733 903 3754 ,
929 3705 1035 3759 quod
1063 3704 1182 3744 liceat
1200 3702 1322 3744 Mini-

295 3765 374 3807 stro
385 3762 729 3815 Generali,&FF.
749 3763 943 3820 predictis
960 3760 1068 3806 fundi
1084 3758 1321 3817 hujusmodi,

1645 321 1654 331 .
2145 222 2317 325 287

1345 327 1531 383 illiusque
1546 335 1723 366 omnium
1741 322 1887 379 {utinm
1901 351 1916 375 ,
1946 327 1986 368 δι
2003 330 2378 383 ρεηῐηςῃιιηυῃμ

1345 384 1600 440 corporalem
1613 409 1627 432 ,
1648 381 1796 425 realem
1809 409 1825 433 ,
1836 383 1878 424 δι
1892 386 2087 429 actualem
2101 390 2376 444 potsessionem

1341 456 1415 497 per
1434 442 1502 493 se,
1532 439 1597 482 vel
1611 437 1733 480 alium
1752 467 1768 491 ,
1797 440 1863 483 seu
1886 440 1984 482 alios
1999 459 2168 492 ,eorum
2194 452 2376 499 nomine,

1345 500 1510 556 propria
1525 500 1791 550 auctoritate,
1814 499 1942 541 libere
1957 505 2268 555 apprehendere
2281 536 2295 555 ,
2308 517 2379 548 sut

1348 559 1428 613 jam
1442 553 1729 612 apprehensam
1751 558 1950 612 perpetuo
1964 560 2144 602 retinere
2157 589 2172 609 ‚
2196 564 2378 617 iptisque,

1347 625 1392 656 ut
1408 617 1446 656 in
1463 613 1609 655 eodem
1624 613 1775 664 sundo,
1791 614 1967 670 aliquam
1983 618 2155 658 Domum
2168 621 2376 661 construe-

1346 687 1420 723 re,
1445 672 1486 711 δι
1505 667 1730 717 aedificare,
1759 669 1823 714 seu
1839 673 2011 716 construi
2025 702 2039 724 ,
2068 675 2303 717 &aedificari
2324 676 2380 719 fa·

1346 743 1441 773 cere
1455 726 1626 783 possint,
1656 728 1940 784 indulgemus:
1968 745 2129 775 necnon
2151 736 2381 788 praedictam

1346 792 1523 832 Domum
1537 799 1589 828 ex
1604 800 1738 835 nunc,
1766 800 1887 841 prout
1910 803 1961 831 ex
1979 800 2101 841 tunc,
2123 794 2163 833 δι
2188 803 2379 843 econtra,

1345 845 1553 904 postquam
1576 844 1803 887 construssa
1821 873 1837 896 ,
1865 848 1904 888 δι
1927 846 2120 890 aedificata
2157 848 2279 892 fuerit
2297 879 2311 900 ,
2341 852 2381 892 in

1348 909 1526 948 Domum
1542 905 1724 946 Fratrum
1748 904 1915 947 Ordinis
1944 905 2165 962 hujusmodi
2193 922 2285 950 cum
2305 911 2383 950 Ec-

1347 964 1492 1013 clesia,
1524 960 1770 1016 campanili,
1796 964 2028 1018 campanis,
2051 963 2253 1017 claustro,
2284 966 2383 1007 dor-

1348 1020 1514 1064 mitorio
1527 1049 1543 1072 ,
1573 1017 1808 1063 Refefiorio
1841 1021 2028 1074 cellulis,
2054 1022 2181 1064 hortis
2194 1051 2210 1074 ,
2241 1025 2384 1065 horta-

1352 1081 1449 1124 litiis
1461 1107 1475 1130 ,
1491 1078 1656 1135 aliisque
1671 1076 1842 1121 officinis
1855 1108 1870 1131 ,
1898 1081 1939 1121 &
1953 1078 2116 1123 fabricis
2132 1079 2381 1127 necessariis.

1348 1141 1387 1182 ἃ.
1401 1137 1524 1182 solitis
1538 1151 1614 1194 pro
1627 1150 1707 1179 uno
1722 1138 1905 1180 Ministro
1916 1167 1930 1190 ,
1951 1138 2018 1182 seu
2029 1139 2264 1182 Guardiano
2276 1166 2292 1188 ‚
2314 1138 2384 1181 vel

1350 1198 1491 1241 Priore
1508 1225 1522 1249 ,
1550 1198 1591 1238 &
1619 1197 1870 1251 competenti
1888 1199 2078 1240 Fratrum
2095 1197 2191 1240 dicti
2214 1198 2389 1240 Ordinis.

1352 1269 1522 1300 numero
1546 1254 1583 1297 in
1611 1267 1699 1298 eam
1722 1255 2143 1307 introducendorum,
2171 1270 2218 1300 ac
2234 1255 2386 1298 ibidem

1351 1316 1478 1358 etiam
1503 1314 1704 1370 perpetui>
1731 1312 1842 1368 juxta
1866 1328 2010 1357 eorum
2034 1315 2258 1370 Regularia
2273 1315 2388 1356 Initi-

1352 1383 1442 1416 tuta
1456 1399 1470 1423 ,
1498 1370 1694 1415 Altisstmo
1709 1369 1986 1416 famulantium
1997 1400 2011 1422 ‚
2026 1372 2275 1430 illorumque
2289 1374 2382 1420 usit,

1351 1434 1392 1475 δι
1405 1430 1654 1475 habitatione
1665 1458 1679 1479 ,
1712 1431 1951 1475 aue'toritate
1977 1430 2160 1486 praedicta
2179 1459 2195 1482 ,
2223 1445 2386 1474 earum-

1349 1490 1445 1535 dem
1459 1487 1709 1545 praesentium
1722 1499 1867 1532 tenore
1881 1488 2063 1531 similiter
2084 1491 2281 1543 perpetuo
2306 1488 2389 1533 fine

1351 1548 1520 1605 alicujus
1547 1546 1777 1602 praeiudicio
1802 1548 1997 1602 erigimus
2016 1575 2033 1597 ,
2056 1549 2094 1588 &
2119 1547 2386 1597 instituimus,

1352 1621 1507 1652 necnon
1528 1606 1677 1649 Domui
1692 1632 1707 1653 ,
1730 1607 1771 1648 δι
1785 1605 1968 1648 Ministro
1980 1633 1996 1656 ,
2021 1605 2102 1647 five
2117 1604 2355 1648 Guardiano
2369 1633 2385 1655 ,

1353 1665 1420 1710 vel
1435 1665 1565 1710 Priori
1581 1691 1596 1714 ,
1618 1679 1664 1707 ac
1681 1665 1888 1707 Fratribus
1912 1663 2221 1707 introducendis
2243 1664 2394 1719 praedi-.

1352 1726 1424 1769 &is
1437 1755 1453 1777 ,
1469 1738 1543 1782 pro
1557 1733 1747 1778 tempore
1761 1722 2022 1765 existentibus
2033 1750 2046 1772 ,
2058 1722 2170 1776 quod
2185 1724 2388 1772 omnibus,

1353 1787 1392 1828 &
1408 1783 1569 1839 fingulis
1583 1781 1804 1837 privilegiis
1817 1807 1832 1830 ,
1847 1780 2105 1824 libertatibus
2120 1810 2135 1832 ,
2156 1781 2390 1823 immunita-

1355 1845 1463 1887 tibus
1477 1871 1492 1894 ,
1505 1840 1833 1895 exemptionibus
1843 1868 1859 1891 ,
1877 1838 2159 1887 facultatibus,
2174 1839 2392 1895 indulgen-

1353 1904 1436 1950 tiis,
1447 1901 1570 1944 etiam
1591 1898 1778 1953 plenariis
1794 1927 1808 1949 ,
1829 1912 1874 1940 ac
1889 1896 2096 1954 perpetuis
2109 1926 2123 1949 ,
2146 1899 2186 1939 δι
2199 1909 2393 1952 peccato·

1357 1974 1448 2003 rum
1463 1957 1752 2001 remiffionibus
1766 1984 1780 2006 ‚
1793 1955 2104 2000 concessionibus
2116 1983 2131 2006 ,
2142 1958 2182 1997 &
2196 1956 2284 1998 aliis
2298 1970 2391 2012 gra-

1358 2020 1425 2062 tiis
1445 2015 1713 2071 spiritualibus
1725 2042 1740 2064 ‚
1760 2016 1801 2056 δι
1815 2015 2105 2070 temporalibus
2121 2043 2137 2066 ‚
2167 2015 2308 2070 quibus
2323 2013 2392 2055 alii

1358 2075 1555 2125 Ministri,
1585 2073 1651 2116 seu
1668 2073 1895 2116 Guardiani
1912 2101 1928 2123 ,
1959 2073 2024 2114 vel
2040 2074 2285 2122 Priores,&
2300 2075 2394 2114 Fra·-

1358 2147 1443 2181 tres
1461 2134 1629 2176 aliarum
1650 2135 1870 2173 Domorum
1887 2129 1984 2172 dieti
1998 2129 2190 2181 Ordinis,
2215 2132 2255 2173 in
2270 2144 2395 2186 gene·

1356 2209 1403 2239 re
1428 2190 1737 2250 quomodolibet
1764 2199 1932 2231 utuntur
1949 2218 1966 2239 ,
1986 2187 2176 2231 fruuntur
2189 2218 2203 2239 ,
2230 2191 2395 2245 potiun-

1358 2265 1426 2298 tur
1438 2281 1453 2304 ,
1482 2254 1523 2293 δε
1538 2248 1717 2304 gaudent
1732 2276 1747 2298 ,
1761 2247 1858 2288 acin
1876 2244 2055 2289 futurum
2068 2248 2160 2299 uti,
2191 2245 2297 2298 frui,
2315 2260 2393 2301 po-

1357 2313 1426 2356 tiri
1450 2339 1463 2359 ‚
1505 2310 1544 2351 &
1567 2308 1746 2363 gaudere
1771 2314 1990 2360 poterunt,
2015 2304 2081 2359 ipfi
2108 2306 2326 2356 similiter,
2355 2306 2397 2347 δι

1358 2365 1634 2428 parisormiter
1653 2366 1712 2407 uti
1724 2393 1740 2414 ,
1758 2361 1863 2412 frui,
1883 2363 2029 2418 potiri,
2046 2364 2087 2404 St
2108 2364 2287 2420 gaudere
2312 2364 2399 2418 poss

1360 2430 1434 2474 fint
1445 2455 1459 2474 ,
1471 2428 1511 2468 δι
1524 2424 1686 2467 valeant
1700 2452 1715 2474 ,
1728 2423 1883 2479 pariter
1897 2423 2097 2478 perpetuo
2109 2422 2369 2466 concedimus
2380 2449 2396 2473 ,

1363 2492 1402 2532 &
1427 2484 1707 2539 indulgemus:
1737 2494 1895 2523 necnon
1912 2481 2246 2536 approbationem
2260 2508 2273 2531 ,
2299 2493 2399 2522 con·

1365 2545 1634 2590 firmationem
1655 2570 1669 2593 ,
1704 2538 2000 2595 suppletionem
2016 2569 2033 2589 ,
2062 2538 2354 2581 conceffionem
2383 2565 2399 2589 ,

1365 2603 1646 2661 elargitionem
1660 2628 1674 2650 ,
1686 2597 1844 2639 indulta
1858 2624 1875 2646 ,
1900 2600 2167 2646 ereetionem,
2180 2597 2398 2637 institutio-

1364 2677 1455 2708 nem
1469 2691 1483 2714 ,
1510 2675 1557 2703 ae
1571 2656 1780 2714 praesentes
1794 2655 1952 2695 litteras
1976 2653 2090 2695 nullo
2103 2667 2277 2709 unquam
2291 2663 2397 2695 tem·

1367 2734 1466 2778 pore
1480 2716 1662 2761 revocari
1678 2741 1692 2763 ,
1708 2711 1776 2754 seu
1790 2710 1844 2751 de
1861 2708 2125 2764 subreptionis
2140 2738 2155 2761 ,
2172 2711 2237 2754 vel
2249 2714 2399 2764 obrep-

1368 2779 1490 2822 tionis
1502 2805 1517 2827 ,
1530 2783 1598 2816 aut
1614 2770 1814 2815 nullitatis
1829 2768 1928 2810 vitio
1941 2770 2021 2817 ,seu
2038 2769 2277 2811 intentionis
2303 2771 2342 2809 N
2354 2781 2399 2808 o-

1371 2839 1454 2880 strae
1466 2865 1481 2887 ,
1495 2832 1559 2876 vel
1575 2830 1657 2873 alio
1671 2827 1858 2884 quopiam
1873 2824 2036 2868 defectu
2050 2827 2180 2869 notari
2195 2852 2211 2873 ,
2236 2825 2301 2868 vel
2322 2826 2399 2866 im·

1372 2891 1538 2951 pugnari
1553 2919 1568 2942 ,
1582 2898 1647 2932 aut
1663 2884 1735 2929 sub
1747 2898 1988 2941 quacunque
2003 2898 2046 2926 re
2057 2884 2273 2927 vocatione
2282 2913 2299 2934 ,
2315 2896 2397 2924 mo.

1369 2950 1599 2996 dificatione
1614 2973 1627 2996 ,
1658 2942 1935 2987 declaratione
1947 2969 1960 2992 ,
1986 2939 2053 2984 seu
2074 2943 2150 2984 alia
2178 2943 2267 2983 huic
2297 2954 2398 2982 con-

1371 3011 1496 3053 traria
1510 3003 1763 3060 dispositione
1775 2998 2064 3055 comprehendi
2078 2997 2202 3055 polle,
2219 2998 2284 3040 sed
2301 2997 2399 3039 sem-

1373 3082 1447 3126 per
1474 3062 1605 3108 valida
1623 3091 1637 3114 ‚
1660 3057 1888 3102 &efficacia
1904 3086 1920 3107 ,
1944 3071 1991 3099 ac
2011 3069 2201 3112 exempta
2222 3053 2329 3105 elle,
2359 3058 2399 3097 &

1375 3122 1552 3171 censeri:
1568 3120 1698 3175 licque
1715 3132 1787 3173 per
1801 3117 2056 3172 quoscunque
2065 3116 2229 3172 Judices
2245 3143 2258 3165 ,
2272 3113 2398 3154 Ordi-

1376 3175 1536 3233 nario's,
1560 3181 1598 3221 8(
1619 3177 1867 3231 Delegatos,
1897 3172 2050 3215 sublata
2076 3175 2165 3222 eis,
2194 3175 2232 3215 8ι
2259 3185 2398 3213 eorum

1371 3240 1541 3287 cuilibet
1555 3237 1693 3295 quavis
1704 3234 1826 3276 aliter
1835 3229 2097 3289 judicandi,&
2108 3229 2325 3274 definiendi
2343 3228 2401 3272 sa·

1376 3299 1531 3344 cultate
1544 3325 1559 3348 ,
1588 3296 1628 3336 &
1655 3292 1892 3336 auctoritate
1908 3318 1923 3341 ,
1950 3289 2117 3345 judicari
2133 3318 2147 3341 ,
2176 3291 2216 3330 δι
2237 3286 2399 3329 definiri

1375 3359 1531 3403 debere
1545 3383 1561 3407 ,
1584 3365 1759 3402 necnon,
1770 3348 1960 3405 quicquid
1976 3345 2096 3403 super
2109 3346 2168 3388 his
2186 3347 2208 3388 a
2221 3358 2402 3402 quocun-

1376 3431 1455 3474 que
1469 3443 1485 3467 ,
1506 3412 1645 3468 quavis
1661 3409 1902 3453 auctoritate
1916 3406 2084 3449 scienter
2098 3433 2113 3456 ,
2135 3404 2201 3446 vel
2216 3405 2403 3458 ignoran-

1377 3486 1442 3518 ter
1455 3472 1675 3524 contigerit
1690 3465 1880 3511 attentari
1896 3494 1909 3514 ,
1942 3463 2097 3504 irritum
2112 3490 2127 3514 ,
2145 3463 2312 3504 &inane
2332 3459 2403 3503 de·-

1379 3530 1578 3575 cernimus
1591 3556 1605 3569 .
1636 3530 1731 3571 Non
1753 3522 2001 3567 obstantibus
2036 3517 2106 3562 fel.
2134 3534 2215 3562 rec.
2245 3515 2403 3563 Bonifa-

1377 3590 1427 3632 cii
1445 3588 1565 3630 vm.
1581 3584 1824 3642 prohibentis
1839 3611 1851 3632 ,
1866 3577 2092 3633 necujusvis
2104 3577 2272 3621 Ordinis
2284 3580 2404 3620 Men-

1379 3644 1599 3689 dit-antium
1623 3646 1784 3686 Fratres
1808 3652 1910 3682 nova
1929 3639 2017 3679 loca
2038 3636 2088 3679 ad
2111 3636 2403 3681 habitandum.»

1380 3704 1588 3759 acquirere
1602 3731 1617 3753 ,
1645 3703 1685 3743 δι
1698 3701 1857 3754 erigere
1871 3694 2101 3751 praesumant
2114 3722 2129 3742 ,
2145 3698 2223 3738 stne
2236 3694 2404 3747 Aposto-

1380 3763 1465 3806 licae
1478 3761 1594 3806 Sedis
1618 3759 1800 3808 licentia,
1812 3755 1864 3798 de
1890 3753 2160 3809 prohibitione
2177 3753 2301 3851 hujqs
2295 3751 2403 3793 modi

2278 3823 2351 3864 Pe·
