2710 4108
353 197 513 312 316

291 310 515 360 earundem
530 309 784 366 praesentium
801 307 1094 353 continentiam
1108 335 1124 359 ‚
1153 310 1189 349 &
1208 316 1328 348 teno-

289 388 384 418 nem
400 402 414 425 ‚
445 367 616 428 pacifice
631 365 738 420 frui,
763 370 803 412 &
816 368 996 423 gaudere
1011 396 1029 409 ‚⁴
1049 371 1141 410 Non
1159 366 1328 422 permit-

288 442 430 476 tentes
457 443 527 472 eos
548 458 563 481 ,
593 427 660 472 vel
688 441 828 470 eorum
850 427 1027 482 aliquem
1055 423 1228 480 desuper
1255 436 1326 479 per

290 492 549 549 quoscunque
577 487 884 543 quomodolibet
900 484 1084 528 indebite
1099 483 1327 533 molestari,

290 546 526 608 perturbari
547 574 562 599 ‚
603 556 671 590 aut
711 546 955 601 inquietari.
991 541 1329 586 Contradietores

292 607 531 667 quoslibet,
555 609 593 648 &
621 603 794 648 rebelles
812 631 827 652 a
857 619 901 648 ac
928 601 1129 659 praemiffis
1152 615 1231 643 non
1261 615 1330 656 pa·

291 678 457 718 rentes,
476 678 549 724 per
565 664 800 714 sententias,
813 661 1024 715 censuras,
1044 663 1080 705 &
1101 673 1239 718 poenas
1251 661 1329 702 Ec-

289 727 525 771 clefiasticas
539 752 554 776 ‚
585 722 742 780 aliaque
757 732 986 778 opportuna
999 721 1095 777 juris
1121 719 1300 762 remedia
1314 744 1328 766 ‚

288 786 529 831 auctoritate
544 782 691 833 nostra,
707 780 981 837 appellatione
996 777 1208 836 postposita
1223 792 1327 819 com.

288 844 521 903 pescendo,
552 854 708 885 necnon
738 839 928 894 legitimis
953 838 1070 894 super
1097 838 1155 880 his
1173 837 1325 879 haben·

286 905 352 947 dis
366 902 535 946 servatis
549 897 809 956 proceffibus‚
826 898 915 941 illos
929 924 943 947 2
975 897 1196 941 sententias
1210 924 1224 947 ,
1236 909 1332 936 cen·-

289 962 402 1006 suras
424 988 439 1010 ,
483 962 521 1002 &
549 973 673 1015 paenas
698 957 796 1013 ipsas
824 954 1030 999 iucurrilse
1053 954 1328 1004 declarando,

288 1037 335 1066 ac
357 1036 420 1064 eas
434 1020 558 1062 etiam
583 1018 739 1060 iteratis
756 1016 906 1058 vicibus
921 1013 1197 1071 aggravando,
1210 1014 1248 1054 in
1258 1026 1328 1053 vo-

288 1090 384 1125 cato
409 1077 530 1122 etiam
547 1076 595 1119 ad
616 1077 690 1118 hoc
708 1104 719 1127 ,
745 1074 768 1116 fi
792 1089 888 1130 opus
905 1073 1024 1118 fuerit
1039 1104 1055 1125 ,
1071 1072 1222 1115 auxilio
1239 1071 1328 1112 bra-

289 1140 367 1184 chii
382 1136 575 1180 saecularis
589 1164 600 1176 .
618 1138 709 1177 Non
724 1133 971 1176 obstantibus
983 1158 997 1178 ‚
1013 1143 1208 1187 quatenus
1224 1141 1324 1184 opus

288 1199 336 1241 stt
352 1226 366 1249 ‚
382 1195 525 1239 Nostra
546 1195 598 1237 de
614 1193 826 1234 unionibus
843 1191 1150 1235 committendis
1164 1188 1215 1232 ad
1230 1203 1326 1244 par-

290 1269 382 1306 tes,
413 1256 449 1296 &
480 1250 743 1308 exprimendo
780 1249 950 1302 valere,
978 1251 1016 1292 δι
1044 1246 1324 1294 Lateranensis

290 1312 468 1359 Concilii
493 1309 695 1354 noviffime
720 1309 950 1360 celebrati,
981 1308 1151 1351 uniones
1174 1320 1323 1364 perpe·

289 1385 378 1416 tuas
394 1397 408 1420 2
440 1370 505 1414 nifi
523 1371 561 1411 in
579 1367 726 1411 casibus
741 1370 763 1411 a
790 1367 877 1423 jure
896 1367 1092 1424 permiffis
1117 1366 1206 1410 fieri
1230 1379 1324 1422 pro-

286 1430 483 1479 hibentis,
498 1443 544 1473 ac
559 1427 627 1470 sel.
644 1442 726 1470 rec.
744 1425 936 1470 Bonifacii
957 1431 1065 1484 Papae
1081 1428 1202 1470 vul.
1218 1427 1323 1468 Prae-

289 1487 506 1534 decessoris
536 1487 688 1538 nostri,
717 1485 796 1542 qua
826 1498 1022 1536 cavetur,
1054 1499 1106 1529 ne
1132 1485 1221 1541 quis
1251 1498 1324 1528 ex·

286 1561 350 1594 tra
364 1548 470 1589 suam
486 1547 708 1590 Civitatem
728 1570 743 1593 a
776 1545 840 1586 vel
859 1545 1077 1596 Dioecefin‚
1091 1545 1158 1587 nist
1175 1544 1212 1587 in
1230 1557 1322 1585 cer-

288 1611 339 1652 tis
365 1603 555 1660 expressis
588 1605 767 1654 casibus,
796 1605 836 1645 &
863 1604 900 1646 in
933 1604 1014 1646 illis
1040 1604 1145 1646 ultra
1170 1616 1321 1646 unam-⁴

290 1668 446 1711 dietam
471 1664 494 1708 ἃ
520 1663 598 1706 fine
625 1664 696 1706 suae
714 1662 891 1706 Diaecefis
922 1663 971 1704 ad
1006 1663 1200 1718 judicium-
1225 1674 1325 1703 evo—

293 1734 436 1772 cetur,
465 1727 529 1766 seu
546 1722 797 1779 ,neJudices
817 1722 837 1762 a
860 1722 966 1764 Sede
981 1721 1165 1777 praedidia
1185 1723 1327 1775 Depu-

292 1784 369 1827 tati
395 1795 511 1826 extra
528 1783 753 1824 Civitatem
765 1808 782 1831 2
794 1780 860 1822 vel
878 1780 1081 1823 Dioecesm
1098 1810 1114 1831 ,
1128 1781 1164 1823 in
1181 1781 1324 1836 quibus

289 1842 478 1896 deputati
503 1839 686 1889 fuerint,
716 1850 858 1880 contra
888 1838 1142 1895 quoscunque
1184 1851 1327 1893 proce-

288 1901 420 1950 dere,
452 1911 522 1945 aut
547 1900 644 1951 alii,
676 1897 740 1939 vel
764 1897 853 1939 aliis
883 1902 991 1940 vices
1021 1897 1108 1940 suas
1140 1895 1326 1940 commit-

289 1968 383 2003 tere
397 1973 558 2015 quoquo
575 1957 699 1999 modo
724 1955 954 2011 praesumant
972 1984 986 2007 ,
1016 1958 1053 1998 &
1089 1956 1142 1998 de
1168 1954 1324 1998 duabus

289 2019 410 2061 dietis
440 2019 481 2059 in
496 2016 688 2060 Concilio
702 2015 897 2057 Generali
927 2014 1039 2057 edita
1055 2041 1070 2065 ‚
1100 2013 1323 2057 dummodo

285 2077 392 2121 ultra
411 2086 493 2118 tres
511 2076 640 2118 dietas
657 2073 800 2128 aliquis
815 2074 1053 2116 auctoritate
1067 2071 1321 2127 praesentium

283 2136 335 2179 ad
366 2134 559 2192 judicium
584 2147 665 2175 non
689 2133 871 2174 trahatur
887 2160 902 2182 ,
933 2132 1099 2188 aliisque
1118 2131 1321 2187 quibusvis

283 2193 675 2243 Constitutionibus,
705 2192 745 2232 &
768 2190 1102 2234 Ordinationibus
1117 2191 1321 2246 Apostoli·

282 2254 371 2306 cis;
401 2266 564 2296 necnon
591 2249 823 2294 Monasterii
848 2249 1032 2308 suppreffi
1049 2279 1062 2302 ‚
1093 2252 1133 2293 δι
1155 2249 1320 2293 Ordinis

282 2317 324 2357 S.
342 2312 546 2356 Benedicti
575 2309 854 2366 praedictorum
868 2340 883 2362 ‚
915 2315 1146 2368 juramento
1161 2338 1176 2361 ‚
1206 2312 1321 2352 Con-

281 2371 516 2414 firmatione
537 2369 764 2425 Apostolica
780 2395 796 2418 ‚
824 2370 888 2412 vel
921 2369 1062 2426 quavis
1087 2368 1319 2412 firmitate)

283 2430 361 2474 ali-3
389 2430 591 2472 roboratis
610 2457 623 2479 ‚
655 2428 841 2478 statutis,
870 2429 910 2470 δι
937 2428 1322 2479 consuetudinibus,

284 2489 507 2547 privilegiis
524 2501 688 2544 quoque
706 2485 872 2528 indultis
887 2516 902 2540 ,
933 2488 972 2528 δι
994 2488 1142 2529 Literis
1159 2485 1323 2542 Aposto—

281 2548 467 2600 licis‚illis
481 2546 1241 2601 eorumqueSuperioribus,&Personis
1257 2545 1324 2588 sub

284 2605 587 2662 quibuscunque
613 2603 822 2647 tenoribus
841 2633 856 2656 ‚
886 2607 928 2646 δε
954 2601 1126 2653 formis,
1156 2620 1201 2648 ac
1231 2618 1323 2646 cum

280 2664 484 2723 quibusvis
511 2663 696 2706 clausulis
713 2690 728 2712 ‚
757 2664 796 2703 δι
811 2663 993 2706 decretis
1015 2664 1057 2705 in
1071 2664 1322 2707 contrarium

280 2724 592 2782 quomodolibet
607 2721 825 2775 comestis,
857 2723 1090 2780 approbatis
1106 2752 1120 2777 ,
1151 2723 1322 2765 &inno-

281 2786 411 2830 vatis.

339 2843 503 2902 Qibus
518 2841 737 2890 omnibus,
766 2842 803 2883 8(
839 2838 1031 2897 lingulis,
1063 2840 1217 2884 etiamsi
1247 2854 1322 2896 pro

280 2904 445 2948 illorum
469 2899 680 2944 sufficienti
705 2898 1001 2955 derogatione,
1025 2899 1077 2942 de
1106 2900 1211 2950 illis,
1248 2913 1321 2942 eo-

277 2975 448 3018 rumque
475 2961 573 3005 totis
592 2957 833 3011 tenoribus,
865 2959 1046 3015 specialis
1062 2988 1075 3011 ‚
1101 2957 1317 3015 specifica...

279 3019 490 3065 individua
505 3049 519 3073 ‚
551 3020 591 3061 &
614 3017 792 3072 expressa
808 3046 821 3068 ‚
851 3032 898 3060 ac
922 3018 975 3059 de
991 3020 1120 3062 verbo
1145 3018 1195 3060 ad
1228 3031 1319 3060 ver-

277 3081 373 3123 bum
386 3108 401 3132 ,
421 3094 500 3122 non
517 3089 653 3120 autem
667 3090 740 3131 per
757 3076 953 3119 clausulas
972 3076 1319 3132 generales,idem

277 3140 573 3197 imponantes,
598 3135 782 3186 mentio,
806 3135 874 3179 seu
890 3138 1034 3190 quaevis
1059 3136 1137 3180 alia
1152 3136 1319 3191 expres-

276 3197 334 3240 fio
363 3196 572 3242 habenda,
603 3204 673 3236 aut
699 3193 832 3251 aliqua
860 3196 935 3238 alia
967 3195 1163 3253 exquisita
1187 3195 1318 3238 forma.

276 3257 327 3299 ad
354 3258 431 3301 hoc
455 3253 645 3300 servanda
662 3250 797 3305 foret,
829 3253 907 3296 illis
932 3254 1031 3299 alias
1044 3255 1084 3298 in
1105 3255 1169 3297 suo
1193 3255 1317 3296 robo-

276 3330 324 3357 re
348 3313 616 3371 permansuris
632 3339 646 3361 ‚
679 3312 752 3356 hac
771 3313 859 3355 vice
873 3311 1070 3357 duntaxat
1086 3341 1100 3363 ‚
1132 3311 1313 3367 speciali-

277 3384 370 3425 ter,
401 3376 441 3416 &.
468 3370 656 3428 expressi:
678 3369 950 3427 derogamus,
973 3371 1198 3427 ceterisque
1211 3386 1314 3415 con·

275 3433 412 3475 trariis
440 3430 772 3490 quibuscunque:
805 3442 872 3473 aut
907 3433 933 3472 ss
962 3431 1162 3488 aliquibus
1199 3445 1312 3473 com-

273 3492 454 3534 muniter
467 3519 482 3542 ,
513 3490 579 3533 vel
599 3490 750 3532 divisim
766 3491 816 3532 ab
833 3490 976 3534 eadem
994 3490 1039 3533 sit
1054 3488 1162 3533 Sede
1186 3490 1313 3534 indul.

276 3560 389 3600 tum,
419 3548 526 3604 quod
548 3547 770 3597 interdici,
801 3548 983 3605 suspendi
1007 3577 1025 3600 ‚
1056 3548 1122 3593 vel
1151 3562 1314 3593 excom-

277 3608 471 3650 municari
497 3622 575 3649 non
605 3607 747 3662 possint
768 3637 783 3658 ,
815 3621 888 3665 per
915 3611 1093 3653 Litteras
1111 3607 1314 3663 Apostoli-

276 3680 342 3709 cas
356 3693 371 3716 ,
384 3679 462 3709 non
479 3663 674 3709 facientes
701 3666 861 3721 plenam
876 3697 892 3720 ,
923 3670 965 3710 ἃ.
984 3665 1204 3723 expressam
1219 3696 1234 3719 ,
1265 3682 1310 3710 ac

274 3725 327 3766 de
359 3725 487 3790 verbo
517 3723 568 3767 ad
592 3726 758 3768 verbum
775 3754 790 3778 ,
817 3726 871 3770 de
898 3724 1060 3770 indulto
1085 3725 1310 3783 hujusmodi

272 3792 547 3829 mentionem.

1048 189 1586 279 Provincia

1447 306 1563 349 Nulli
1580 318 1681 362 ergo
1695 307 1861 351 omnino
1875 308 2083 351 hominum
2104 307 2228 352 liceat
2243 311 2344 355 hanc
2357 321 2432 371 pa:

1387 366 1520 422 ginam
1537 366 1690 411 Nostrae
1702 366 1960 411 absolutionis
1975 397 1989 420 ‚
2003 365 2319 412 confirmationis
2334 397 2348 419 a
2363 388 2429 429 ap-

1388 424 1636 482 probationis
1651 454 1665 478 ,
1695 425 1958 482 suppletionis
1972 456 1987 479 ,
2013 427 2232 471 ereetionis
2250 430 2431 480 ,institm

1391 485 1510 527 tionis
1537 512 1555 534 ,
1585 485 1896 541 applicationis,
1928 487 2266 543 appropriationis
2282 518 2298 539 ‚
2330 505 2431 533 con-

1391 541 1826 596 ceffionum2indulti‚
1845 545 2038 596 decreti,
2068 546 2275 599 mandati,
2298 549 2336 589 8c
2355 548 2430 593 de·

1390 602 1610 656 rogationis
1638 600 1889 659 infringere,
1922 603 1988 647 vel
2014 604 2054 645 ei
2078 606 2172 648 ausu
2204 609 2425 651 temerario

1391 661 1596 703 contraire
1613 689 1624 702 .
1658 662 1699 704 si
1719 664 1806 716 quis
1829 674 1963 706 autem
1986 662 2060 704 hoc
2092 674 2300 708 attentare
2326 680 2429 721 pra-

1390 718 1600 774 sumpserit
1613 748 1629 769 ,
1660 720 1982 776 indignationem
1997 722 2296 778 omnipotentis
2317 726 2425 777 Dei,

1387 793 1433 821 ac
1453 780 1530 821 BB.
1543 778 1659 822 Petri
1675 808 1691 829 ‚
1721 782 1758 821 δε
1786 779 1899 823 Pauli
1914 779 2204 836 Apostolorum
2226 783 2313 842 ejus
2348 783 2425 829 so

1384 837 1546 886 ,noverit
1572 836 1846 880 incursurum.

1450 898 1603 938 Datum·
1619 895 1782 939 Tusculi
1795 898 1916 938 Anno
1930 899 1950 941 1
1954 899 2225 941 ncarnationis
2241 902 2426 945 Domini-

1386 955 1483 998 nicae
1521 954 1731 999 millefimo
1757 955 2078 1012 quingentesimo
2106 985 2120 1007 ‚
2159 962 2424 1016 oetuagesimo

1390 1014 1545 1064 tertio,
1571 1012 1708 1056 Idibus
1731 1016 1983 1071 Septembris
1994 1013 2257 1060 Pontificatfis
2287 1018 2424 1063 Nostri

1387 1075 1510 1116 Anno
1536 1070 1803 1118 duodecimo.

1421 1188 1516 1258 Sig.
1531 1188 1615 1240 Pro
1627 1190 1740 1242 Retio
1765 1192 1828 1242 D.
1844 1192 1961 1244 Sum.
1997 1195 2059 1244 A.
2080 1191 2361 1263 Laffledinus
2377 1231 2390 1246 .

1736 1308 1868 1354 Caesar
1892 1311 2120 1356 Glorierius
2134 1341 2146 1354 .

1731 1374 1784 1414 A.
1806 1370 1860 1413 de
1885 1372 2064 1415 Alexiis.

1498 1489 1645 1548 Regist.
1670 1490 1778 1546 apud
1814 1490 2007 1547 Caefirem
2033 1493 2178 1532 secret.

1444 1608 1564 1649 Bulla
1578 1607 1765 1666 formata
1784 1608 1828 1649 in
1852 1606 2265 1652 Archivo‘Convt-ntas
2280 1636 2291 1648 .
2332 1608 2422 1653 Vide

1503 1666 1556 1716 ὼ
1582 1668 1696 1724 infra
1720 1668 1840 1709 aliam
1858 1668 1963 1722 petii
1975 1667 2228 1708 donationem
2258 1669 2423 1710 Fratri-

1500 1725 1570 1767 bus
1580 1725 1663 1783 βψ
1681 1724 1837 1768 Urbano
1854 1729 1958 1781 Papa
1981 1727 2011 1769 V
2011 1726 2082 1769 ΙΙΙ.
2095 1723 2257 1783 faft'am
2271 1754 2282 1766 .

1385 1965 1576 2028 Emptas
1605 1963 1631 2011 ὲ
1663 1962 1826 2012 Nobili
1858 1964 1999 2014 Clara
2028 1962 2085 2012 de
2111 1960 2421 2030 Modognanis

1455 2034 1610 2082 Vidua
1634 2033 1749 2082 aedes
1763 2069 1780 2091 ‚
1807 2031 1857 2083 ὅ(
1873 2032 2120 2083 aedificiain
2139 2037 2298 2100 Burgo
2317 2036 2420 2080 San-

1452 2103 1513 2152 &i
1532 2106 1703 2174 Angeli
1729 2105 1881 2154 Dioec.
1902 2104 2103 2154 Lauden.
2133 2103 2190 2153 ad
2222 2100 2422 2171 suppres-

1454 2172 1558 2224 sum
1591 2172 1924 2225 Monasterium
1954 2174 2129 2225 Sanfiae
2158 2175 2421 2242 Margaritae

1454 2245 1649 2294 Ordinis
1666 2245 1818 2296 Sanffl
1840 2245 2070 2306 Benedicti
2097 2246 2207 2294 alifis
2224 2242 2424 2312 spestan-

1450 2317 1515 2365 tia
1528 2351 1544 2374 ,
1571 2316 1628 2366 ad
1647 2314 1914 2366 Monasterii
1934 2313 2136 2365 formam
2160 2315 2348 2372 reduci,
2366 2332 2420 2364 ac

1453 2389 1683 2437 Moniales
1713 2389 1971 2454 Capucinas
1988 2387 2034 2435 in
2063 2386 2182 2445 hoc,
2211 2383 2418 2435 clausura

1453 2458 1689 2506 munitum
1705 2493 1721 2515 ,
1743 2457 1897 2506 induci
1914 2456 2123 2507 concedit
2138 2492 2155 2515 ‚
2179 2455 2228 2507 ὅ(
2241 2457 2421 2505 Monia·

1455 2527 1572 2578 libus
1589 2526 1665 2578 sub
1681 2526 1934 2577 vifitatione
1951 2527 2188 2579 Ordinarii
2205 2563 2222 2586 ,
2236 2525 2283 2577 ὅ(
2297 2531 2418 2578 Con-

1456 2596 1613 2648 feffore
1638 2600 1716 2650 vel
1753 2601 1974 2668 Regulari
2000 2635 2018 2657 ,
2059 2599 2135 2647 vel
2166 2598 2411 2655 Saeculari,

1452 2669 1716 2720 viventibus
1743 2705 1759 2728 ,
1781 2671 1938 2720 omnia
1967 2666 2160 2720 Ordinis
2192 2672 2240 2719 S.
2258 2669 2410 2718 Clarae

1453 2741 1697 2811 privilegia
1718 2741 2029 2791 communicat
2045 2775 2058 2788 .

1382 2885 1899 2938 GREGORIUS
1950 2881 2415 2936 EPISCOPUS

1639 3016 1788 3057 Servus
1825 3015 2044 3056 Servorum
2071 3011 2152 3055 Dei

1553 3142 1623 3187 Ad
1636 3152 1868 3199 perpetuam
1890 3141 1951 3186 rei
1978 3143 2237 3185 Memoriam.

1495 3260 1662 3303 Ebitum
1694 3261 1904 3306 Pastor-alis
1929 3260 2062 3304 officit
2091 3257 2222 3302 Nobis
2248 3268 2300 3297 ex
2320 3254 2408 3297 alto

1519 3317 1768 3364 commissum
1783 3321 1955 3378 requirit
1970 3322 2036 3372 ,&
2047 3322 2131 3362 Nos
2145 3315 2195 3358 ad
2215 3313 2255 3356 id
2274 3328 2413 3369 prom-

1373 3387 1466 3433 ptos
1481 3379 1632 3422 excitat
1644 3407 1658 3430 ,
1673 3388 1720 3422 ut
1734 3379 1785 3422 ad
1800 3393 1847 3422 ea
1862 3409 1877 3432 ‚
1892 3393 1964 3436 per
1978 3391 2062 3434 quae
2077 3374 2299 3433 prudentes
2317 3374 2414 3415 Vir-

1374 3436 1488 3491 gines
1507 3466 1521 3489 ‚
1542 3438 1581 3479 δι
1597 3438 1682 3481 aliae
1699 3439 1867 3481 honestae
1883 3436 2085 3481 Mulieres
2097 3461 2111 3484 ,
2128 3432 2274 3489 spretis
2293 3431 2412 3489 hujus

1372 3495 1413 3538 in
1421 3492 1551 3539 felicis
1566 3495 1689 3539 seculi
1701 3497 1908 3541 illecebris
1922 3523 1936 3547 ‚
1959 3495 1999 3536 δι
2012 3490 2209 3549 affumpto
2222 3491 2414 3546 Religio-

1375 3554 1433 3597 nis
1451 3554 1608 3598 Habitu
1621 3584 1636 3605 .
1666 3565 1908 3612 perpetuum
1934 3551 2134 3597 Altissimo
2162 3549 2412 3596 famulatum

1372 3613 1616 3670 impendere
1631 3643 1646 3666 ,
1663 3623 1938 3670 atter-namque
1951 3611 2248 3655 beatitudinem
2270 3611 2411 3654 conse-

1372 3674 1474 3715 Ctari
1489 3673 1651 3717 valeant
1666 3701 1680 3724 ‚
1709 3687 1754 3718 ac
1767 3672 1915 3716 exinde
1932 3672 2095 3715 honoris
2111 3671 2233 3714 flores
2252 3697 2268 3721 ,
2281 3671 2318 3712 &
2334 3669 2411 3712 ho-

1372 3732 1532 3775 nestatis
1549 3731 1699 3775 fruetus
1714 3758 1729 3785 ,
1758 3731 2029 3787 regularisque
2055 3732 2144 3773 vitae
2163 3726 2410 3786 propagatio

1372 3791 1647 3848 proveniant,
1671 3793 1880 3850 propeufis
1896 3791 2029 3848 studiis
2046 3790 2334 3854 intendamus?
2355 3798 2401 3828 ac

2311 3858 2353 3889 m
