2774 4068
982 173 1056 261 S.
1125 175 1220 262 P.
1286 179 1831 295 Francisci.

414 291 499 346 sub
520 289 835 360 jurisdiffione
858 285 1100 339 ordinarii
1125 293 1215 342 loci
1236 291 1378 347 serva.

412 366 489 425 ri,
523 364 713 417 Vicario
743 360 963 408 Generali
980 363 1237 413 committit
1257 400 1270 412 .

342 492 501 538 Dilene
546 487 649 535 Fato
694 484 844 531 vicario
889 488 973 531 Vm.
1002 488 1165 531 Fratris
1206 489 1379 546 Epistopi

454 548 584 605 Burgi
613 547 655 588 S.
673 544 946 647 sepagi'htssail}
956 544 1261 646 'spiritualibus

333 736 858 793 PAULus
941 734 1223 786 PAPA
1313 740 1371 787 V.

399 865 555 911 nne&
603 865 692 908 1³11}
711 864 886 908 Salutem
911 894 927 916 ,
960 863 1014 915 ά·
1039 859 1295 920 qustolt‘cam

686 924 994 967 Benedlfflonem
1005 951 1018 965 .

464 1054 632 1098 Ebitunt
663 1052 876 1097 Pastoralis
899 1051 1036 1097 Officii
1050 1052 1181 1096 Nobis
1212 1065 1264 1094 ex
1280 1049 1367 1093 alto

328 1056 449 1172 D
482 1111 670 1156 commiffi
694 1112 868 1168 requirit
885 1141 901 1164 ,
929 1113 968 1154 δι
992 1115 1081 1155 Nos
1104 1111 1156 1155 ad
1171 1111 1211 1153 id
1226 1124 1358 1165 prom.

355 1185 417 1215 tos
436 1173 590 1216 excitat
605 1200 622 1224 ,
650 1182 695 1215 ut
710 1170 762 1213 ad
777 1184 825 1214 ea
842 1199 858 1223 ,
888 1184 963 1227 per
983 1184 1069 1228 quae
1086 1169 1326 1213 Monasteria
1342 1196 1358 1221 ,

323 1187 364 1273 gt
390 1230 469 1275 alia
494 1231 697 1287 regularia
727 1229 816 1272 loca
842 1230 1057 1287 propagari
1087 1255 1103 1280 ,
1142 1242 1189 1270 ac
1218 1230 1256 1270 in
1288 1228 1348 1270 eis

319 1289 544 1347 prudentes
557 1291 744 1346 Virgines
758 1316 774 1340 ,
804 1291 947 1345 spretis
963 1288 1082 1345 hujus
1097 1284 1269 1330 infelicis
1287 1285 1349 1328 sae-

320 1347 403 1391 culi
431 1348 661 1399 illecebris,
684 1345 754 1392 sub
780 1348 887 1391 suavi
905 1347 1130 1404 Religionis
1156 1344 1277 1402 jugo,
1306 1346 1349 1386 δε

319 1405 462 1450 debita
483 1406 667 1451 clausura
679 1406 882 1451 Altiflimo
895 1405 1081 1450 famulari
1095 1435 1112 1457 ,
1135 1416 1346 1448 aeternam-

316 1480 398 1523 que
412 1466 713 1510 beatitudinem
740 1466 966 1522 promereri
993 1465 1182 1515 valeant,
1215 1464 1347 1507 liben-

317 1524 674 1578 terintendimus,
704 1525 746 1568 &
768 1525 809 1568 in
830 1526 891 1568 his
908 1523 1091 1581 ejusdem
1113 1522 1249 1566 officii
1273 1536 1348 1564 no-

316 1583 384 1627 stri
398 1595 535 1640 partes
559 1582 844 1627 favorabiliter
864 1583 1072 1640 interponi
1098 1581 1349 1634 mandamus,

315 1654 441 1745 prgut
468 1643 734 1700 conspicimus
765 1643 804 1684 in
826 1644 1006 1686 Domino
1032 1640 1253 1684 salubriter
1276 1654 1350 1683 ex-

397 1716 487 1745 ire.

374 1759 483 1804 Sane
497 1760 645 1806 dilecta
666 1762 707 1804 in
723 1761 886 1805 Christo
900 1760 1003 1804 Filia
1021 1759 1181 1804 Nobilis
1198 1757 1351 1801 Mulier

314 1819 519 1865 Christina
551 1823 575 1865 a
603 1820 835 1878 Lotaringia
859 1849 877 1872 ,
906 1820 948 1862 b.
978 1834 1034 1862 m.
1061 1816 1307 1863 Ferdinandi
1331 1841 1349 1862 s

311 1880 412 1926 dum
427 1879 526 1923 vixit
542 1909 558 1931 ,
589 1881 762 1923 Etruriae
782 1879 853 1923 fibi
867 1877 1048 1937 subjectae
1064 1878 1202 1934 Magni
1223 1874 1348 1920 Ducis

319 1938 453 1983 Vidua
468 1968 484 1990 ,
513 1939 553 1981 δι
576 1939 744 1982 Beatrix
765 1938 820 1983 de
835 1937 1104 1989 Crivellaris,
1122 1936 1346 1980 TertiiOr·

309 1997 415 2042 dinis
430 2000 471 2041 S.
486 1997 700 2048 francisci,
722 1999 762 2040 in
774 1997 917 2042 saeculo
936 1997 1079 2040 vivens
1096 2023 1111 2044 ‚
1127 1995 1253 2039 Nobis
1270 2007 1344 2036 nu-

308 2056 810 2163 &ifiait’a’z'fsssffi'i‘zi
824 2054 1343 2172 i„3;?}.22³;„s2313⁸2¹51

307 2175 423 2232 piens
461 2186 628 2217 terrena
651 2174 693 2216 in
718 2175 899 2220 coelestia
925 2202 940 2226 ,
979 2176 1021 2217 &
1047 2172 1277 2219 tranfitoria
1302 2173 1342 2218 in

309 2243 459 2277 aeterna
494 2233 602 2276 bona
629 2229 742 2276 felici
768 2236 1020 2277 commercio
1048 2240 1301 2277 commutare
1324 2254 1341 2277 ,

307 2292 350 2334 in
365 2291 609 2336 testamento
623 2304 697 2346 per
711 2293 815 2335 Eum
829 2291 999 2334 condito
1012 2318 1028 2342 2
1057 2291 1127 2334 sub
1141 2288 1254 2346 cujus
1266 2285 1345 2331 dis-

306 2351 507 2406 positione
531 2348 700 2392 deceffit
724 2351 775 2392 ab
803 2351 986 2393 humanis
1010 2377 1025 2401 ,
1055 2347 1275 2405 quemdam
1297 2344 1345 2387 fi-

308 2421 397 2452 tum
424 2423 517 2452 cum
542 2408 718 2457 aedibus,
748 2410 788 2455 δι
814 2409 941 2451 hortis
969 2409 1009 2451 in
1029 2407 1134 2453 ἀίἕὶι
1157 2407 1344 2449 Civitate

307 2467 510 2525 politum,
541 2466 593 2510 ad
621 2466 804 2511 effectum
832 2466 888 2510 ibi
910 2481 1032 2510 unum
1053 2465 1342 2509 Monasterium

303 2526 547 2571 Monialium
560 2555 577 2578 ,
607 2527 913 2580 Capucinarum
930 2524 1189 2581 nuncupanda
1198 2537 1340 2572 rum„

301 2585 563 2629 construendi
582 2583 780 2642 reliquit,
812 2587 854 2629 δι
875 2598 974 2640 opus
995 2586 1073 2628 hoc
1090 2589 1198 2638 pium
1226 2582 1340 2627 dittae.

301 2643 514 2687 christinae
532 2670 548 2693 2
575 2645 732 2699 Magnas
758 2642 923 2687 Duciffae
940 2672 955 2696 ,
980 2641 1286 2686 commendavit
1323 2668 1339 2690 ,

298 2712 422 2760 prout
458 2704 495 2747 in
523 2702 634 2745 disto
668 2702 914 2749 testamento
941 2702 1099 2758 plenius
1134 2698 1338 2742 contineri

297 2761 480 2813 dicitur,
511 2760 617 2804 dicta
637 2762 737 2804 vero
755 2762 959 2808 Christina
989 2774 1126 2807 curam
1141 2756 1340 2801 fundatio*

298 2821 359 2863 nis
376 2819 553 2875 praediviti
569 2819 802 2866 Monasterii
822 2849 837 2872 ,
866 2834 941 2875 pro
955 2833 1001 2863 ea
1013 2847 1030 2870 ,
1059 2817 1140 2875 qud
1154 2816 1233 2867 est,
1251 2815 1338 2870 pie·

298 2888 388 2921 tate
403 2877 583 2923 libenter
595 2875 808 2934 suscipiens
821 2907 835 2930 ,
866 2877 1092 2934 praedietam
1107 2875 1338 2918 Beatricem

296 2951 374 2993 pro
391 2935 563 2991 negotio
579 2931 829 2980 fundationis
855 2934 1077 2991 hujusmodi
1094 2931 1338 2984 inchoando,

296 2997 339 3039 δι
363 2991 651 3051 promovendo
687 2993 904 3038 destinavit
934 3021 950 3044 ,
980 2992 1142 3051 ipsaque
1170 2991 1334 3035 Beatrix

297 3053 399 3097 illuc
416 3049 596 3108 profeeta
624 3051 663 3093 in
692 3051 765 3095 (itu
781 3081 796 3103 ‚
825 3053 865 3093 ἃ.
886 3051 1035 3093 aedibus
1051 3079 1066 3102 ‚
1097 3065 1143 3092 ac
1171 3050 1333 3102 hortis,

296 3114 336 3155 &
361 3111 644 3168 adjacentibus
673 3110 871 3166 praediffis
895 3107 1019 3165 ipsum
1045 3108 1335 3151 monasterium

295 3185 348 3214 ex
364 3173 438 3227 piis
474 3182 557 3213 tam
591 3171 707 3225 ipfius
728 3169 943 3214 Christinae
967 3193 982 3215 ,
1011 3168 1134 3223 quam
1160 3165 1333 3211 aliorum

297 3228 637 3273 Christifidelium
675 3227 918 3283 elemosynis
944 3225 1125 3268 inchoari
1148 3253 1163 3276 ,
1192 3238 1238 3267 ac
1257 3227 1334 3267 Ec-

296 3287 456 3333 clefiam
470 3318 485 3341 ,
504 3286 781 3332 Refeflorium
794 3315 806 3337 ,
829 3288 870 3327 &
887 3283 1182 3328 Dormitorium
1196 3311 1211 3335 ,
1225 3283 1334 3326 mul-

297 3347 441 3404 tasque
475 3357 672 3404 praeterea
697 3344 876 3388 officinas
901 3371 916 3395 ‚
945 3345 986 3385 δι
1012 3341 1235 3386 clausuram
1257 3355 1334 3397 pro

2245 223 2281 278 1
2306 225 2336 278 1
2354 227 2405 305 9

1436 296 1645 353 multaque
1669 296 1808 354 populi
1834 293 1945 340 &61ae
1971 301 2165 348 Civitatis
2198 307 2465 356 edificatione

1437 356 1631 400 haetenus
1661 356 1799 399 vivere
1826 355 2118 413 perstiterunt,
2148 366 2188 404 δι
2208 369 2462 424 quamplures

1438 414 1526 458 aliae
1540 413 1708 460 Puella,
1723 414 1806 469 pari
1826 411 2051 470 Religionis
2067 420 2159 461 zelo
2181 422 2375 476 duftae‚ibi
2391 428 2469 470 ad-

1437 473 1549 516 mitti
1572 470 1844 516 instantissime
1860 482 2037 527 petunt,
2067 475 2304 533 elemosynae
2325 497 2464 529 ,utem

1437 531 1477 571 &
1488 530 1574 574 ³11·ae
1599 530 1759 584 piorum
1774 530 2112 576 christifidelium
2126 535 2384 591 elargitiones
2401 544 2466 587 di.

1435 590 1500 630 eto
1518 586 1769 654 Monasterio
1792 617 1805 640 ,
1835 589 1874 630 Gt
1898 588 2006 631 illius
2033 590 2186 634 Puellis
2224 598 2262 635 in
2295 611 2464 654 magog,

1433 645 1765 757 §23:135351‘52'3
1779 646 2465 762 {225235‘3¹22f2215d¹332'21231¹12

1433 759 1544 804 scuta
1572 771 1742 804 monetae
1762 762 1800 804 in
1826 761 2004 821 sumptus
2027 765 2187 809 sabricae
2212 767 2307 810 dieti
2326 774 2463 814 Mona-

1433 819 1539 863 sterii
1564 820 1835 882 expendenda
1846 852 1862 873 ‚
1875 834 2104 880 opportuna
2119 823 2367 871 liberalitate
2381 856 2395 879 ,
2424 831 2462 871 &

1428 876 1608 945 quaedam
1632 877 1712 944 alia
1734 879 1902 934 persona
1924 884 1988 937 pia
2008 883 2127 926 aliam
2157 884 2326 927 similem
2347 915 2361 938 ,
2394 888 2464 930 vel

1426 949 1551 981 etlam
1579 950 1772 992 majorem
1790 938 2007 991 summam,
2037 955 2124 998 quae
2147 944 2187 985 in
2211 945 2460 997 emptionem

1427 997 1628 1040 bonorum
1653 995 1851 1039 stabilium
1879 1013 1952 1054 pro
1978 998 2061 1053 ipso
2091 1000 2342 1045 Monasserio
2367 1018 2462 1046 ero-

1426 1055 1511 1112 gari
1525 1055 1677 1098 debeat
1691 1084 1710 1106 ,
1738 1055 1942 1100 donarunt
1959 1071 1974 1110 ;
1992 1058 2168 1115 hincque
2185 1059 2371 1103 futurum
2386 1063 2458 1112 est,

1417 1125 1460 1157 ut
1477 1127 1528 1157 ex
1543 1113 1809 1173 elemosynis,
1840 1117 1880 1159 δι
1903 1117 2214 1172 elargitionibus
2238 1119 2311 1174 piis
2326 1119 2459 1175 hujus-

1416 1172 1529 1216 modi
1552 1174 1689 1216 omnia
1704 1172 1753 1216 ad
1770 1176 1859 1217 vitae
1875 1175 2208 1221 sustentationem
2238 1177 2456 1221 neceffaria

1410 1232 1653 1276 Monialibus
1676 1232 1792 1288 ipfius
1808 1235 2058 1284 Monasserii,
2073 1249 2148 1291 pro
2166 1248 2354 1291 tempore
2369 1238 2455 1279 exi-

1407 1291 1630 1342 stentibus,
1655 1291 1814 1335 abunde
1849 1293 2007 1349 semper
2043 1293 2382 1350 suppeditentur,
2413 1298 2454 1337 δι

1406 1349 1525 1401 casu,
1556 1363 1636 1406 quo
1661 1350 1752 1393 illas
1768 1351 1902 1407 aliqua
1937 1351 2170 1396 neceffitate
2197 1354 2453 1410 quandoque

1406 1410 1537 1466 premi
1563 1409 1803 1464 contingat,
1839 1409 1987 1453 Dileeti
2005 1410 2098 1454 Filii
2131 1412 2318 1456 moderni
2334 1416 2452 1456 Con·

1407 1466 1558 1513 fratres
1573 1466 1936 1516 Confi-aternitatis
1955 1472 1996 1511 S-
2019 1471 2184 1522 Crucis,
2201 1471 2313 1516 distae
2329 1473 2450 1516 Civi-

1407 1528 1502 1571 tatis
1519 1554 1534 1577 ,
1549 1527 1589 1568 in
1613 1526 1917 1584 quibuscunque
1941 1528 2181 1572 earumdem
2207 1531 2449 1574 Monialium

1409 1585 1730 1632 ncceffitatibus,
1755 1600 1805 1628 ex
1831 1586 2057 1629 redditibus
2073 1615 2087 1638 ,
2117 1588 2158 1629 &
2180 1591 2448 1643 proventibus

1412 1645 1604 1702 praedic'tae
1631 1644 1995 1690 confraternitatis
2021 1673 2035 1695 ,
2078 1647 2147 1702 qui
2178 1647 2269 1689 satis
2299 1649 2447 1691 uberes

1412 1704 1584 1747 existunt
1609 1732 1626 1756 ,
1666 1706 1707 1745 &
1735 1703 1786 1745 ad
1811 1703 1850 1746 id
1874 1730 1888 1751 ,
1933 1718 1980 1747 ac
2002 1703 2052 1746 ad
2082 1705 2200 1748 solita
2228 1706 2449 1763 ejusdem

1411 1763 1775 1807 Confraternitatis
1793 1762 1924 1804 munia
1939 1788 1954 1810 ,
1984 1764 2024 1805 δι
2043 1778 2170 1807 onera
2184 1764 2447 1822 adimplenda

1408 1821 1635 1874 sufficiunt,
1665 1821 1908 1872 subvenire,
1938 1821 1987 1865 ad
2018 1821 2142 1878 idque
2169 1822 2278 1873 sese,
2307 1824 2451 1867 &suc-

1407 1879 1578 1926 ceffores
1593 1880 1679 1925 suos
1696 1879 1904 1939 ‚ejusdem
1931 1880 2300 1926 Confi-aternitatis
2330 1886 2445 1925 Con-

1405 1940 1567 1991 fratreS,
1582 1956 1660 1997 pro
1682 1950 1868 1995 tempore
1884 1939 2098 1985 existentes
2109 1971 2126 1992 ,
2138 1942 2270 1985 valide
2285 1942 2444 1997 obliga-

1404 2015 1453 2043 re
1472 2001 1600 2055 parati
1617 2000 1730 2042 sunt.
1762 2001 1817 2041 Et
1843 1998 1942 2041 ficut
1969 2000 2113 2043 eadem
2131 1999 2327 2059 expositio
2350 1999 2444 2043 sub-

1402 2057 1640 2118 jungebat,fi
1655 2058 1807 2100 distum
1819 2057 2110 2102 Monasterium
2124 2074 2174 2102 ex
2191 2071 2441 2115 nunc,prout

1403 2130 1455 2162 ex
1469 2116 1789 2173 tunc,postquam
1803 2114 1940 2158 debita
1953 2145 1969 2166 ,
1994 2118 2033 2158 δε
2055 2119 2310 2161 convenienti
2326 2118 2441 2160 clau-

1402 2177 1491 2220 sura
1518 2176 1715 2217 munitum
1733 2201 1749 2225 ,
1780 2172 2040 2229 omnibusque
2055 2176 2145 2218 aliis
2163 2178 2346 2231 partibus
2363 2178 2437 2219 suis

1406 2234 1635 2279 absolutum
1651 2231 1774 2275 fuerit
1789 2261 1804 2285 ‚
1835 2232 1874 2273 in
1889 2234 2178 2279 Monasterium
2194 2235 2437 2284 Monialium

1406 2293 1577 2337 Ordinis
1605 2292 1906 2349 Capucinarum
1939 2306 2013 2347 per
2037 2296 2123 2336 Nos
2164 2295 2395 2349 erigeretur
2421 2321 2437 2344 ,

1403 2356 1444 2397 &
1480 2352 1756 2394 institueretur
1781 2379 1795 2402 ,
1838 2365 1882 2395 ac
1912 2350 1990 2392 alia
2017 2379 2053 2403 „
2074 2366 2159 2407 quae
2186 2351 2437 2411 sequuntur,

1405 2411 1580 2461 fierent,
1610 2411 1650 2451 &
1667 2409 2018 2457 decernerentur,
2050 2412 2191 2465 procul
2211 2412 2336 2455 dubio
2361 2413 2435 2455 sta-

1405 2470 1466 2512 tui
1494 2498 1509 2520 ,
1539 2472 1576 2511 8ι
1605 2467 1808 2513 defiderio
1833 2467 2133 2523 quamplurium
2171 2472 2433 2526 ingenuarum

1401 2531 1441 2571 &
1466 2529 1622 2585 piarum
1644 2526 1881 2572 Puellarum
1907 2527 2018 2570 diftae
2043 2528 2235 2571 Civitatis
2263 2557 2278 2580 ,
2308 2528 2434 2571 illius-

1400 2601 1480 2642 que
1504 2587 1674 2637 decori,
1705 2587 1746 2627 δι
1773 2585 1944 2639 praedieti
1970 2585 2136 2627 Ordinis
2172 2589 2433 2643 propagatio·

1400 2649 1474 2697 ni,
1503 2660 1548 2688 ac
1564 2644 1693 2687 divini
1715 2644 1854 2684 cultus
1870 2669 1885 2693 ,
1915 2644 2128 2698 &piorum
2142 2657 2318 2698 operum
2334 2658 2428 2698 aug-

1400 2713 1541 2751 mento
1564 2700 1868 2743 consuleretur.

1456 2764 1596 2818 Qare
1618 2757 1815 2800 Chrinina
1830 2786 1846 2807 ,
1877 2757 1917 2798 δι
1932 2758 2092 2800 Beatrix
2108 2757 2326 2812 praedidae,
2341 2762 2426 2801 Νο-

1400 2820 1460 2864 bis
1487 2816 1695 2860 humiliter
1724 2813 1936 2871 supplicari
1965 2814 2152 2858 fecerunt
2180 2845 2195 2867 ,
2225 2829 2423 2873 quatenus

1396 2890 1535 2922 earum
1552 2904 1566 2927 ,
1597 2876 1634 2916 δι
1648 2874 1821 2918 aliorum
1848 2871 2030 2916 fidelium
2054 2875 2329 2930 praedic'torum
2348 2878 2422 2931 piis

1396 2934 1605 2980 defideriis
1620 2946 1796 2976 annuere
1812 2960 1827 2984 ,
1857 2931 2034 2988 aliasque
2054 2935 2093 2975 iu
2124 2933 2323 2988 praemissis
2347 2950 2422 2989 op·

1393 2991 1573 3053 portune
1598 2989 1819 3047 providere
1833 3018 1848 3043 ,
1861 2989 1915 3033 de
1926 2991 2175 3046 benignitate
2189 2991 2419 3051 Apostolica

1396 3054 1655 3109 dignaremur
1672 3078 1683 3091 .

1457 3115 1546 3155 Nos
1564 3110 1714 3164 igitur,
1745 3106 1816 3163 qui
1829 3105 2032 3153 Fidelium>
2054 3108 2329 3164 quorumlibet
2348 3122 2416 3148 vo-

1394 3178 1434 3217 ta
1451 3198 1467 3223 ,
1491 3168 1542 3213 ad
1557 3168 1717 3224 piorum
1731 3178 1903 3223 operum
1926 3167 2172 3211 incrementa
2189 3166 2415 3217 tendentia,

1393 3229 1443 3274 ad
1465 3226 1735 3271 exauditionis
1749 3224 1920 3278 gratiam
1938 3224 2115 3268 libenter
2135 3224 2413 3275 admittimus,

1395 3286 1642 3330 Christinam
1658 3312 1672 3335 ,
1702 3284 1740 3327 δε
1757 3283 1990 3326 Beatricem
2004 3284 2209 3342 praedictas
2222 3310 2236 3333 ,
2250 3296 2414 3325 earum·

1391 3359 1471 3403 que
1497 3343 1723 3402 quamlibet
1751 3341 1775 3386 i
1799 3342 2000 3397 quibusvis
2025 3341 2413 3385 excommunicatio-

297 3419 443 3462 magna
466 3406 579 3449 illius
603 3414 717 3462 parte
731 3404 876 3449 exstrui
906 3399 1005 3444 fecit
1020 3430 1036 3452 ,
1067 3400 1328 3457 ipsumque..-
1390 3404 1468 3455 nis,
1481 3401 1734 3461 suspenlionis
1749 3428 1765 3453 ,
1782 3401 2040 3444 &interdicti
2058 3430 2071 3452 ,
2086 3398 2251 3455 aliisque
2270 3399 2414 3445 Eccle-

294 3465 590 3509 Monallerium
614 3464 664 3506 ad
694 3478 785 3507 eum
816 3463 956 3505 statum
980 3460 1144 3504 reduxit
1167 3485 1182 3506 ‚
1213 3470 1259 3503 ut
1286 3467 1327 3501 ln
1389 3462 1548 3507 fiasticis
1570 3460 1777 3507 sententiis
1793 3489 1807 3512 ‚
1838 3459 2042 3510 censuris,
2073 3459 2244 3514 ἀρχαῖς
2261 3487 2275 3511 ,
2305 3461 2330 3504 ᾗ
2346 3457 2409 3515 ju.

293 3537 348 3564 eo
361 3538 440 3567 non
457 3523 715 3567 incommode
738 3523 909 3565 habitari
936 3518 1049 3573 ponit
1061 3546 1078 3570 ,
1109 3517 1268 3575 jamque
1287 3517 1328 3560 in
1388 3536 1433 3565 re
1446 3550 1462 3574 ,
1476 3522 1543 3567 vel
1558 3522 1608 3563 ab
1624 3519 1803 3570 homine,
1817 3519 1955 3575 quavis
1970 3517 2178 3559 occafione
2193 3545 2208 3569 ,
2230 3517 2294 3560 vel
2311 3531 2409 3561 cau-

294 3579 401 3624 illud
426 3581 580 3639 septem
612 3584 803 3641 Virgines
823 3580 1057 3630 saeculares,
1085 3576 1322 3634 praepotenti
1380 3578 1418 3623 sa
1453 3580 1543 3623 latis
1565 3607 1581 3632 ,
1623 3578 1649 3623 st
1675 3578 1821 3632 quibus
1862 3575 2170 3633 quomodolibet
2210 3575 2411 3620 innodatae

294 3642 391 3682 Deo
413 3641 484 3684 sub
512 3642 618 3687 suavi
633 3641 863 3695 Religionis
890 3640 985 3697 jugo
1009 3635 1194 3680 famulari
1217 3634 1323 3678 defi·
1378 3638 1620 3689 existant‚ad
1638 3635 1820 3679 effectum
1837 3634 2088 3690 proesentium
2103 3633 2299 3679 duntaxat
2310 3651 2406 3679 con·

296 3699 490 3742 derantet
503 3729 519 3750 ,
534 3701 773 3744 introductae
789 3700 877 3743 sunt
897 3727 910 3750 ,
926 3701 962 3740 &
980 3697 1035 3738 ibi
1052 3695 1120 3740 sub
1132 3708 1226 3737 cura
1241 3724 1256 3746 ,
1284 3696 1324 3737 &
1384 3697 1798 3753 sequendum,barum
1814 3694 1918 3735 serie
1933 3693 2187 3739 absolventes
2203 3722 2219 3746 ,
2239 3696 2276 3738 δι
2293 3693 2408 3737 abso-

293 3757 492 3813 gubernio
510 3757 621 3802 dissae
646 3760 842 3804 Beatricis
859 3772 950 3801 cum
966 3756 1093 3799 multo
1115 3753 1321 3811 exemplo,
1382 3755 1487 3801 lutas
1516 3754 1603 3799 sore
1630 3755 1871 3800 censentes,
1903 3751 2128 3811 hujusmodi
2146 3752 2405 3851 suppl-figario-

2228 3826 2265 3854 nl
2299 3824 2342 3851 [15
