<?xml version="1.0" encoding="UTF-8"?>
<!DOCTYPE html PUBLIC "-//W3C//DTD XHTML 1.0 Transitional//EN"
    "http://www.w3.org/TR/xhtml1/DTD/xhtml1-transitional.dtd">
<html xmlns="http://www.w3.org/1999/xhtml" xml:lang="en" lang="en">
 <head>
  <title>
</title>
<meta http-equiv="Content-Type" content="text/html;charset=utf-8" />
  <meta name='ocr-system' content='tesseract 3.04.00' />
  <meta name='ocr-capabilities' content='ocr_page ocr_carea ocr_par ocr_line ocrx_word'/>
</head>
<body>
  <div class='ocr_page' id='page_1' title='image "./bullariumordinis02cath/bullariumordinis02cath_0499.png"; bbox 0 0 2710 4108; ppageno 0'>
   <div class='ocr_carea' id='block_1_1' title="bbox 1132 173 1696 295">
    <p class='ocr_par' dir='ltr' id='par_1_1' title="bbox 1132 173 1696 295">
     <span class='ocr_line' id='line_1_1' title="bbox 1132 173 1696 295; baseline -0.007 -28"><span class='ocrx_word' id='word_1_1' title='bbox 1132 173 1696 295; x_wconf 34' lang='lat' dir='ltr'>Corsissciae.</span> 
     </span>
    </p>
   </div>
   <div class='ocr_carea' id='block_1_2' title="bbox 266 286 1295 641">
    <p class='ocr_par' dir='ltr' id='par_1_2' title="bbox 266 286 1295 641">
     <span class='ocr_line' id='line_1_2' title="bbox 267 286 1295 350; baseline 0 -12"><span class='ocrx_word' id='word_1_2' title='bbox 267 294 368 338; x_wconf 78' lang='lat' dir='ltr'>firnae</span> <span class='ocrx_word' id='word_1_3' title='bbox 383 291 635 349; x_wconf 66' lang='lat' dir='ltr'>Reipublicaa</span> <span class='ocrx_word' id='word_1_4' title='bbox 659 286 863 350; x_wconf 75' lang='lat' dir='ltr'>Januenfia</span> <span class='ocrx_word' id='word_1_5' title='bbox 878 315 892 339; x_wconf 93' lang='lat'>,</span> <span class='ocrx_word' id='word_1_6' title='bbox 922 289 1042 345; x_wconf 75' lang='lat' dir='ltr'>quam</span> <span class='ocrx_word' id='word_1_7' title='bbox 1066 289 1207 336; x_wconf 80' lang='lat' dir='ltr'>debita</span> <span class='ocrx_word' id='word_1_8' title='bbox 1232 294 1295 337; x_wconf 84' lang='lat' dir='ltr'>di-</span> 
     </span>
     <span class='ocr_line' id='line_1_3' title="bbox 266 347 1293 404; baseline -0.001 -8"><span class='ocrx_word' id='word_1_9' title='bbox 266 352 409 396; x_wconf 74' lang='lat' dir='ltr'>stantia</span> <span class='ocrx_word' id='word_1_10' title='bbox 438 351 654 402; x_wconf 85' lang='lat' dir='ltr'>locorum,</span> <span class='ocrx_word' id='word_1_11' title='bbox 685 350 725 391; x_wconf 84' lang='lat' dir='ltr'>in</span> <span class='ocrx_word' id='word_1_12' title='bbox 749 347 894 404; x_wconf 80' lang='lat' dir='ltr'>quibus</span> <span class='ocrx_word' id='word_1_13' title='bbox 922 349 989 390; x_wconf 90' lang='lat' dir='ltr'>alii</span> <span class='ocrx_word' id='word_1_14' title='bbox 1018 349 1293 404; x_wconf 76' lang='lat' dir='ltr'>Conventus,</span> 
     </span>
     <span class='ocr_line' id='line_1_4' title="bbox 266 406 1290 471; baseline -0.004 -15"><span class='ocrx_word' id='word_1_15' title='bbox 266 413 412 471; x_wconf 83' lang='lat' dir='ltr'>quibus</span> <span class='ocrx_word' id='word_1_16' title='bbox 435 409 538 453; x_wconf 68' lang='lat' dir='ltr'>dict·</span> <span class='ocrx_word' id='word_1_17' title='bbox 554 406 737 451; x_wconf 82' lang='lat' dir='ltr'>fundatio</span> <span class='ocrx_word' id='word_1_18' title='bbox 762 406 1025 462; x_wconf 68' lang='lat' dir='ltr'>prejudicare</span> <span class='ocrx_word' id='word_1_19' title='bbox 1039 406 1166 463; x_wconf 74' lang='lat' dir='ltr'>posset</span> <span class='ocrx_word' id='word_1_20' title='bbox 1183 425 1290 461; x_wconf 90' lang='lat' dir='ltr'>,non</span> 
     </span>
     <span class='ocr_line' id='line_1_5' title="bbox 266 464 1290 527; baseline -0.002 -15"><span class='ocrx_word' id='word_1_21' title='bbox 266 468 526 527; x_wconf 75' lang='lat' dir='ltr'>reperiuntur</span> <span class='ocrx_word' id='word_1_22' title='bbox 545 492 560 515; x_wconf 87' lang='lat'><strong>‚</strong></span> <span class='ocrx_word' id='word_1_23' title='bbox 601 468 799 510; x_wconf 81' lang='lat' dir='ltr'>Oratores</span> <span class='ocrx_word' id='word_1_24' title='bbox 830 467 915 508; x_wconf 70' lang='lat' dir='ltr'>EF..</span> <span class='ocrx_word' id='word_1_25' title='bbox 944 464 1037 506; x_wconf 89' lang='lat' dir='ltr'>VV.</span> <span class='ocrx_word' id='word_1_26' title='bbox 1062 465 1290 522; x_wconf 84' lang='lat' dir='ltr'>supplicant</span> 
     </span>
     <span class='ocr_line' id='line_1_6' title="bbox 267 523 1293 590; baseline -0.003 -19"><span class='ocrx_word' id='word_1_27' title='bbox 267 544 344 590; x_wconf 77' lang='lat' dir='ltr'>pro</span> <span class='ocrx_word' id='word_1_28' title='bbox 356 523 625 580; x_wconf 78' lang='lat' dir='ltr'>benigniffima</span> <span class='ocrx_word' id='word_1_29' title='bbox 649 523 840 568; x_wconf 86' lang='lat' dir='ltr'>facultate</span> <span class='ocrx_word' id='word_1_30' title='bbox 865 536 1012 567; x_wconf 83' lang='lat' dir='ltr'>novum</span> <span class='ocrx_word' id='word_1_31' title='bbox 1027 526 1293 569; x_wconf 82' lang='lat' dir='ltr'>conventum</span> 
     </span>
     <span class='ocr_line' id='line_1_7' title="bbox 273 582 1053 641; baseline -0.012 -8"><span class='ocrx_word' id='word_1_32' title='bbox 273 585 435 633; x_wconf 64' lang='lat' dir='ltr'>indicta</span> <span class='ocrx_word' id='word_1_33' title='bbox 450 593 565 627; x_wconf 85' lang='lat' dir='ltr'>terra</span> <span class='ocrx_word' id='word_1_34' title='bbox 586 582 797 640; x_wconf 71' lang='lat' dir='ltr'>erigendi.</span> <span class='ocrx_word' id='word_1_35' title='bbox 826 585 961 641; x_wconf 86' lang='lat' dir='ltr'>Quam</span> <span class='ocrx_word' id='word_1_36' title='bbox 972 582 1053 625; x_wconf 74' lang='grc' dir='ltr'>διε.</span> 
     </span>
    </p>
   </div>
   <div class='ocr_carea' id='block_1_3' title="bbox 259 696 1304 2050">
    <p class='ocr_par' dir='ltr' id='par_1_3' title="bbox 259 696 1304 2050">
     <span class='ocr_line' id='line_1_8' title="bbox 323 696 1294 758; baseline -0.007 -10"><span class='ocrx_word' id='word_1_37' title='bbox 323 707 446 748; x_wconf 75' lang='lat' dir='ltr'>saera</span> <span class='ocrx_word' id='word_1_38' title='bbox 484 703 742 758; x_wconf 72' lang='lat' dir='ltr'>congregatio</span> <span class='ocrx_word' id='word_1_39' title='bbox 776 696 1164 757; x_wconf 66' lang='lat' dir='ltr'>Eminentifflmrun</span> <span class='ocrx_word' id='word_1_40' title='bbox 1189 725 1206 750; x_wconf 85' lang='lat'>,</span> <span class='ocrx_word' id='word_1_41' title='bbox 1243 700 1294 748; x_wconf 63' lang='grc' dir='ltr'>ζῇ·</span> 
     </span>
     <span class='ocr_line' id='line_1_9' title="bbox 268 758 1296 816; baseline -0.006 -10"><span class='ocrx_word' id='word_1_42' title='bbox 268 758 670 816; x_wconf 68' lang='lat' dir='ltr'>Reuerendffrnorun</span> <span class='ocrx_word' id='word_1_43' title='bbox 698 763 739 803; x_wconf 80' lang='lat' dir='ltr'>S.</span> <span class='ocrx_word' id='word_1_44' title='bbox 769 763 814 804; x_wconf 85' lang='lat' dir='ltr'>R·</span> <span class='ocrx_word' id='word_1_45' title='bbox 839 762 884 803; x_wconf 81' lang='grc' dir='ltr'>Β.</span> <span class='ocrx_word' id='word_1_46' title='bbox 915 758 1191 802; x_wconf 64' lang='lat' dir='ltr'>cardi-aliam</span> <span class='ocrx_word' id='word_1_47' title='bbox 1227 772 1296 801; x_wconf 81' lang='lat' dir='ltr'>ne·</span> 
     </span>
     <span class='ocr_line' id='line_1_10' title="bbox 259 815 1294 882; baseline -0.008 -17"><span class='ocrx_word' id='word_1_48' title='bbox 259 821 381 882; x_wconf 73' lang='lat' dir='ltr'>gatils</span> <span class='ocrx_word' id='word_1_49' title='bbox 396 847 411 871; x_wconf 87' lang='lat'>,</span> <span class='ocrx_word' id='word_1_50' title='bbox 441 817 497 869; x_wconf 75' lang='grc' dir='ltr'>ὸ·</span> <span class='ocrx_word' id='word_1_51' title='bbox 531 816 870 877; x_wconf 68' lang='lat' dir='ltr'>consaltanuibur</span> <span class='ocrx_word' id='word_1_52' title='bbox 904 815 1172 873; x_wconf 72' lang='lat' dir='ltr'>Bpifioporum</span> <span class='ocrx_word' id='word_1_53' title='bbox 1197 844 1214 868; x_wconf 94' lang='lat'>,</span> <span class='ocrx_word' id='word_1_54' title='bbox 1244 817 1294 866; x_wconf 58' lang='grc' dir='ltr'>ὅ</span> 
     </span>
     <span class='ocr_line' id='line_1_11' title="bbox 267 874 1294 945; baseline -0.008 -19"><span class='ocrx_word' id='word_1_55' title='bbox 267 875 526 945; x_wconf 61' lang='grc' dir='ltr'>λεεωδονξιικ</span> <span class='ocrx_word' id='word_1_56' title='bbox 543 876 777 934; x_wconf 72' lang='lat' dir='ltr'>Prepest&#39;ta,</span> <span class='ocrx_word' id='word_1_57' title='bbox 799 884 956 919; x_wconf 76' lang='lat' dir='ltr'>attenta</span> <span class='ocrx_word' id='word_1_58' title='bbox 979 878 1168 918; x_wconf 66' lang='lat' dir='ltr'>relatione</span> <span class='ocrx_word' id='word_1_59' title='bbox 1186 874 1294 933; x_wconf 69' lang='lat' dir='ltr'>Epist</span> 
     </span>
     <span class='ocr_line' id='line_1_12' title="bbox 266 933 1293 1053; baseline -0.009 -10"><span class='ocrx_word' id='word_1_60' title='bbox 266 951 333 1043; x_wconf 58' lang='lat'>512²</span> <span class='ocrx_word' id='word_1_61' title='bbox 333 944 355 1050; x_wconf 73' lang='lat'>²,</span> <span class='ocrx_word' id='word_1_62' title='bbox 377 933 1293 1053; x_wconf 52' lang='grc' dir='ltr'>’,ἴΐχῖιὶ”ὶῗ,ἑίῖῖἕῖξέἴῖᾜίίῖἴὲᾏῗὲὶέἶῧῖὶ</span> 
     </span>
     <span class='ocr_line' id='line_1_13' title="bbox 270 1052 1293 1110; baseline -0.008 -9"><span class='ocrx_word' id='word_1_63' title='bbox 270 1058 435 1101; x_wconf 68' lang='lat' dir='ltr'>Decreel</span> <span class='ocrx_word' id='word_1_64' title='bbox 467 1062 598 1095; x_wconf 78' lang='lat' dir='ltr'>tenore</span> <span class='ocrx_word' id='word_1_65' title='bbox 621 1057 831 1110; x_wconf 67' lang='lat' dir='ltr'>commum</span> <span class='ocrx_word' id='word_1_66' title='bbox 858 1052 975 1095; x_wconf 73' lang='lat' dir='ltr'>eidem</span> <span class='ocrx_word' id='word_1_67' title='bbox 999 1053 1214 1110; x_wconf 68' lang='lat' dir='ltr'>Epistrop03</span> <span class='ocrx_word' id='word_1_68' title='bbox 1246 1060 1293 1094; x_wconf 83' lang='lat' dir='ltr'>ut</span> 
     </span>
     <span class='ocr_line' id='line_1_14' title="bbox 269 1108 1291 1171; baseline -0.011 -10"><span class='ocrx_word' id='word_1_69' title='bbox 269 1116 371 1161; x_wconf 70' lang='lat' dir='ltr'>aeris</span> <span class='ocrx_word' id='word_1_70' title='bbox 388 1110 633 1171; x_wconf 64' lang='lat' dir='ltr'>existentibus</span> <span class='ocrx_word' id='word_1_71' title='bbox 658 1122 837 1154; x_wconf 70' lang='lat' dir='ltr'>narratas</span> <span class='ocrx_word' id='word_1_72' title='bbox 861 1141 875 1164; x_wconf 92' lang='lat'>,</span> <span class='ocrx_word' id='word_1_73' title='bbox 912 1109 966 1161; x_wconf 65' lang='grc' dir='ltr'><strong>ἀ</strong></span> <span class='ocrx_word' id='word_1_74' title='bbox 989 1110 1190 1169; x_wconf 83' lang='lat' dir='ltr'>postquam</span> <span class='ocrx_word' id='word_1_75' title='bbox 1206 1108 1291 1170; x_wconf 74' lang='lat' dir='ltr'>fibi</span> 
     </span>
     <span class='ocr_line' id='line_1_15' title="bbox 270 1168 1291 1231; baseline -0.006 -14"><span class='ocrx_word' id='word_1_76' title='bbox 270 1172 512 1231; x_wconf 61' lang='lat' dir='ltr'>conflixerit,</span> <span class='ocrx_word' id='word_1_77' title='bbox 528 1168 734 1229; x_wconf 72' lang='lat' dir='ltr'>fabricam</span> <span class='ocrx_word' id='word_1_78' title='bbox 757 1170 854 1212; x_wconf 65' lang='lat' dir='ltr'>dmi</span> <span class='ocrx_word' id='word_1_79' title='bbox 869 1174 1083 1215; x_wconf 73' lang='lat' dir='ltr'><em>cenventus</em></span> <span class='ocrx_word' id='word_1_80' title='bbox 1108 1183 1194 1214; x_wconf 76' lang='lat' dir='ltr'>cum</span> <span class='ocrx_word' id='word_1_81' title='bbox 1220 1173 1291 1213; x_wconf 77' lang='lat' dir='ltr'>Ec-</span> 
     </span>
     <span class='ocr_line' id='line_1_16' title="bbox 270 1227 1295 1290; baseline -0.002 -18"><span class='ocrx_word' id='word_1_82' title='bbox 270 1229 382 1290; x_wconf 71' lang='lat' dir='ltr'>alesta</span> <span class='ocrx_word' id='word_1_83' title='bbox 412 1258 428 1282; x_wconf 91' lang='lat'>,</span> <span class='ocrx_word' id='word_1_84' title='bbox 458 1227 681 1284; x_wconf 75' lang='lat' dir='ltr'><em>campanili</em></span> <span class='ocrx_word' id='word_1_85' title='bbox 703 1259 720 1281; x_wconf 90' lang='lat'>,</span> <span class='ocrx_word' id='word_1_86' title='bbox 751 1228 874 1273; x_wconf 81' lang='lat' dir='ltr'>cboro</span> <span class='ocrx_word' id='word_1_87' title='bbox 899 1257 914 1281; x_wconf 84' lang='lat'>,</span> <span class='ocrx_word' id='word_1_88' title='bbox 929 1227 1117 1287; x_wconf 72' lang='lat' dir='ltr'>fica-aria</span> <span class='ocrx_word' id='word_1_89' title='bbox 1146 1255 1163 1279; x_wconf 87' lang='lat'>,</span> <span class='ocrx_word' id='word_1_90' title='bbox 1190 1242 1234 1272; x_wconf 80' lang='lat' dir='ltr'>re</span> <span class='ocrx_word' id='word_1_91' title='bbox 1257 1242 1295 1270; x_wconf 85' lang='lat' dir='ltr'>e·</span> 
     </span>
     <span class='ocr_line' id='line_1_17' title="bbox 270 1285 1294 1344; baseline -0.007 -8"><span class='ocrx_word' id='word_1_92' title='bbox 270 1289 420 1341; x_wconf 56' lang='lat' dir='ltr'>Ratio,</span> <span class='ocrx_word' id='word_1_93' title='bbox 449 1287 676 1331; x_wconf 65' lang='lat' dir='ltr'>dormitorio</span> <span class='ocrx_word' id='word_1_94' title='bbox 688 1317 704 1340; x_wconf 87' lang='lat'>,</span> <span class='ocrx_word' id='word_1_95' title='bbox 732 1286 855 1329; x_wconf 71' lang='lat' dir='ltr'>bor-tii</span> <span class='ocrx_word' id='word_1_96' title='bbox 872 1317 887 1340; x_wconf 89' lang='lat'>‚</span> <span class='ocrx_word' id='word_1_97' title='bbox 916 1285 1099 1344; x_wconf 63' lang='lat' dir='ltr'>afficitur,</span> <span class='ocrx_word' id='word_1_98' title='bbox 1130 1287 1179 1336; x_wconf 70' lang='lat'>(5</span> <span class='ocrx_word' id='word_1_99' title='bbox 1248 1299 1294 1329; x_wconf 90' lang='lat' dir='ltr'>a-</span> 
     </span>
     <span class='ocr_line' id='line_1_18' title="bbox 271 1344 1295 1404; baseline -0.006 -10"><span class='ocrx_word' id='word_1_100' title='bbox 271 1350 342 1394; x_wconf 68' lang='lat' dir='ltr'>ttis·</span> <span class='ocrx_word' id='word_1_101' title='bbox 353 1344 702 1391; x_wconf 72' lang='lat' dir='ltr'>numerisomnibus</span> <span class='ocrx_word' id='word_1_102' title='bbox 716 1345 1012 1404; x_wconf 70' lang='lat' dir='ltr'>ffabfalatam</span> <span class='ocrx_word' id='word_1_103' title='bbox 1030 1374 1045 1398; x_wconf 91' lang='lat'>‚</span> <span class='ocrx_word' id='word_1_104' title='bbox 1078 1345 1129 1397; x_wconf 66' lang='grc' dir='ltr'>ἀ</span> <span class='ocrx_word' id='word_1_105' title='bbox 1161 1347 1295 1402; x_wconf 79' lang='lat' dir='ltr'>appel-</span> 
     </span>
     <span class='ocr_line' id='line_1_19' title="bbox 270 1403 1294 1471; baseline -0.004 -20"><span class='ocrx_word' id='word_1_106' title='bbox 270 1406 394 1453; x_wconf 69' lang='lat' dir='ltr'>IeHiln&#39;</span> <span class='ocrx_word' id='word_1_107' title='bbox 416 1414 497 1447; x_wconf 78' lang='lat' dir='ltr'>tam</span> <span class='ocrx_word' id='word_1_108' title='bbox 519 1404 644 1462; x_wconf 71' lang='lat' dir='ltr'>sacra</span> <span class='ocrx_word' id='word_1_109' title='bbox 659 1433 674 1456; x_wconf 89' lang='lat'>,</span> <span class='ocrx_word' id='word_1_110' title='bbox 704 1418 819 1460; x_wconf 82' lang='lat' dir='ltr'>quam</span> <span class='ocrx_word' id='word_1_111' title='bbox 834 1403 1037 1471; x_wconf 63' lang='lat' dir='ltr'>prophana</span> <span class='ocrx_word' id='word_1_112' title='bbox 1054 1404 1108 1459; x_wconf 87' lang='lat' dir='ltr'>su</span> <span class='ocrx_word' id='word_1_113' title='bbox 1150 1406 1294 1447; x_wconf 77' lang='lat' dir='ltr'>ct‘enter</span> 
     </span>
     <span class='ocr_line' id='line_1_20' title="bbox 265 1463 1299 1580; baseline -0.013 -10"><span class='ocrx_word' id='word_1_114' title='bbox 265 1463 547 1570; x_wconf 52' lang='grc' dir='ltr'>’έιᾜῗῖΐῑίὶ</span> <span class='ocrx_word' id='word_1_115' title='bbox 562 1463 1299 1580; x_wconf 55' lang='grc' dir='ltr'>3Ζὶἕῖἴεῖῗίζῖἶὲοῧὲῗῆἔῖἕζὲῥ</span> 
     </span>
     <span class='ocr_line' id='line_1_21' title="bbox 274 1579 1300 1640; baseline -0.005 -12"><span class='ocrx_word' id='word_1_116' title='bbox 274 1583 383 1628; x_wconf 66' lang='lat' dir='ltr'>aad?</span> <span class='ocrx_word' id='word_1_117' title='bbox 393 1580 615 1640; x_wconf 74' lang='lat' dir='ltr'>stestentarr‘</span> <span class='ocrx_word' id='word_1_118' title='bbox 627 1579 765 1638; x_wconf 81' lang='lat' dir='ltr'>pofflnt</span> <span class='ocrx_word' id='word_1_119' title='bbox 779 1581 856 1632; x_wconf 85' lang='lat' dir='ltr'>‚ad</span> <span class='ocrx_word' id='word_1_120' title='bbox 871 1580 1038 1636; x_wconf 77' lang='lat' dir='ltr'>petitam</span> <span class='ocrx_word' id='word_1_121' title='bbox 1059 1581 1300 1632; x_wconf 71' lang='lat' dir='ltr'>ereHianem,</span> 
     </span>
     <span class='ocr_line' id='line_1_22' title="bbox 276 1638 1300 1696; baseline -0.002 -12"><span class='ocrx_word' id='word_1_122' title='bbox 276 1643 331 1694; x_wconf 74' lang='lat'>&lt;9-</span> <span class='ocrx_word' id='word_1_123' title='bbox 355 1640 638 1696; x_wconf 63' lang='lat' dir='ltr'>Religiosarum</span> <span class='ocrx_word' id='word_1_124' title='bbox 668 1638 950 1696; x_wconf 59' lang='lat' dir='ltr'>pra-diffamia</span> <span class='ocrx_word' id='word_1_125' title='bbox 980 1639 1300 1683; x_wconf 61' lang='lat' dir='ltr'>introduffionem</span> 
     </span>
     <span class='ocr_line' id='line_1_23' title="bbox 269 1697 1301 1758; baseline -0.002 -16"><span class='ocrx_word' id='word_1_126' title='bbox 269 1699 431 1758; x_wconf 74' lang='lat' dir='ltr'>profiaa</span> <span class='ocrx_word' id='word_1_127' title='bbox 445 1697 629 1741; x_wconf 74' lang='lat' dir='ltr'>Arbitrio</span> <span class='ocrx_word' id='word_1_128' title='bbox 641 1727 658 1749; x_wconf 90' lang='lat'>,</span> <span class='ocrx_word' id='word_1_129' title='bbox 688 1699 735 1746; x_wconf 69' lang='grc' dir='ltr'>θ’</span> <span class='ocrx_word' id='word_1_130' title='bbox 748 1697 974 1755; x_wconf 78' lang='lat' dir='ltr'>canfiiemia</span> <span class='ocrx_word' id='word_1_131' title='bbox 992 1698 1174 1754; x_wconf 82' lang='lat' dir='ltr'>procedat</span> <span class='ocrx_word' id='word_1_132' title='bbox 1194 1711 1208 1741; x_wconf 74' lang='grc' dir='ltr'><strong><em>ε</em></strong></span> <span class='ocrx_word' id='word_1_133' title='bbox 1238 1701 1301 1741; x_wconf 82' lang='lat' dir='ltr'>lta</span> 
     </span>
     <span class='ocr_line' id='line_1_24' title="bbox 276 1755 1302 1812; baseline -0.001 -12"><span class='ocrx_word' id='word_1_134' title='bbox 276 1769 407 1804; x_wconf 79' lang='lat' dir='ltr'>tamen</span> <span class='ocrx_word' id='word_1_135' title='bbox 429 1785 444 1809; x_wconf 94' lang='lat'>,</span> <span class='ocrx_word' id='word_1_136' title='bbox 474 1766 521 1800; x_wconf 78' lang='lat' dir='ltr'>ut</span> <span class='ocrx_word' id='word_1_137' title='bbox 546 1769 591 1797; x_wconf 88' lang='lat' dir='ltr'>ea</span> <span class='ocrx_word' id='word_1_138' title='bbox 612 1755 742 1799; x_wconf 82' lang='lat' dir='ltr'>amnia</span> <span class='ocrx_word' id='word_1_139' title='bbox 766 1784 780 1808; x_wconf 93' lang='lat'>,</span> <span class='ocrx_word' id='word_1_140' title='bbox 809 1770 896 1812; x_wconf 77' lang='lat' dir='ltr'>que</span> <span class='ocrx_word' id='word_1_141' title='bbox 911 1765 986 1812; x_wconf 84' lang='lat' dir='ltr'>per</span> <span class='ocrx_word' id='word_1_142' title='bbox 1013 1760 1147 1798; x_wconf 84' lang='lat' dir='ltr'><em>Sacros</em></span> <span class='ocrx_word' id='word_1_143' title='bbox 1178 1760 1302 1800; x_wconf 86' lang='lat' dir='ltr'>Cano-</span> 
     </span>
     <span class='ocr_line' id='line_1_25' title="bbox 278 1813 1304 1873; baseline 0 -14"><span class='ocrx_word' id='word_1_144' title='bbox 278 1831 342 1861; x_wconf 76' lang='lat' dir='ltr'>nes</span> <span class='ocrx_word' id='word_1_145' title='bbox 359 1846 373 1867; x_wconf 83' lang='lat'>‚</span> <span class='ocrx_word' id='word_1_146' title='bbox 388 1814 677 1873; x_wconf 70' lang='lat' dir='ltr'>Constituiianes</span> <span class='ocrx_word' id='word_1_147' title='bbox 694 1813 922 1871; x_wconf 77' lang='lat' dir='ltr'>Apostolicas</span> <span class='ocrx_word' id='word_1_148' title='bbox 935 1843 951 1865; x_wconf 88' lang='lat'>,</span> <span class='ocrx_word' id='word_1_149' title='bbox 983 1816 1031 1863; x_wconf 71' lang='lat'>(9⁶</span> <span class='ocrx_word' id='word_1_150' title='bbox 1055 1815 1210 1859; x_wconf 74' lang='lat' dir='ltr'>Ordinis</span> <span class='ocrx_word' id='word_1_151' title='bbox 1225 1818 1304 1859; x_wconf 75' lang='lat' dir='ltr'>cir·</span> 
     </span>
     <span class='ocr_line' id='line_1_26' title="bbox 278 1873 1303 1932; baseline -0.002 -13"><span class='ocrx_word' id='word_1_152' title='bbox 278 1889 326 1919; x_wconf 83' lang='lat' dir='ltr'>ca</span> <span class='ocrx_word' id='word_1_153' title='bbox 350 1873 566 1932; x_wconf 72' lang='lat' dir='ltr'>hujusmodi</span> <span class='ocrx_word' id='word_1_154' title='bbox 587 1886 770 1916; x_wconf 84' lang='lat' dir='ltr'>navorum</span> <span class='ocrx_word' id='word_1_155' title='bbox 793 1878 1053 1917; x_wconf 77' lang='lat' dir='ltr'><em>conventuum</em></span> <span class='ocrx_word' id='word_1_156' title='bbox 1077 1874 1303 1917; x_wconf 63' lang='lat' dir='ltr'>cremonem</span> 
     </span>
     <span class='ocr_line' id='line_1_27' title="bbox 274 1930 1302 1998; baseline -0.001 -20"><span class='ocrx_word' id='word_1_157' title='bbox 274 1933 512 1998; x_wconf 52' lang='lat' dir='ltr'>prestristta</span> <span class='ocrx_word' id='word_1_158' title='bbox 520 1932 625 1989; x_wconf 77' lang='lat' dir='ltr'>stent</span> <span class='ocrx_word' id='word_1_159' title='bbox 643 1958 658 1982; x_wconf 95' lang='lat'>,</span> <span class='ocrx_word' id='word_1_160' title='bbox 689 1930 1102 1990; x_wconf 75' lang='lat' dir='ltr'>Religiosc‘firventur</span> <span class='ocrx_word' id='word_1_161' title='bbox 1127 1962 1140 1974; x_wconf 86' lang='lat'><em>.</em></span> <span class='ocrx_word' id='word_1_162' title='bbox 1171 1935 1302 1979; x_wconf 72' lang='lat' dir='ltr'>Rome</span> 
     </span>
     <span class='ocr_line' id='line_1_28' title="bbox 281 1993 661 2050; baseline 0 -19"><span class='ocrx_word' id='word_1_163' title='bbox 281 2005 351 2050; x_wconf 85' lang='lat'>30.</span> <span class='ocrx_word' id='word_1_164' title='bbox 371 1993 518 2048; x_wconf 77' lang='lat' dir='ltr'>Aprtln</span> <span class='ocrx_word' id='word_1_165' title='bbox 540 2003 661 2041; x_wconf 89' lang='grc' dir='ltr'><strong><em>ι7ι7.</em></strong></span> 
     </span>
    </p>
   </div>
   <div class='ocr_carea' id='block_1_4' title="bbox 418 2107 1189 2294">
    <p class='ocr_par' dir='ltr' id='par_1_4' title="bbox 418 2107 1189 2294">
     <span class='ocr_line' id='line_1_29' title="bbox 418 2107 1088 2163; baseline 0.009 -6"><span class='ocrx_word' id='word_1_166' title='bbox 418 2108 669 2158; x_wconf 73' lang='lat' dir='ltr'><em>ferdinandi</em></span> <span class='ocrx_word' id='word_1_167' title='bbox 691 2109 819 2160; x_wconf 82' lang='lat' dir='ltr'>Card.</span> <span class='ocrx_word' id='word_1_168' title='bbox 841 2110 892 2160; x_wconf 83' lang='lat' dir='ltr'>de</span> <span class='ocrx_word' id='word_1_169' title='bbox 909 2107 1061 2159; x_wconf 72' lang='lat' dir='ltr'>Abdita</span> <span class='ocrx_word' id='word_1_170' title='bbox 1072 2145 1088 2163; x_wconf 73' lang='lat'>0</span> 
     </span>
     <span class='ocr_line' id='line_1_30' title="bbox 653 2236 1189 2294; baseline 0 -17"><span class='ocrx_word' id='word_1_171' title='bbox 653 2237 703 2289; x_wconf 76' lang='lat'>⁴]-</span> <span class='ocrx_word' id='word_1_172' title='bbox 722 2236 900 2293; x_wconf 82' lang='lat' dir='ltr'>Arcbiep.</span> <span class='ocrx_word' id='word_1_173' title='bbox 918 2236 1088 2294; x_wconf 61' lang='lat' dir='ltr'>Damas-³</span> <span class='ocrx_word' id='word_1_174' title='bbox 1107 2239 1189 2280; x_wconf 80' lang='lat' dir='ltr'>See.</span> 
     </span>
    </p>
   </div>
   <div class='ocr_carea' id='block_1_5' title="bbox 340 2353 1306 2467">
    <p class='ocr_par' dir='ltr' id='par_1_5' title="bbox 340 2353 1306 2467">
     <span class='ocr_line' id='line_1_31' title="bbox 340 2353 1306 2467; baseline 0.001 -73"><span class='ocrx_word' id='word_1_175' title='bbox 340 2353 697 2467; x_wconf 41' lang='lat' dir='ltr'>lupae-{ignum</span> <span class='ocrx_word' id='word_1_176' title='bbox 739 2356 930 2411; x_wconf 74' lang='lat' dir='ltr'>congreg.</span> <span class='ocrx_word' id='word_1_177' title='bbox 960 2353 1089 2412; x_wconf 63' lang='lat' dir='ltr'>Mus:</span> <span class='ocrx_word' id='word_1_178' title='bbox 1118 2353 1172 2404; x_wconf 73' lang='lat' dir='ltr'>o·</span> <span class='ocrx_word' id='word_1_179' title='bbox 1197 2353 1306 2396; x_wconf 67' lang='lat' dir='ltr'>Anni</span> 
     </span>
    </p>
   </div>
   <div class='ocr_carea' id='block_1_6' title="bbox 283 2606 488 2624">
    <p class='ocr_par' dir='ltr' id='par_1_6' title="bbox 283 2606 488 2624">
     <span class='ocr_line' id='line_1_32' title="bbox 283 2606 488 2624; baseline 0 1484"><span class='ocrx_word' id='word_1_180' title='bbox 283 2606 488 2624; x_wconf 95' lang='lat' dir='ltr'> </span> 
     </span>
    </p>
   </div>
   <div class='ocr_carea' id='block_1_7' title="bbox 962 2605 1311 2624">
    <p class='ocr_par' dir='ltr' id='par_1_7' title="bbox 962 2605 1311 2624">
     <span class='ocr_line' id='line_1_33' title="bbox 962 2605 1311 2624; baseline 0 1484"><span class='ocrx_word' id='word_1_181' title='bbox 962 2605 1311 2624; x_wconf 95' lang='lat' dir='ltr'> </span> 
     </span>
    </p>
   </div>
   <div class='ocr_carea' id='block_1_8' title="bbox 292 2701 1315 2963">
    <p class='ocr_par' dir='ltr' id='par_1_8' title="bbox 292 2701 1315 2963">
     <span class='ocr_line' id='line_1_34' title="bbox 292 2701 1315 2772; baseline -0.001 -18"><span class='ocrx_word' id='word_1_182' title='bbox 292 2705 424 2754; x_wconf 88' lang='lat' dir='ltr'>Bello</span> <span class='ocrx_word' id='word_1_183' title='bbox 452 2738 469 2762; x_wconf 88' lang='lat'>‚</span> <span class='ocrx_word' id='word_1_184' title='bbox 508 2702 691 2772; x_wconf 86' lang='lat' dir='ltr'>aliisque</span> <span class='ocrx_word' id='word_1_185' title='bbox 732 2703 1078 2756; x_wconf 76' lang='lat' dir='ltr'>circumstantiis</span> <span class='ocrx_word' id='word_1_186' title='bbox 1115 2701 1315 2754; x_wconf 81' lang='lat' dir='ltr'>celebra-</span> 
     </span>
     <span class='ocr_line' id='line_1_35' title="bbox 359 2773 1314 2846; baseline 0 -23"><span class='ocrx_word' id='word_1_187' title='bbox 359 2775 531 2823; x_wconf 87' lang='lat' dir='ltr'>tionem</span> <span class='ocrx_word' id='word_1_188' title='bbox 554 2776 758 2846; x_wconf 79' lang='lat' dir='ltr'>Capituli</span> <span class='ocrx_word' id='word_1_189' title='bbox 772 2773 1121 2843; x_wconf 74' lang='lat' dir='ltr'>impedientibus</span> <span class='ocrx_word' id='word_1_190' title='bbox 1134 2809 1151 2832; x_wconf 89' lang='lat'>,</span> <span class='ocrx_word' id='word_1_191' title='bbox 1178 2786 1314 2823; x_wconf 84' lang='lat' dir='ltr'>motu</span> 
     </span>
     <span class='ocr_line' id='line_1_36' title="bbox 358 2840 1313 2924; baseline -0.001 -32"><span class='ocrx_word' id='word_1_192' title='bbox 358 2845 547 2924; x_wconf 78' lang='lat' dir='ltr'>proprio</span> <span class='ocrx_word' id='word_1_193' title='bbox 587 2846 851 2912; x_wconf 77' lang='lat' dir='ltr'>Superiores</span> <span class='ocrx_word' id='word_1_194' title='bbox 897 2847 1145 2895; x_wconf 82' lang='lat' dir='ltr'>Provinciae</span> <span class='ocrx_word' id='word_1_195' title='bbox 1191 2840 1313 2892; x_wconf 80' lang='lat' dir='ltr'>insti-</span> 
     </span>
     <span class='ocr_line' id='line_1_37' title="bbox 360 2928 482 2963; baseline -0.008 0"><span class='ocrx_word' id='word_1_196' title='bbox 360 2928 453 2963; x_wconf 80' lang='lat' dir='ltr'>tuit</span> <span class='ocrx_word' id='word_1_197' title='bbox 470 2949 482 2962; x_wconf 92' lang='lat'><strong><em>.</em></strong></span> 
     </span>
    </p>
   </div>
   <div class='ocr_carea' id='block_1_9' title="bbox 295 3038 1315 3093">
    <p class='ocr_par' dir='ltr' id='par_1_9' title="bbox 295 3038 1315 3093">
     <span class='ocr_line' id='line_1_38' title="bbox 295 3038 1315 3093; baseline -0.007 -1"><span class='ocrx_word' id='word_1_198' title='bbox 295 3042 788 3093; x_wconf 82' lang='lat' dir='ltr'>CLEMENS</span> <span class='ocrx_word' id='word_1_199' title='bbox 859 3043 1096 3091; x_wconf 85' lang='lat' dir='ltr'>PAPA</span> <span class='ocrx_word' id='word_1_200' title='bbox 1166 3038 1315 3088; x_wconf 87' lang='lat' dir='ltr'><strong>XII.</strong></span> 
     </span>
    </p>
   </div>
   <div class='ocr_carea' id='block_1_10' title="bbox 495 3165 1115 3226">
    <p class='ocr_par' dir='ltr' id='par_1_10' title="bbox 495 3165 1115 3226">
     <span class='ocr_line' id='line_1_39' title="bbox 495 3165 1115 3226; baseline -0.002 -16"><span class='ocrx_word' id='word_1_201' title='bbox 495 3167 566 3210; x_wconf 78' lang='lat' dir='ltr'>Ad</span> <span class='ocrx_word' id='word_1_202' title='bbox 575 3165 769 3226; x_wconf 77' lang='lat' dir='ltr'>futuram</span> <span class='ocrx_word' id='word_1_203' title='bbox 791 3169 851 3209; x_wconf 74' lang='lat' dir='ltr'>ret·</span> <span class='ocrx_word' id='word_1_204' title='bbox 871 3168 1115 3209; x_wconf 66' lang='lat' dir='ltr'>memorum.</span> 
     </span>
    </p>
   </div>
   <div class='ocr_carea' id='block_1_11' title="bbox 302 3279 1322 3685">
    <p class='ocr_par' dir='ltr' id='par_1_11' title="bbox 425 3279 1320 3340">
     <span class='ocr_line' id='line_1_40' title="bbox 425 3279 1320 3340; baseline -0.007 -13"><span class='ocrx_word' id='word_1_205' title='bbox 425 3286 465 3328; x_wconf 89' lang='lat' dir='ltr'>D</span> <span class='ocrx_word' id='word_1_206' title='bbox 490 3282 814 3340; x_wconf 66' lang='lat' dir='ltr'>circumspectam</span> <span class='ocrx_word' id='word_1_207' title='bbox 849 3282 1040 3334; x_wconf 62' lang='lat' dir='ltr'>Romani}</span> <span class='ocrx_word' id='word_1_208' title='bbox 1064 3279 1269 3325; x_wconf 84' lang='lat' dir='ltr'>Pontificis</span> <span class='ocrx_word' id='word_1_209' title='bbox 1304 3307 1320 3331; x_wconf 91' lang='lat'>,</span> 
     </span>
    </p>

    <p class='ocr_par' dir='ltr' id='par_1_12' title="bbox 302 3338 1322 3685">
     <span class='ocr_line' id='line_1_41' title="bbox 454 3338 1318 3399; baseline -0.005 -14"><span class='ocrx_word' id='word_1_210' title='bbox 454 3343 493 3386; x_wconf 90' lang='lat' dir='ltr'>in</span> <span class='ocrx_word' id='word_1_211' title='bbox 519 3343 698 3399; x_wconf 87' lang='lat' dir='ltr'>suprema</span> <span class='ocrx_word' id='word_1_212' title='bbox 723 3339 955 3397; x_wconf 76' lang='lat' dir='ltr'>Apostolicae</span> <span class='ocrx_word' id='word_1_213' title='bbox 979 3340 1093 3386; x_wconf 87' lang='lat' dir='ltr'>Sedis</span> <span class='ocrx_word' id='word_1_214' title='bbox 1127 3338 1318 3394; x_wconf 72' lang='lat' dir='ltr'>specula...-</span> 
     </span>
     <span class='ocr_line' id='line_1_42' title="bbox 307 3395 1320 3456; baseline -0.007 -12"><span class='ocrx_word' id='word_1_215' title='bbox 307 3416 402 3444; x_wconf 88' lang='lat' dir='ltr'>cum</span> <span class='ocrx_word' id='word_1_216' title='bbox 425 3401 632 3456; x_wconf 84' lang='lat' dir='ltr'>potestatis</span> <span class='ocrx_word' id='word_1_217' title='bbox 660 3398 912 3456; x_wconf 87' lang='lat' dir='ltr'>plenitudine</span> <span class='ocrx_word' id='word_1_218' title='bbox 939 3398 959 3439; x_wconf 70' lang='lat' dir='ltr'>i</span> <span class='ocrx_word' id='word_1_219' title='bbox 979 3398 1155 3440; x_wconf 87' lang='lat' dir='ltr'>Domino</span> <span class='ocrx_word' id='word_1_220' title='bbox 1176 3395 1320 3439; x_wconf 80' lang='lat' dir='ltr'>consti-</span> 
     </span>
     <span class='ocr_line' id='line_1_43' title="bbox 302 3456 1322 3513; baseline -0.007 -11"><span class='ocrx_word' id='word_1_221' title='bbox 302 3460 383 3503; x_wconf 84' lang='lat' dir='ltr'>tuti</span> <span class='ocrx_word' id='word_1_222' title='bbox 412 3459 749 3510; x_wconf 88' lang='lat' dir='ltr'>‚sollicitudinem</span> <span class='ocrx_word' id='word_1_223' title='bbox 790 3456 965 3498; x_wconf 85' lang='lat' dir='ltr'>noscitur</span> <span class='ocrx_word' id='word_1_224' title='bbox 990 3456 1199 3513; x_wconf 85' lang='lat' dir='ltr'>pertinere</span> <span class='ocrx_word' id='word_1_225' title='bbox 1220 3478 1234 3499; x_wconf 64' lang='grc' dir='ltr'><strong>ι</strong></span> <span class='ocrx_word' id='word_1_226' title='bbox 1275 3463 1322 3495; x_wconf 88' lang='lat' dir='ltr'>ut</span> 
     </span>
     <span class='ocr_line' id='line_1_44' title="bbox 302 3510 1322 3572; baseline -0.009 -11"><span class='ocrx_word' id='word_1_227' title='bbox 302 3515 602 3572; x_wconf 78' lang='lat' dir='ltr'>Religiosorum</span> <span class='ocrx_word' id='word_1_228' title='bbox 622 3517 826 3566; x_wconf 78' lang='lat' dir='ltr'>Virorum,</span> <span class='ocrx_word' id='word_1_229' title='bbox 842 3513 1024 3556; x_wconf 79' lang='lat' dir='ltr'>Altill&#39;imi</span> <span class='ocrx_word' id='word_1_230' title='bbox 1040 3510 1236 3567; x_wconf 80' lang='lat' dir='ltr'>obsequiis</span> <span class='ocrx_word' id='word_1_231' title='bbox 1252 3511 1322 3554; x_wconf 89' lang='lat' dir='ltr'>sub</span> 
     </span>
     <span class='ocr_line' id='line_1_45' title="bbox 304 3572 1322 3630; baseline -0.011 -11"><span class='ocrx_word' id='word_1_232' title='bbox 304 3577 486 3619; x_wconf 71' lang='lat' dir='ltr'>arctioris</span> <span class='ocrx_word' id='word_1_233' title='bbox 518 3574 733 3630; x_wconf 84' lang='lat' dir='ltr'>disciplinae</span> <span class='ocrx_word' id='word_1_234' title='bbox 761 3573 937 3615; x_wconf 84' lang='lat' dir='ltr'>instituto</span> <span class='ocrx_word' id='word_1_235' title='bbox 969 3572 1322 3625; x_wconf 52' lang='lat' dir='ltr'>mancipatorum„</span> 
     </span>
     <span class='ocr_line' id='line_1_46' title="bbox 306 3631 1320 3685; baseline -0.01 -7"><span class='ocrx_word' id='word_1_236' title='bbox 306 3635 508 3685; x_wconf 75' lang='lat' dir='ltr'>coetibus,</span> <span class='ocrx_word' id='word_1_237' title='bbox 534 3633 589 3675; x_wconf 91' lang='lat' dir='ltr'>de</span> <span class='ocrx_word' id='word_1_238' title='bbox 628 3632 783 3676; x_wconf 80' lang='lat' dir='ltr'>idoneis</span> <span class='ocrx_word' id='word_1_239' title='bbox 811 3631 1112 3685; x_wconf 83' lang='lat' dir='ltr'>Superioribus,</span> <span class='ocrx_word' id='word_1_240' title='bbox 1153 3640 1320 3682; x_wconf 83' lang='lat' dir='ltr'>quorum</span> 
     </span>
    </p>
   </div>
   <div class='ocr_carea' id='block_1_12' title="bbox 305 3685 1326 3806">
    <p class='ocr_par' dir='ltr' id='par_1_13' title="bbox 305 3685 1326 3806">
     <span class='ocr_line' id='line_1_47' title="bbox 306 3685 1325 3748; baseline -0.011 -13"><span class='ocrx_word' id='word_1_241' title='bbox 306 3707 430 3748; x_wconf 88' lang='lat' dir='ltr'>opera</span> <span class='ocrx_word' id='word_1_242' title='bbox 461 3691 676 3734; x_wconf 78' lang='lat' dir='ltr'>salubriter</span> <span class='ocrx_word' id='word_1_243' title='bbox 708 3689 928 3743; x_wconf 80' lang='lat' dir='ltr'>adjuvante</span> <span class='ocrx_word' id='word_1_244' title='bbox 952 3690 1126 3731; x_wconf 87' lang='lat' dir='ltr'>Domino</span> <span class='ocrx_word' id='word_1_245' title='bbox 1145 3685 1325 3740; x_wconf 83' lang='lat' dir='ltr'>dirigan-</span> 
     </span>
     <span class='ocr_line' id='line_1_48' title="bbox 305 3744 1326 3806; baseline -0.009 -12"><span class='ocrx_word' id='word_1_246' title='bbox 305 3762 399 3805; x_wconf 91' lang='lat' dir='ltr'>tur,</span> <span class='ocrx_word' id='word_1_247' title='bbox 429 3749 630 3794; x_wconf 86' lang='lat' dir='ltr'>interdum</span> <span class='ocrx_word' id='word_1_248' title='bbox 656 3747 872 3806; x_wconf 81' lang='lat' dir='ltr'>providere</span> <span class='ocrx_word' id='word_1_249' title='bbox 898 3746 1051 3790; x_wconf 79' lang='lat' dir='ltr'>studeat</span> <span class='ocrx_word' id='word_1_250' title='bbox 1067 3773 1082 3799; x_wconf 91' lang='lat'>,</span> <span class='ocrx_word' id='word_1_251' title='bbox 1111 3744 1208 3786; x_wconf 80' lang='lat' dir='ltr'>sicut</span> <span class='ocrx_word' id='word_1_252' title='bbox 1233 3755 1326 3800; x_wconf 80' lang='lat' dir='ltr'>per-</span> 
     </span>
    </p>
   </div>
   <div class='ocr_carea' id='block_1_13' title="bbox 1346 214 2430 2102">
    <p class='ocr_par' dir='ltr' id='par_1_14' title="bbox 1351 214 2390 528">
     <span class='ocr_line' id='line_1_49' title="bbox 1354 214 2382 354; baseline -0.002 -14"><span class='ocrx_word' id='word_1_253' title='bbox 1354 301 1568 346; x_wconf 73' lang='lat' dir='ltr'>tonarum,</span> <span class='ocrx_word' id='word_1_254' title='bbox 1598 297 1810 341; x_wconf 85' lang='lat' dir='ltr'>locorum,</span> <span class='ocrx_word' id='word_1_255' title='bbox 1841 306 1976 337; x_wconf 88' lang='lat' dir='ltr'>rerum</span> <span class='ocrx_word' id='word_1_256' title='bbox 1994 323 2008 346; x_wconf 91' lang='lat'>‚</span> <span class='ocrx_word' id='word_1_257' title='bbox 2037 297 2078 339; x_wconf 70' lang='grc' dir='ltr'>δι</span> <span class='ocrx_word' id='word_1_258' title='bbox 2108 214 2382 354; x_wconf 40' lang='lat' dir='ltr'>tea-prugum„</span> 
     </span>
     <span class='ocr_line' id='line_1_50' title="bbox 1352 352 2381 420; baseline 0.003 -24"><span class='ocrx_word' id='word_1_259' title='bbox 1352 353 1615 412; x_wconf 63' lang='lat' dir='ltr'>qualitatibus</span> <span class='ocrx_word' id='word_1_260' title='bbox 1627 352 1787 396; x_wconf 65' lang='lat' dir='ltr'>mature</span> <span class='ocrx_word' id='word_1_261' title='bbox 1802 352 2063 398; x_wconf 70' lang='lat' dir='ltr'>confidentis</span> <span class='ocrx_word' id='word_1_262' title='bbox 2077 386 2092 407; x_wconf 91' lang='lat'>,</span> <span class='ocrx_word' id='word_1_263' title='bbox 2123 361 2174 400; x_wconf 85' lang='lat' dir='ltr'>ad</span> <span class='ocrx_word' id='word_1_264' title='bbox 2198 360 2273 399; x_wconf 80' lang='lat' dir='ltr'>uei</span> <span class='ocrx_word' id='word_1_265' title='bbox 2289 358 2381 420; x_wconf 75' lang='lat' dir='ltr'>glo-</span> 
     </span>
     <span class='ocr_line' id='line_1_51' title="bbox 1351 412 2390 467; baseline 0.002 -11"><span class='ocrx_word' id='word_1_266' title='bbox 1351 413 1452 456; x_wconf 76' lang='lat' dir='ltr'>riam</span> <span class='ocrx_word' id='word_1_267' title='bbox 1477 441 1497 463; x_wconf 87' lang='lat'>,</span> <span class='ocrx_word' id='word_1_268' title='bbox 1524 426 1572 456; x_wconf 89' lang='lat' dir='ltr'>ac</span> <span class='ocrx_word' id='word_1_269' title='bbox 1601 412 1826 467; x_wconf 76' lang='lat' dir='ltr'>Religionis</span> <span class='ocrx_word' id='word_1_270' title='bbox 1852 413 2145 457; x_wconf 85' lang='lat' dir='ltr'>incrementum</span> <span class='ocrx_word' id='word_1_271' title='bbox 2170 442 2185 466; x_wconf 85' lang='lat'>,</span> <span class='ocrx_word' id='word_1_272' title='bbox 2215 417 2255 457; x_wconf 83' lang='lat'>&amp;</span> <span class='ocrx_word' id='word_1_273' title='bbox 2288 416 2390 458; x_wconf 78' lang='lat' dir='ltr'>teli·¹</span> 
     </span>
     <span class='ocr_line' id='line_1_52' title="bbox 1351 466 2379 528; baseline 0.004 -15"><span class='ocrx_word' id='word_1_274' title='bbox 1351 485 1442 514; x_wconf 85' lang='lat' dir='ltr'>cem</span> <span class='ocrx_word' id='word_1_275' title='bbox 1456 466 1699 527; x_wconf 63' lang='lat' dir='ltr'>progressum</span> <span class='ocrx_word' id='word_1_276' title='bbox 1714 467 1918 525; x_wconf 73' lang='lat' dir='ltr'>cognoscit</span> <span class='ocrx_word' id='word_1_277' title='bbox 1932 470 2151 516; x_wconf 86' lang='lat' dir='ltr'>inDomino</span> <span class='ocrx_word' id='word_1_278' title='bbox 2167 474 2379 528; x_wconf 65' lang='lat' dir='ltr'>expedire.</span> 
     </span>
    </p>

    <p class='ocr_par' dir='ltr' id='par_1_15' title="bbox 1346 526 2430 2102">
     <span class='ocr_line' id='line_1_53' title="bbox 1410 526 2381 584; baseline 0.003 -11"><span class='ocrx_word' id='word_1_279' title='bbox 1410 532 1517 573; x_wconf 82' lang='lat' dir='ltr'>Cum</span> <span class='ocrx_word' id='word_1_280' title='bbox 1542 531 1710 584; x_wconf 82' lang='lat' dir='ltr'>itaque,</span> <span class='ocrx_word' id='word_1_281' title='bbox 1737 526 1835 569; x_wconf 84' lang='lat' dir='ltr'>ficut</span> <span class='ocrx_word' id='word_1_282' title='bbox 1860 530 2091 583; x_wconf 83' lang='lat' dir='ltr'>accepimus</span> <span class='ocrx_word' id='word_1_283' title='bbox 2108 559 2123 581; x_wconf 88' lang='lat'>,</span> <span class='ocrx_word' id='word_1_284' title='bbox 2154 533 2381 576; x_wconf 79' lang='lat' dir='ltr'>Provincia</span> 
     </span>
     <span class='ocr_line' id='line_1_54' title="bbox 1350 585 2380 633; baseline 0.004 -4"><span class='ocrx_word' id='word_1_285' title='bbox 1350 585 1491 630; x_wconf 75' lang='lat' dir='ltr'>lnfialoe</span> <span class='ocrx_word' id='word_1_286' title='bbox 1500 586 1674 631; x_wconf 72' lang='lat' dir='ltr'>Corficoe</span> <span class='ocrx_word' id='word_1_287' title='bbox 1684 585 1851 629; x_wconf 82' lang='lat' dir='ltr'>Ordinis</span> <span class='ocrx_word' id='word_1_288' title='bbox 1864 588 2050 630; x_wconf 79' lang='lat' dir='ltr'>Fratrum</span> <span class='ocrx_word' id='word_1_289' title='bbox 2062 590 2267 632; x_wconf 78' lang='lat' dir='ltr'>Minoi-um</span> <span class='ocrx_word' id='word_1_290' title='bbox 2279 595 2380 633; x_wconf 71' lang='lat' dir='ltr'>san-</span> 
     </span>
     <span class='ocr_line' id='line_1_55' title="bbox 1350 645 2382 705; baseline 0.004 -18"><span class='ocrx_word' id='word_1_291' title='bbox 1350 645 1404 687; x_wconf 66' lang='lat' dir='ltr'>eti</span> <span class='ocrx_word' id='word_1_292' title='bbox 1428 645 1623 705; x_wconf 49' lang='lat' dir='ltr'>&amp;misci</span> <span class='ocrx_word' id='word_1_293' title='bbox 1641 645 1945 701; x_wconf 77' lang='lat' dir='ltr'>Capucinoaum</span> <span class='ocrx_word' id='word_1_294' title='bbox 1969 659 2296 702; x_wconf 82' lang='lat' dir='ltr'>nuncupatorum</span> <span class='ocrx_word' id='word_1_295' title='bbox 2317 658 2382 690; x_wconf 91' lang='lat' dir='ltr'>at-</span> 
     </span>
     <span class='ocr_line' id='line_1_56' title="bbox 1351 703 2384 761; baseline 0.002 -15"><span class='ocrx_word' id='word_1_296' title='bbox 1351 703 1476 746; x_wconf 83' lang='lat' dir='ltr'>tentis</span> <span class='ocrx_word' id='word_1_297' title='bbox 1499 703 1688 758; x_wconf 80' lang='lat' dir='ltr'>gravibus</span> <span class='ocrx_word' id='word_1_298' title='bbox 1713 703 2075 754; x_wconf 79' lang='lat' dir='ltr'>commotionibus,</span> <span class='ocrx_word' id='word_1_299' title='bbox 2111 705 2193 748; x_wconf 82' lang='lat' dir='ltr'>five</span> <span class='ocrx_word' id='word_1_300' title='bbox 2220 716 2384 761; x_wconf 84' lang='lat' dir='ltr'>pertur-</span> 
     </span>
     <span class='ocr_line' id='line_1_57' title="bbox 1353 760 2380 807; baseline -0.001 -1"><span class='ocrx_word' id='word_1_301' title='bbox 1353 762 1579 807; x_wconf 82' lang='lat' dir='ltr'>bationibus</span> <span class='ocrx_word' id='word_1_302' title='bbox 1602 762 1640 805; x_wconf 89' lang='lat' dir='ltr'>in</span> <span class='ocrx_word' id='word_1_303' title='bbox 1668 761 1818 804; x_wconf 82' lang='lat' dir='ltr'>eadem</span> <span class='ocrx_word' id='word_1_304' title='bbox 1838 760 1969 806; x_wconf 85' lang='lat' dir='ltr'>Insula</span> <span class='ocrx_word' id='word_1_305' title='bbox 2004 762 2207 806; x_wconf 75' lang='lat' dir='ltr'>noviffim‘e</span> <span class='ocrx_word' id='word_1_306' title='bbox 2238 763 2380 805; x_wconf 87' lang='lat' dir='ltr'>secutis</span> 
     </span>
     <span class='ocr_line' id='line_1_58' title="bbox 1350 820 2380 877; baseline -0.001 -13"><span class='ocrx_word' id='word_1_307' title='bbox 1350 820 1532 864; x_wconf 84' lang='lat' dir='ltr'>notabile</span> <span class='ocrx_word' id='word_1_308' title='bbox 1550 821 1880 872; x_wconf 77' lang='lat' dir='ltr'>incommodum,</span> <span class='ocrx_word' id='word_1_309' title='bbox 1907 821 2030 864; x_wconf 85' lang='lat' dir='ltr'>etiam</span> <span class='ocrx_word' id='word_1_310' title='bbox 2051 835 2142 863; x_wconf 88' lang='lat' dir='ltr'>cum</span> <span class='ocrx_word' id='word_1_311' title='bbox 2166 823 2380 877; x_wconf 77' lang='lat' dir='ltr'>Regularis</span> 
     </span>
     <span class='ocr_line' id='line_1_59' title="bbox 1350 877 2382 933; baseline -0.003 -9"><span class='ocrx_word' id='word_1_312' title='bbox 1350 878 1612 924; x_wconf 68' lang='lat' dir='ltr'>observantiae</span> <span class='ocrx_word' id='word_1_313' title='bbox 1637 877 1888 921; x_wconf 82' lang='lat' dir='ltr'>detrimento</span> <span class='ocrx_word' id='word_1_314' title='bbox 1918 877 2021 933; x_wconf 81' lang='lat' dir='ltr'>paffa</span> <span class='ocrx_word' id='word_1_315' title='bbox 2047 877 2169 923; x_wconf 79' lang='lat' dir='ltr'>fuerit</span> <span class='ocrx_word' id='word_1_316' title='bbox 2197 908 2213 931; x_wconf 92' lang='lat'>,</span> <span class='ocrx_word' id='word_1_317' title='bbox 2257 881 2382 923; x_wconf 69' lang='lat' dir='ltr'>illius-</span> 
     </span>
     <span class='ocr_line' id='line_1_60' title="bbox 1348 934 2382 997; baseline -0.002 -14"><span class='ocrx_word' id='word_1_318' title='bbox 1348 952 1432 997; x_wconf 88' lang='lat' dir='ltr'>que</span> <span class='ocrx_word' id='word_1_319' title='bbox 1464 937 1603 994; x_wconf 87' lang='lat' dir='ltr'>populi</span> <span class='ocrx_word' id='word_1_320' title='bbox 1641 934 1734 980; x_wconf 84' lang='lat' dir='ltr'>satis</span> <span class='ocrx_word' id='word_1_321' title='bbox 1769 936 2071 993; x_wconf 83' lang='lat' dir='ltr'>depauperati,</span> <span class='ocrx_word' id='word_1_322' title='bbox 2112 952 2160 981; x_wconf 84' lang='lat' dir='ltr'>ac</span> <span class='ocrx_word' id='word_1_323' title='bbox 2197 938 2382 981; x_wconf 80' lang='lat' dir='ltr'>nonnulli</span> 
     </span>
     <span class='ocr_line' id='line_1_61' title="bbox 1349 994 2382 1052; baseline -0.004 -10"><span class='ocrx_word' id='word_1_324' title='bbox 1349 1002 1592 1042; x_wconf 79' lang='lat' dir='ltr'>Conventus</span> <span class='ocrx_word' id='word_1_325' title='bbox 1617 995 1670 1039; x_wconf 93' lang='lat' dir='ltr'>ob</span> <span class='ocrx_word' id='word_1_326' title='bbox 1695 994 1879 1047; x_wconf 86' lang='lat' dir='ltr'>bellum,</span> <span class='ocrx_word' id='word_1_327' title='bbox 1909 1005 2009 1039; x_wconf 84' lang='lat' dir='ltr'>tunc</span> <span class='ocrx_word' id='word_1_328' title='bbox 2034 1000 2174 1052; x_wconf 78' lang='lat' dir='ltr'>vigens</span> <span class='ocrx_word' id='word_1_329' title='bbox 2200 998 2240 1039; x_wconf 91' lang='lat' dir='ltr'>in</span> <span class='ocrx_word' id='word_1_330' title='bbox 2261 997 2382 1038; x_wconf 85' lang='lat' dir='ltr'>mise-</span> 
     </span>
     <span class='ocr_line' id='line_1_62' title="bbox 1351 1054 2383 1111; baseline -0.005 -11"><span class='ocrx_word' id='word_1_331' title='bbox 1351 1057 1523 1100; x_wconf 80' lang='lat' dir='ltr'>rabilem</span> <span class='ocrx_word' id='word_1_332' title='bbox 1536 1056 1680 1099; x_wconf 80' lang='lat' dir='ltr'>statum</span> <span class='ocrx_word' id='word_1_333' title='bbox 1699 1054 1852 1098; x_wconf 63' lang='lat' dir='ltr'>redacti</span> <span class='ocrx_word' id='word_1_334' title='bbox 1867 1054 2126 1111; x_wconf 82' lang='lat' dir='ltr'>reperiantur</span> <span class='ocrx_word' id='word_1_335' title='bbox 2140 1083 2154 1106; x_wconf 90' lang='lat'>,</span> <span class='ocrx_word' id='word_1_336' title='bbox 2171 1055 2224 1097; x_wconf 84' lang='lat' dir='ltr'>ita</span> <span class='ocrx_word' id='word_1_337' title='bbox 2243 1065 2288 1097; x_wconf 89' lang='lat' dir='ltr'>ut</span> <span class='ocrx_word' id='word_1_338' title='bbox 2310 1067 2383 1096; x_wconf 89' lang='lat' dir='ltr'>ne-</span> 
     </span>
     <span class='ocr_line' id='line_1_63' title="bbox 1346 1112 2385 1168; baseline -0.004 -10"><span class='ocrx_word' id='word_1_339' title='bbox 1346 1113 1526 1159; x_wconf 77' lang='lat' dir='ltr'>eeffarias</span> <span class='ocrx_word' id='word_1_340' title='bbox 1552 1112 1826 1158; x_wconf 83' lang='lat' dir='ltr'>Eleemofinas</span> <span class='ocrx_word' id='word_1_341' title='bbox 1853 1127 1928 1168; x_wconf 88' lang='lat' dir='ltr'>pro</span> <span class='ocrx_word' id='word_1_342' title='bbox 1953 1113 2236 1156; x_wconf 79' lang='lat' dir='ltr'>celebratione</span> <span class='ocrx_word' id='word_1_343' title='bbox 2259 1113 2385 1168; x_wconf 86' lang='lat' dir='ltr'>Capi-</span> 
     </span>
     <span class='ocr_line' id='line_1_64' title="bbox 1353 1170 2383 1227; baseline -0.005 -10"><span class='ocrx_word' id='word_1_344' title='bbox 1353 1175 1430 1217; x_wconf 83' lang='lat' dir='ltr'>tuli</span> <span class='ocrx_word' id='word_1_345' title='bbox 1458 1172 1722 1220; x_wconf 80' lang='lat' dir='ltr'>Provincialis</span> <span class='ocrx_word' id='word_1_346' title='bbox 1749 1171 1973 1216; x_wconf 73' lang='lat' dir='ltr'>Provincia</span> <span class='ocrx_word' id='word_1_347' title='bbox 1996 1171 2220 1227; x_wconf 85' lang='lat' dir='ltr'>hujusmodi</span> <span class='ocrx_word' id='word_1_348' title='bbox 2239 1170 2383 1227; x_wconf 67' lang='lat' dir='ltr'>quari·</span> 
     </span>
     <span class='ocr_line' id='line_1_65' title="bbox 1354 1228 2384 1287; baseline -0.005 -10"><span class='ocrx_word' id='word_1_349' title='bbox 1354 1244 1443 1278; x_wconf 87' lang='lat' dir='ltr'>tare</span> <span class='ocrx_word' id='word_1_350' title='bbox 1466 1230 1749 1280; x_wconf 83' lang='lat' dir='ltr'>difficillimum</span> <span class='ocrx_word' id='word_1_351' title='bbox 1775 1230 1820 1273; x_wconf 79' lang='lat' dir='ltr'>fit</span> <span class='ocrx_word' id='word_1_352' title='bbox 1851 1260 1865 1273; x_wconf 87' lang='lat'><strong>.</strong></span> <span class='ocrx_word' id='word_1_353' title='bbox 1896 1234 1980 1274; x_wconf 85' lang='lat' dir='ltr'>Nos</span> <span class='ocrx_word' id='word_1_354' title='bbox 2004 1228 2147 1282; x_wconf 88' lang='lat' dir='ltr'>felici,</span> <span class='ocrx_word' id='word_1_355' title='bbox 2171 1230 2384 1287; x_wconf 87' lang='lat' dir='ltr'>prospero-</span> 
     </span>
     <span class='ocr_line' id='line_1_66' title="bbox 1353 1289 2387 1349; baseline -0.005 -14"><span class='ocrx_word' id='word_1_356' title='bbox 1353 1306 1431 1349; x_wconf 82' lang='lat' dir='ltr'>que</span> <span class='ocrx_word' id='word_1_357' title='bbox 1464 1289 1641 1348; x_wconf 80' lang='lat' dir='ltr'>ejusdem</span> <span class='ocrx_word' id='word_1_358' title='bbox 1667 1289 1889 1335; x_wconf 66' lang='lat' dir='ltr'>Provincias</span> <span class='ocrx_word' id='word_1_359' title='bbox 1911 1290 2097 1346; x_wconf 80' lang='lat' dir='ltr'>regim-ini</span> <span class='ocrx_word' id='word_1_360' title='bbox 2123 1317 2138 1340; x_wconf 91' lang='lat'>,</span> <span class='ocrx_word' id='word_1_361' title='bbox 2165 1292 2205 1333; x_wconf 75' lang='grc' dir='ltr'>δι</span> <span class='ocrx_word' id='word_1_362' title='bbox 2230 1289 2387 1345; x_wconf 81' lang='lat' dir='ltr'>guber-</span> 
     </span>
     <span class='ocr_line' id='line_1_67' title="bbox 1354 1348 2383 1406; baseline -0.005 -12"><span class='ocrx_word' id='word_1_363' title='bbox 1354 1352 1420 1394; x_wconf 88' lang='lat' dir='ltr'>nio</span> <span class='ocrx_word' id='word_1_364' title='bbox 1445 1376 1461 1399; x_wconf 90' lang='lat'>,</span> <span class='ocrx_word' id='word_1_365' title='bbox 1503 1358 1698 1406; x_wconf 88' lang='lat' dir='ltr'>quantum</span> <span class='ocrx_word' id='word_1_366' title='bbox 1729 1348 1860 1391; x_wconf 86' lang='lat' dir='ltr'>Nobis</span> <span class='ocrx_word' id='word_1_367' title='bbox 1895 1362 1947 1390; x_wconf 86' lang='lat' dir='ltr'>ex</span> <span class='ocrx_word' id='word_1_368' title='bbox 1983 1348 2071 1390; x_wconf 85' lang='lat' dir='ltr'>alto</span> <span class='ocrx_word' id='word_1_369' title='bbox 2111 1349 2383 1398; x_wconf 81' lang='lat' dir='ltr'>conceditur,</span> 
     </span>
     <span class='ocr_line' id='line_1_68' title="bbox 1354 1401 2430 1466; baseline -0.007 -13"><span class='ocrx_word' id='word_1_370' title='bbox 1354 1408 1572 1466; x_wconf 85' lang='lat' dir='ltr'>providere</span> <span class='ocrx_word' id='word_1_371' title='bbox 1601 1408 1816 1463; x_wconf 83' lang='lat' dir='ltr'>cupientes</span> <span class='ocrx_word' id='word_1_372' title='bbox 1841 1433 1857 1456; x_wconf 93' lang='lat'>,</span> <span class='ocrx_word' id='word_1_373' title='bbox 1888 1420 1934 1448; x_wconf 90' lang='lat' dir='ltr'>ac</span> <span class='ocrx_word' id='word_1_374' title='bbox 1960 1405 2013 1449; x_wconf 90' lang='lat' dir='ltr'>de</span> <span class='ocrx_word' id='word_1_375' title='bbox 2041 1401 2385 1462; x_wconf 84' lang='lat' dir='ltr'>infrascriptorum</span> <span class='ocrx_word' id='word_1_376' title='bbox 2425 1408 2430 1412; x_wconf 87' lang='lat'>&#39;</span> 
     </span>
     <span class='ocr_line' id='line_1_69' title="bbox 1353 1461 2386 1527; baseline -0.004 -17"><span class='ocrx_word' id='word_1_377' title='bbox 1353 1467 1534 1527; x_wconf 90' lang='lat' dir='ltr'>ejusdem</span> <span class='ocrx_word' id='word_1_378' title='bbox 1568 1466 1734 1509; x_wconf 84' lang='lat' dir='ltr'>Ordinis</span> <span class='ocrx_word' id='word_1_379' title='bbox 1769 1461 2035 1508; x_wconf 79' lang='lat' dir='ltr'>Profefforum</span> <span class='ocrx_word' id='word_1_380' title='bbox 2066 1462 2176 1516; x_wconf 85' lang='lat' dir='ltr'>fide,</span> <span class='ocrx_word' id='word_1_381' title='bbox 2211 1464 2386 1520; x_wconf 88' lang='lat' dir='ltr'>pruden-</span> 
     </span>
     <span class='ocr_line' id='line_1_70' title="bbox 1356 1523 2383 1580; baseline -0.006 -10"><span class='ocrx_word' id='word_1_382' title='bbox 1356 1529 1438 1575; x_wconf 80' lang='lat' dir='ltr'>tia,</span> <span class='ocrx_word' id='word_1_383' title='bbox 1468 1526 1667 1568; x_wconf 85' lang='lat' dir='ltr'>charitate</span> <span class='ocrx_word' id='word_1_384' title='bbox 1693 1553 1708 1577; x_wconf 91' lang='lat'>,</span> <span class='ocrx_word' id='word_1_385' title='bbox 1739 1525 1979 1580; x_wconf 84' lang='lat' dir='ltr'>integritate</span> <span class='ocrx_word' id='word_1_386' title='bbox 2002 1552 2017 1575; x_wconf 89' lang='lat'>,</span> <span class='ocrx_word' id='word_1_387' title='bbox 2048 1523 2267 1578; x_wconf 82' lang='lat' dir='ltr'>vigilantia</span> <span class='ocrx_word' id='word_1_388' title='bbox 2294 1551 2309 1574; x_wconf 91' lang='lat'>,</span> <span class='ocrx_word' id='word_1_389' title='bbox 2342 1523 2383 1564; x_wconf 86' lang='lat'>&amp;</span> 
     </span>
     <span class='ocr_line' id='line_1_71' title="bbox 1357 1580 2386 1642; baseline -0.008 -12"><span class='ocrx_word' id='word_1_390' title='bbox 1357 1584 1568 1642; x_wconf 80' lang='lat' dir='ltr'>religionis</span> <span class='ocrx_word' id='word_1_391' title='bbox 1600 1583 1695 1626; x_wconf 84' lang='lat' dir='ltr'>zelo</span> <span class='ocrx_word' id='word_1_392' title='bbox 1734 1581 1950 1639; x_wconf 76' lang='lat' dir='ltr'>plurimum</span> <span class='ocrx_word' id='word_1_393' title='bbox 1981 1583 2021 1624; x_wconf 91' lang='lat' dir='ltr'>in</span> <span class='ocrx_word' id='word_1_394' title='bbox 2049 1584 2227 1624; x_wconf 87' lang='lat' dir='ltr'>Domino</span> <span class='ocrx_word' id='word_1_395' title='bbox 2257 1580 2386 1623; x_wconf 82' lang='lat' dir='ltr'>confi-</span> 
     </span>
     <span class='ocr_line' id='line_1_72' title="bbox 1358 1636 2387 1697; baseline -0.008 -9"><span class='ocrx_word' id='word_1_396' title='bbox 1358 1645 1413 1696; x_wconf 85' lang='lat' dir='ltr'>fi,</span> <span class='ocrx_word' id='word_1_397' title='bbox 1442 1645 1482 1686; x_wconf 78' lang='grc' dir='ltr'>δι</span> <span class='ocrx_word' id='word_1_398' title='bbox 1510 1656 1652 1686; x_wconf 86' lang='lat' dir='ltr'>eorum</span> <span class='ocrx_word' id='word_1_399' title='bbox 1677 1639 1895 1697; x_wconf 82' lang='lat' dir='ltr'>fingulares</span> <span class='ocrx_word' id='word_1_400' title='bbox 1921 1639 2106 1696; x_wconf 82' lang='lat' dir='ltr'>personas</span> <span class='ocrx_word' id='word_1_401' title='bbox 2127 1670 2142 1692; x_wconf 88' lang='lat'>.,</span> <span class='ocrx_word' id='word_1_402' title='bbox 2172 1645 2195 1685; x_wconf 72' lang='grc' dir='ltr'>ὲ</span> <span class='ocrx_word' id='word_1_403' title='bbox 2223 1636 2387 1696; x_wconf 83' lang='lat' dir='ltr'>quibus-</span> 
     </span>
     <span class='ocr_line' id='line_1_73' title="bbox 1359 1699 2386 1747; baseline -0.009 0"><span class='ocrx_word' id='word_1_404' title='bbox 1359 1705 1419 1747; x_wconf 81' lang='lat' dir='ltr'>vis</span> <span class='ocrx_word' id='word_1_405' title='bbox 1455 1700 1880 1745; x_wconf 74' lang='lat' dir='ltr'>excommunicationis</span> <span class='ocrx_word' id='word_1_406' title='bbox 1906 1700 1983 1742; x_wconf 73' lang='grc' dir='ltr'>διε.</span> <span class='ocrx_word' id='word_1_407' title='bbox 2018 1699 2069 1742; x_wconf 84' lang='lat' dir='ltr'>ad</span> <span class='ocrx_word' id='word_1_408' title='bbox 2096 1700 2281 1741; x_wconf 59' lang='lat' dir='ltr'>effrenum</span> <span class='ocrx_word' id='word_1_409' title='bbox 2307 1700 2386 1739; x_wconf 74' lang='lat' dir='ltr'>&amp;c-</span> 
     </span>
     <span class='ocr_line' id='line_1_74' title="bbox 1358 1754 2385 1810; baseline -0.009 -4"><span class='ocrx_word' id='word_1_410' title='bbox 1358 1765 1501 1807; x_wconf 88' lang='lat' dir='ltr'>harum</span> <span class='ocrx_word' id='word_1_411' title='bbox 1529 1759 1631 1803; x_wconf 89' lang='lat' dir='ltr'>serie</span> <span class='ocrx_word' id='word_1_412' title='bbox 1660 1758 1911 1802; x_wconf 83' lang='lat' dir='ltr'>absolventes</span> <span class='ocrx_word' id='word_1_413' title='bbox 1936 1787 1951 1810; x_wconf 90' lang='lat'>,</span> <span class='ocrx_word' id='word_1_414' title='bbox 1994 1759 2032 1799; x_wconf 87' lang='lat'>&amp;</span> <span class='ocrx_word' id='word_1_415' title='bbox 2059 1757 2258 1801; x_wconf 86' lang='lat' dir='ltr'>absolutas</span> <span class='ocrx_word' id='word_1_416' title='bbox 2296 1754 2385 1799; x_wconf 86' lang='lat' dir='ltr'>fore</span> 
     </span>
     <span class='ocr_line' id='line_1_75' title="bbox 1360 1814 2387 1874; baseline -0.008 -8"><span class='ocrx_word' id='word_1_417' title='bbox 1360 1819 1598 1868; x_wconf 81' lang='lat' dir='ltr'>censentes,</span> <span class='ocrx_word' id='word_1_418' title='bbox 1627 1828 1738 1860; x_wconf 90' lang='lat' dir='ltr'>motu</span> <span class='ocrx_word' id='word_1_419' title='bbox 1756 1818 1949 1874; x_wconf 88' lang='lat' dir='ltr'>proprio,</span> <span class='ocrx_word' id='word_1_420' title='bbox 1979 1830 2026 1858; x_wconf 88' lang='lat' dir='ltr'>ac</span> <span class='ocrx_word' id='word_1_421' title='bbox 2054 1830 2103 1858; x_wconf 85' lang='lat' dir='ltr'>ex</span> <span class='ocrx_word' id='word_1_422' title='bbox 2126 1828 2238 1859; x_wconf 83' lang='lat' dir='ltr'>certa</span> <span class='ocrx_word' id='word_1_423' title='bbox 2257 1814 2387 1858; x_wconf 84' lang='lat' dir='ltr'>scien-</span> 
     </span>
     <span class='ocr_line' id='line_1_76' title="bbox 1361 1874 2388 1931; baseline -0.006 -7"><span class='ocrx_word' id='word_1_424' title='bbox 1361 1882 1418 1924; x_wconf 88' lang='lat' dir='ltr'>tia</span> <span class='ocrx_word' id='word_1_425' title='bbox 1429 1909 1445 1931; x_wconf 90' lang='lat'>,</span> <span class='ocrx_word' id='word_1_426' title='bbox 1473 1879 1513 1919; x_wconf 88' lang='lat'>&amp;</span> <span class='ocrx_word' id='word_1_427' title='bbox 1528 1887 1686 1920; x_wconf 88' lang='lat' dir='ltr'>matura</span> <span class='ocrx_word' id='word_1_428' title='bbox 1713 1876 2011 1919; x_wconf 86' lang='lat' dir='ltr'>deliberatione</span> <span class='ocrx_word' id='word_1_429' title='bbox 2027 1874 2171 1918; x_wconf 83' lang='lat' dir='ltr'>nostris</span> <span class='ocrx_word' id='word_1_430' title='bbox 2185 1905 2200 1928; x_wconf 77' lang='lat'>,</span> <span class='ocrx_word' id='word_1_431' title='bbox 2215 1874 2388 1929; x_wconf 61' lang='lat' dir='ltr'>deque.)</span> 
     </span>
     <span class='ocr_line' id='line_1_77' title="bbox 1359 1934 2385 1993; baseline -0.007 -14"><span class='ocrx_word' id='word_1_432' title='bbox 1359 1935 1598 1993; x_wconf 82' lang='lat' dir='ltr'>Apostolicae</span> <span class='ocrx_word' id='word_1_433' title='bbox 1624 1935 1831 1991; x_wconf 85' lang='lat' dir='ltr'>potestatis</span> <span class='ocrx_word' id='word_1_434' title='bbox 1869 1934 2124 1990; x_wconf 86' lang='lat' dir='ltr'>plenitudine</span> <span class='ocrx_word' id='word_1_435' title='bbox 2140 1962 2154 1985; x_wconf 93' lang='lat'>,</span> <span class='ocrx_word' id='word_1_436' title='bbox 2180 1934 2385 1976; x_wconf 64' lang='lat' dir='ltr'>Dilectum</span> 
     </span>
     <span class='ocr_line' id='line_1_78' title="bbox 1362 1992 2387 2048; baseline -0.01 -7"><span class='ocrx_word' id='word_1_437' title='bbox 1362 1997 1511 2042; x_wconf 79' lang='lat' dir='ltr'>Filium</span> <span class='ocrx_word' id='word_1_438' title='bbox 1525 1994 1776 2038; x_wconf 89' lang='lat' dir='ltr'>Gulielmum</span> <span class='ocrx_word' id='word_1_439' title='bbox 1797 1993 2079 2048; x_wconf 69' lang='lat' dir='ltr'>aspeluncato</span> <span class='ocrx_word' id='word_1_440' title='bbox 2100 1994 2140 2035; x_wconf 89' lang='lat' dir='ltr'>in</span> <span class='ocrx_word' id='word_1_441' title='bbox 2160 1992 2387 2035; x_wconf 77' lang='lat' dir='ltr'>Minissrum</span> 
     </span>
     <span class='ocr_line' id='line_1_79' title="bbox 1363 2051 2386 2102; baseline -0.007 -4"><span class='ocrx_word' id='word_1_442' title='bbox 1363 2053 1664 2102; x_wconf 76' lang='lat' dir='ltr'>Provincialem</span> <span class='ocrx_word' id='word_1_443' title='bbox 1686 2052 1800 2095; x_wconf 63' lang='lat' dir='ltr'>dit‘tae</span> <span class='ocrx_word' id='word_1_444' title='bbox 1828 2052 2045 2094; x_wconf 75' lang='lat' dir='ltr'>Provincia:</span> <span class='ocrx_word' id='word_1_445' title='bbox 2082 2051 2254 2093; x_wconf 81' lang='lat' dir='ltr'>Corficae</span> <span class='ocrx_word' id='word_1_446' title='bbox 2282 2077 2298 2099; x_wconf 86' lang='lat'>,</span> <span class='ocrx_word' id='word_1_447' title='bbox 2340 2063 2386 2092; x_wconf 87' lang='lat' dir='ltr'>ac</span> 
     </span>
    </p>
   </div>
   <div class='ocr_carea' id='block_1_14' title="bbox 1271 2108 2385 2163">
    <p class='ocr_par' dir='ltr' id='par_1_16' title="bbox 1271 2108 2385 2163">
     <span class='ocr_line' id='line_1_80' title="bbox 1271 2108 2385 2163; baseline -0.011 -3"><span class='ocrx_word' id='word_1_448' title='bbox 1271 2120 1275 2124; x_wconf 85' lang='grc'><strong>’</strong></span> <span class='ocrx_word' id='word_1_449' title='bbox 1363 2111 1655 2160; x_wconf 54' lang='lat' dir='ltr'>franciscum&amp;</span> <span class='ocrx_word' id='word_1_450' title='bbox 1669 2110 1869 2161; x_wconf 84' lang='lat' dir='ltr'>Tomino,</span> <span class='ocrx_word' id='word_1_451' title='bbox 1898 2108 2070 2151; x_wconf 85' lang='lat' dir='ltr'>Paulum</span> <span class='ocrx_word' id='word_1_452' title='bbox 2085 2109 2385 2163; x_wconf 83' lang='lat' dir='ltr'>Hieronymum</span> 
     </span>
    </p>
   </div>
   <div class='ocr_carea' id='block_1_15' title="bbox 1363 2168 2403 3733">
    <p class='ocr_par' dir='ltr' id='par_1_17' title="bbox 1363 2168 2395 3095">
     <span class='ocr_line' id='line_1_81' title="bbox 1363 2168 2390 2223; baseline -0.009 -8"><span class='ocrx_word' id='word_1_453' title='bbox 1363 2176 1388 2219; x_wconf 69' lang='grc' dir='ltr'>ὶ</span> <span class='ocrx_word' id='word_1_454' title='bbox 1408 2172 1532 2215; x_wconf 83' lang='lat' dir='ltr'>Bastia</span> <span class='ocrx_word' id='word_1_455' title='bbox 1549 2199 1565 2223; x_wconf 85' lang='lat'>,</span> <span class='ocrx_word' id='word_1_456' title='bbox 1592 2169 1762 2212; x_wconf 86' lang='lat' dir='ltr'>Paulum</span> <span class='ocrx_word' id='word_1_457' title='bbox 1791 2168 1963 2210; x_wconf 83' lang='lat' dir='ltr'>Mariam</span> <span class='ocrx_word' id='word_1_458' title='bbox 1992 2169 2011 2209; x_wconf 67' lang='lat' dir='ltr'>a</span> <span class='ocrx_word' id='word_1_459' title='bbox 2034 2170 2163 2219; x_wconf 84' lang='lat' dir='ltr'>Lota,</span> <span class='ocrx_word' id='word_1_460' title='bbox 2193 2181 2239 2208; x_wconf 88' lang='lat' dir='ltr'>ac</span> <span class='ocrx_word' id='word_1_461' title='bbox 2267 2173 2390 2210; x_wconf 71' lang='lat' dir='ltr'>bera-</span> 
     </span>
     <span class='ocr_line' id='line_1_82' title="bbox 1364 2224 2389 2289; baseline -0.009 -15"><span class='ocrx_word' id='word_1_462' title='bbox 1364 2231 1532 2289; x_wconf 83' lang='lat' dir='ltr'>pbinum</span> <span class='ocrx_word' id='word_1_463' title='bbox 1555 2230 1580 2273; x_wconf 69' lang='grc' dir='ltr'>ὲ</span> <span class='ocrx_word' id='word_1_464' title='bbox 1608 2227 1827 2272; x_wconf 86' lang='lat' dir='ltr'>Fiumorbo·</span> <span class='ocrx_word' id='word_1_465' title='bbox 1852 2227 1892 2268; x_wconf 90' lang='lat' dir='ltr'>in</span> <span class='ocrx_word' id='word_1_466' title='bbox 1911 2224 2174 2275; x_wconf 82' lang='lat' dir='ltr'>Difinitores,</span> <span class='ocrx_word' id='word_1_467' title='bbox 2206 2238 2280 2267; x_wconf 91' lang='lat' dir='ltr'>nec</span> <span class='ocrx_word' id='word_1_468' title='bbox 2309 2238 2389 2266; x_wconf 92' lang='lat' dir='ltr'>non</span> 
     </span>
     <span class='ocr_line' id='line_1_83' title="bbox 1364 2283 2390 2345; baseline -0.011 -11"><span class='ocrx_word' id='word_1_469' title='bbox 1364 2288 1575 2345; x_wconf 84' lang='lat' dir='ltr'>Aloyfium</span> <span class='ocrx_word' id='word_1_470' title='bbox 1587 2288 1610 2329; x_wconf 67' lang='grc' dir='ltr'>ὲ</span> <span class='ocrx_word' id='word_1_471' title='bbox 1627 2290 1765 2338; x_wconf 72' lang='lat' dir='ltr'>Luto,</span> <span class='ocrx_word' id='word_1_472' title='bbox 1794 2287 1834 2327; x_wconf 75' lang='grc' dir='ltr'>δι</span> <span class='ocrx_word' id='word_1_473' title='bbox 1847 2286 2012 2328; x_wconf 86' lang='lat' dir='ltr'>Petrum</span> <span class='ocrx_word' id='word_1_474' title='bbox 2034 2285 2203 2326; x_wconf 80' lang='lat' dir='ltr'>Mariam</span> <span class='ocrx_word' id='word_1_475' title='bbox 2230 2284 2249 2324; x_wconf 76' lang='grc' dir='ltr'>ἑ</span> <span class='ocrx_word' id='word_1_476' title='bbox 2267 2283 2390 2325; x_wconf 85' lang='lat' dir='ltr'>Calvi</span> 
     </span>
     <span class='ocr_line' id='line_1_84' title="bbox 1365 2342 2392 2401; baseline -0.009 -10"><span class='ocrx_word' id='word_1_477' title='bbox 1365 2351 1532 2392; x_wconf 81' lang='lat' dir='ltr'>Fratres</span> <span class='ocrx_word' id='word_1_478' title='bbox 1545 2345 1727 2401; x_wconf 77' lang='lat' dir='ltr'>expresse</span> <span class='ocrx_word' id='word_1_479' title='bbox 1744 2342 1939 2388; x_wconf 81' lang='lat' dir='ltr'>Profeffos</span> <span class='ocrx_word' id='word_1_480' title='bbox 1960 2342 2053 2384; x_wconf 67' lang='lat' dir='ltr'>dieti</span> <span class='ocrx_word' id='word_1_481' title='bbox 2069 2342 2289 2392; x_wconf 82' lang='lat' dir='ltr'>Ordinis,in</span> <span class='ocrx_word' id='word_1_482' title='bbox 2305 2344 2392 2383; x_wconf 87' lang='lat' dir='ltr'>Cu-</span> 
     </span>
     <span class='ocr_line' id='line_1_85' title="bbox 1363 2399 2391 2461; baseline -0.01 -11"><span class='ocrx_word' id='word_1_483' title='bbox 1363 2406 1493 2452; x_wconf 80' lang='lat' dir='ltr'>stodes</span> <span class='ocrx_word' id='word_1_484' title='bbox 1505 2402 1686 2461; x_wconf 82' lang='lat' dir='ltr'>ejusdem</span> <span class='ocrx_word' id='word_1_485' title='bbox 1709 2402 1931 2446; x_wconf 83' lang='lat' dir='ltr'>Provinciae</span> <span class='ocrx_word' id='word_1_486' title='bbox 1945 2399 2117 2444; x_wconf 83' lang='lat' dir='ltr'>Corficae</span> <span class='ocrx_word' id='word_1_487' title='bbox 2142 2401 2193 2444; x_wconf 90' lang='lat' dir='ltr'>ad</span> <span class='ocrx_word' id='word_1_488' title='bbox 2213 2411 2391 2455; x_wconf 86' lang='lat' dir='ltr'>tempus,</span> 
     </span>
     <span class='ocr_line' id='line_1_86' title="bbox 1364 2459 2393 2524; baseline -0.01 -16"><span class='ocrx_word' id='word_1_489' title='bbox 1364 2479 1445 2524; x_wconf 86' lang='lat' dir='ltr'>quo</span> <span class='ocrx_word' id='word_1_490' title='bbox 1458 2460 1798 2522; x_wconf 71' lang='lat' dir='ltr'>ejusmodiOfficia</span> <span class='ocrx_word' id='word_1_491' title='bbox 1810 2459 2393 2514; x_wconf 75' lang='lat' dir='ltr'>secfidumRegulariaOrdinis</span> 
     </span>
     <span class='ocr_line' id='line_1_87' title="bbox 1365 2517 2393 2582; baseline -0.013 -13"><span class='ocrx_word' id='word_1_492' title='bbox 1365 2522 1538 2582; x_wconf 59' lang='lat' dir='ltr'>predicti</span> <span class='ocrx_word' id='word_1_493' title='bbox 1559 2520 1742 2564; x_wconf 86' lang='lat' dir='ltr'>instituta</span> <span class='ocrx_word' id='word_1_494' title='bbox 1752 2545 1770 2570; x_wconf 88' lang='lat'>,</span> <span class='ocrx_word' id='word_1_495' title='bbox 1790 2533 1863 2575; x_wconf 86' lang='lat' dir='ltr'>per</span> <span class='ocrx_word' id='word_1_496' title='bbox 1876 2518 2023 2562; x_wconf 89' lang='lat' dir='ltr'>Sedem</span> <span class='ocrx_word' id='word_1_497' title='bbox 2037 2517 2307 2573; x_wconf 64' lang='lat' dir='ltr'>Apostolicam</span> <span class='ocrx_word' id='word_1_498' title='bbox 2321 2529 2393 2570; x_wconf 85' lang='lat' dir='ltr'>ap·</span> 
     </span>
     <span class='ocr_line' id='line_1_88' title="bbox 1366 2575 2394 2641; baseline -0.012 -15"><span class='ocrx_word' id='word_1_499' title='bbox 1366 2581 1535 2641; x_wconf 87' lang='lat' dir='ltr'>probata</span> <span class='ocrx_word' id='word_1_500' title='bbox 1549 2607 1566 2630; x_wconf 88' lang='lat'>,</span> <span class='ocrx_word' id='word_1_501' title='bbox 1585 2578 1734 2622; x_wconf 88' lang='lat' dir='ltr'>durare</span> <span class='ocrx_word' id='word_1_502' title='bbox 1755 2576 2047 2620; x_wconf 75' lang='lat' dir='ltr'>consueverunt</span> <span class='ocrx_word' id='word_1_503' title='bbox 2062 2603 2076 2625; x_wconf 86' lang='lat'>,</span> <span class='ocrx_word' id='word_1_504' title='bbox 2114 2575 2244 2616; x_wconf 83' lang='lat' dir='ltr'>statim</span> <span class='ocrx_word' id='word_1_505' title='bbox 2270 2585 2394 2628; x_wconf 83' lang='lat' dir='ltr'>atque</span> 
     </span>
     <span class='ocr_line' id='line_1_89' title="bbox 1369 2630 2392 2685; baseline -0.014 0"><span class='ocrx_word' id='word_1_506' title='bbox 1369 2639 1519 2685; x_wconf 68' lang='lat' dir='ltr'>ouem</span> <span class='ocrx_word' id='word_1_507' title='bbox 1532 2637 1621 2680; x_wconf 80' lang='lat' dir='ltr'>Filii</span> <span class='ocrx_word' id='word_1_508' title='bbox 1649 2634 1830 2677; x_wconf 85' lang='lat' dir='ltr'>moderni</span> <span class='ocrx_word' id='word_1_509' title='bbox 1856 2633 2122 2677; x_wconf 75' lang='lat' dir='ltr'>Provincialis</span> <span class='ocrx_word' id='word_1_510' title='bbox 2138 2658 2152 2679; x_wconf 89' lang='lat'>,</span> <span class='ocrx_word' id='word_1_511' title='bbox 2182 2646 2229 2673; x_wconf 82' lang='lat' dir='ltr'>ac</span> <span class='ocrx_word' id='word_1_512' title='bbox 2247 2630 2392 2673; x_wconf 83' lang='lat' dir='ltr'>Difini-</span> 
     </span>
     <span class='ocr_line' id='line_1_90' title="bbox 1370 2689 2393 2746; baseline -0.014 -3"><span class='ocrx_word' id='word_1_513' title='bbox 1370 2710 1512 2746; x_wconf 84' lang='lat' dir='ltr'>tores,</span> <span class='ocrx_word' id='word_1_514' title='bbox 1539 2696 1581 2736; x_wconf 83' lang='lat'>&amp;</span> <span class='ocrx_word' id='word_1_515' title='bbox 1597 2691 1793 2736; x_wconf 74' lang='lat' dir='ltr'>Custodes</span> <span class='ocrx_word' id='word_1_516' title='bbox 1808 2692 2030 2734; x_wconf 71' lang='lat' dir='ltr'>Provinciae</span> <span class='ocrx_word' id='word_1_517' title='bbox 2043 2689 2267 2745; x_wconf 85' lang='lat' dir='ltr'>hujusmodi</span> <span class='ocrx_word' id='word_1_518' title='bbox 2285 2699 2393 2730; x_wconf 86' lang='lat' dir='ltr'>tem-</span> 
     </span>
     <span class='ocr_line' id='line_1_91' title="bbox 1371 2747 2391 2813; baseline -0.009 -17"><span class='ocrx_word' id='word_1_519' title='bbox 1371 2769 1445 2813; x_wconf 86' lang='lat' dir='ltr'>pus</span> <span class='ocrx_word' id='word_1_520' title='bbox 1470 2751 1580 2795; x_wconf 86' lang='lat' dir='ltr'>suum</span> <span class='ocrx_word' id='word_1_521' title='bbox 1603 2750 1903 2806; x_wconf 78' lang='lat' dir='ltr'>compleverint</span> <span class='ocrx_word' id='word_1_522' title='bbox 1920 2777 1935 2800; x_wconf 90' lang='lat'>,</span> <span class='ocrx_word' id='word_1_523' title='bbox 1967 2747 2235 2791; x_wconf 86' lang='lat' dir='ltr'>inchoandum</span> <span class='ocrx_word' id='word_1_524' title='bbox 2250 2775 2264 2797; x_wconf 92' lang='lat'>,</span> <span class='ocrx_word' id='word_1_525' title='bbox 2299 2760 2391 2787; x_wconf 87' lang='lat' dir='ltr'>cum</span> 
     </span>
     <span class='ocr_line' id='line_1_92' title="bbox 1369 2805 2394 2863; baseline -0.012 -7"><span class='ocrx_word' id='word_1_526' title='bbox 1369 2811 1583 2861; x_wconf 78' lang='lat' dir='ltr'>omnibus,</span> <span class='ocrx_word' id='word_1_527' title='bbox 1611 2810 1650 2851; x_wconf 73' lang='grc' dir='ltr'>δι</span> <span class='ocrx_word' id='word_1_528' title='bbox 1678 2807 1838 2863; x_wconf 78' lang='lat' dir='ltr'>lingulis</span> <span class='ocrx_word' id='word_1_529' title='bbox 1865 2806 2135 2862; x_wconf 70' lang='lat' dir='ltr'>praerogativis</span> <span class='ocrx_word' id='word_1_530' title='bbox 2163 2833 2179 2856; x_wconf 86' lang='lat'>,</span> <span class='ocrx_word' id='word_1_531' title='bbox 2209 2805 2394 2860; x_wconf 82' lang='lat' dir='ltr'>praeemi·</span> 
     </span>
     <span class='ocr_line' id='line_1_93' title="bbox 1370 2862 2395 2920; baseline -0.011 -7"><span class='ocrx_word' id='word_1_532' title='bbox 1370 2869 1548 2920; x_wconf 86' lang='lat' dir='ltr'>nentiis,</span> <span class='ocrx_word' id='word_1_533' title='bbox 1577 2867 1841 2909; x_wconf 83' lang='lat' dir='ltr'>facultatibus</span> <span class='ocrx_word' id='word_1_534' title='bbox 1860 2891 1876 2913; x_wconf 86' lang='lat'>‚</span> <span class='ocrx_word' id='word_1_535' title='bbox 1906 2864 2159 2907; x_wconf 80' lang='lat' dir='ltr'>authoritate</span> <span class='ocrx_word' id='word_1_536' title='bbox 2178 2891 2194 2912; x_wconf 92' lang='lat'>,</span> <span class='ocrx_word' id='word_1_537' title='bbox 2227 2862 2395 2918; x_wconf 79' lang='lat' dir='ltr'>privile-</span> 
     </span>
     <span class='ocr_line' id='line_1_94' title="bbox 1372 2920 2388 2985; baseline -0.01 -15"><span class='ocrx_word' id='word_1_538' title='bbox 1372 2929 1445 2985; x_wconf 86' lang='lat' dir='ltr'>giis</span> <span class='ocrx_word' id='word_1_539' title='bbox 1461 2956 1476 2977; x_wconf 85' lang='lat'>,</span> <span class='ocrx_word' id='word_1_540' title='bbox 1504 2929 1545 2969; x_wconf 74' lang='grc' dir='ltr'>δι</span> <span class='ocrx_word' id='word_1_541' title='bbox 1570 2924 1763 2974; x_wconf 82' lang='lat' dir='ltr'>indultis,</span> <span class='ocrx_word' id='word_1_542' title='bbox 1792 2937 1838 2965; x_wconf 83' lang='lat' dir='ltr'>ac</span> <span class='ocrx_word' id='word_1_543' title='bbox 1863 2922 2083 2963; x_wconf 84' lang='lat' dir='ltr'>honoribus</span> <span class='ocrx_word' id='word_1_544' title='bbox 2100 2949 2116 2970; x_wconf 92' lang='lat'>,</span> <span class='ocrx_word' id='word_1_545' title='bbox 2144 2921 2184 2961; x_wconf 84' lang='lat'>&amp;</span> <span class='ocrx_word' id='word_1_546' title='bbox 2201 2920 2388 2962; x_wconf 90' lang='lat' dir='ltr'>oneribus</span> 
     </span>
     <span class='ocr_line' id='line_1_95' title="bbox 1374 2976 2394 3037; baseline -0.01 -8"><span class='ocrx_word' id='word_1_547' title='bbox 1374 2983 1502 3029; x_wconf 84' lang='lat' dir='ltr'>solitis</span> <span class='ocrx_word' id='word_1_548' title='bbox 1520 3013 1533 3037; x_wconf 93' lang='lat'>,</span> <span class='ocrx_word' id='word_1_549' title='bbox 1561 2985 1601 3025; x_wconf 88' lang='lat'>&amp;</span> <span class='ocrx_word' id='word_1_550' title='bbox 1621 2980 1818 3024; x_wconf 86' lang='lat' dir='ltr'>consuetis</span> <span class='ocrx_word' id='word_1_551' title='bbox 1832 3008 1848 3031; x_wconf 87' lang='lat'>,</span> <span class='ocrx_word' id='word_1_552' title='bbox 1862 2990 2007 3022; x_wconf 88' lang='lat' dir='ltr'>tenore</span> <span class='ocrx_word' id='word_1_553' title='bbox 2018 2976 2267 3035; x_wconf 73' lang='lat' dir='ltr'>praesentium</span> <span class='ocrx_word' id='word_1_554' title='bbox 2295 2992 2394 3020; x_wconf 88' lang='lat' dir='ltr'>con·</span> 
     </span>
     <span class='ocr_line' id='line_1_96' title="bbox 1374 3039 1948 3095; baseline -0.016 -8"><span class='ocrx_word' id='word_1_555' title='bbox 1374 3044 1597 3091; x_wconf 79' lang='lat' dir='ltr'>stituimus,</span> <span class='ocrx_word' id='word_1_556' title='bbox 1625 3043 1665 3083; x_wconf 83' lang='grc' dir='ltr'>8ι</span> <span class='ocrx_word' id='word_1_557' title='bbox 1683 3039 1948 3095; x_wconf 84' lang='lat' dir='ltr'>deputamus.</span> 
     </span>
    </p>

    <p class='ocr_par' dir='ltr' id='par_1_18' title="bbox 1377 3095 2403 3733">
     <span class='ocr_line' id='line_1_97' title="bbox 1432 3095 2396 3154; baseline -0.01 -9"><span class='ocrx_word' id='word_1_558' title='bbox 1432 3100 1674 3145; x_wconf 85' lang='lat' dir='ltr'>Mandantes</span> <span class='ocrx_word' id='word_1_559' title='bbox 1686 3107 1900 3154; x_wconf 83' lang='lat' dir='ltr'>propterea</span> <span class='ocrx_word' id='word_1_560' title='bbox 1914 3096 1956 3137; x_wconf 89' lang='lat' dir='ltr'>in</span> <span class='ocrx_word' id='word_1_561' title='bbox 1968 3095 2119 3138; x_wconf 83' lang='lat' dir='ltr'>virtute</span> <span class='ocrx_word' id='word_1_562' title='bbox 2133 3097 2277 3137; x_wconf 64' lang='lat' dir='ltr'>Sanctae</span> <span class='ocrx_word' id='word_1_563' title='bbox 2288 3095 2396 3136; x_wconf 90' lang='lat' dir='ltr'>Obe.</span> 
     </span>
     <span class='ocr_line' id='line_1_98' title="bbox 1377 3151 2397 3209; baseline -0.011 -6"><span class='ocrx_word' id='word_1_564' title='bbox 1377 3160 1542 3203; x_wconf 85' lang='lat' dir='ltr'>dientiae</span> <span class='ocrx_word' id='word_1_565' title='bbox 1558 3186 1572 3209; x_wconf 92' lang='lat'>,</span> <span class='ocrx_word' id='word_1_566' title='bbox 1600 3171 1646 3199; x_wconf 89' lang='lat' dir='ltr'>ac</span> <span class='ocrx_word' id='word_1_567' title='bbox 1671 3155 1742 3199; x_wconf 91' lang='lat' dir='ltr'>sub</span> <span class='ocrx_word' id='word_1_568' title='bbox 1767 3153 2049 3209; x_wconf 84' lang='lat' dir='ltr'>indignationis</span> <span class='ocrx_word' id='word_1_569' title='bbox 2083 3154 2218 3195; x_wconf 83' lang='lat' dir='ltr'>nostra:</span> <span class='ocrx_word' id='word_1_570' title='bbox 2244 3181 2259 3203; x_wconf 87' lang='lat'>,</span> <span class='ocrx_word' id='word_1_571' title='bbox 2289 3151 2397 3193; x_wconf 89' lang='lat' dir='ltr'>aliis-</span> 
     </span>
     <span class='ocr_line' id='line_1_99' title="bbox 1378 3209 2396 3276; baseline -0.01 -15"><span class='ocrx_word' id='word_1_572' title='bbox 1378 3232 1457 3276; x_wconf 91' lang='lat' dir='ltr'>que</span> <span class='ocrx_word' id='word_1_573' title='bbox 1476 3216 1633 3259; x_wconf 89' lang='lat' dir='ltr'>arbitrii</span> <span class='ocrx_word' id='word_1_574' title='bbox 1649 3212 1767 3257; x_wconf 77' lang='lat' dir='ltr'>nostri</span> <span class='ocrx_word' id='word_1_575' title='bbox 1783 3212 1914 3267; x_wconf 84' lang='lat' dir='ltr'>poenis</span> <span class='ocrx_word' id='word_1_576' title='bbox 1929 3213 2110 3254; x_wconf 89' lang='lat' dir='ltr'>omnibus</span> <span class='ocrx_word' id='word_1_577' title='bbox 2125 3240 2140 3263; x_wconf 90' lang='lat'>,</span> <span class='ocrx_word' id='word_1_578' title='bbox 2167 3212 2208 3251; x_wconf 85' lang='lat'>&amp;</span> <span class='ocrx_word' id='word_1_579' title='bbox 2236 3209 2396 3264; x_wconf 80' lang='lat' dir='ltr'>singulis</span> 
     </span>
     <span class='ocr_line' id='line_1_100' title="bbox 1380 3269 2397 3329; baseline -0.012 -9"><span class='ocrx_word' id='word_1_580' title='bbox 1380 3275 1605 3320; x_wconf 73' lang='lat' dir='ltr'>Provincia</span> <span class='ocrx_word' id='word_1_581' title='bbox 1625 3271 1816 3329; x_wconf 62' lang='lat' dir='ltr'>praedistae</span> <span class='ocrx_word' id='word_1_582' title='bbox 1827 3270 2106 3326; x_wconf 88' lang='lat' dir='ltr'>Superioribus</span> <span class='ocrx_word' id='word_1_583' title='bbox 2120 3295 2135 3317; x_wconf 79' lang='lat'>,</span> <span class='ocrx_word' id='word_1_584' title='bbox 2168 3269 2397 3319; x_wconf 81' lang='lat' dir='ltr'>Fratribus,</span> 
     </span>
     <span class='ocr_line' id='line_1_101' title="bbox 1377 3325 2399 3385; baseline -0.009 -8"><span class='ocrx_word' id='word_1_585' title='bbox 1377 3337 1418 3377; x_wconf 77' lang='grc' dir='ltr'>δι</span> <span class='ocrx_word' id='word_1_586' title='bbox 1435 3332 1647 3382; x_wconf 82' lang='lat' dir='ltr'>Personis,</span> <span class='ocrx_word' id='word_1_587' title='bbox 1676 3326 1934 3385; x_wconf 66' lang='lat' dir='ltr'>ceterisque,</span> <span class='ocrx_word' id='word_1_588' title='bbox 1963 3328 2012 3370; x_wconf 91' lang='lat' dir='ltr'>ad</span> <span class='ocrx_word' id='word_1_589' title='bbox 2028 3341 2129 3382; x_wconf 80' lang='lat' dir='ltr'>quos</span> <span class='ocrx_word' id='word_1_590' title='bbox 2154 3325 2298 3381; x_wconf 59' lang='lat' dir='ltr'>spectat</span> <span class='ocrx_word' id='word_1_591' title='bbox 2315 3356 2329 3377; x_wconf 93' lang='lat'>,</span> <span class='ocrx_word' id='word_1_592' title='bbox 2357 3327 2399 3368; x_wconf 76' lang='grc' dir='ltr'>δι</span> 
     </span>
     <span class='ocr_line' id='line_1_102' title="bbox 1378 3385 2398 3447; baseline -0.008 -12"><span class='ocrx_word' id='word_1_593' title='bbox 1378 3390 1566 3447; x_wconf 72' lang='lat' dir='ltr'>spectabit</span> <span class='ocrx_word' id='word_1_594' title='bbox 1583 3389 1621 3431; x_wconf 90' lang='lat' dir='ltr'>in</span> <span class='ocrx_word' id='word_1_595' title='bbox 1640 3386 1818 3431; x_wconf 83' lang='lat' dir='ltr'>futurum</span> <span class='ocrx_word' id='word_1_596' title='bbox 1833 3415 1847 3438; x_wconf 92' lang='lat'>,</span> <span class='ocrx_word' id='word_1_597' title='bbox 1877 3397 1918 3427; x_wconf 92' lang='lat' dir='ltr'>ut</span> <span class='ocrx_word' id='word_1_598' title='bbox 1940 3385 2282 3441; x_wconf 84' lang='lat' dir='ltr'>supranominatos</span> <span class='ocrx_word' id='word_1_599' title='bbox 2301 3387 2398 3428; x_wconf 73' lang='lat' dir='ltr'>Fra-</span> 
     </span>
     <span class='ocr_line' id='line_1_103' title="bbox 1379 3441 2401 3500; baseline -0.007 -7"><span class='ocrx_word' id='word_1_600' title='bbox 1379 3463 1463 3493; x_wconf 89' lang='lat' dir='ltr'>tres</span> <span class='ocrx_word' id='word_1_601' title='bbox 1483 3447 1533 3491; x_wconf 90' lang='lat' dir='ltr'>ad</span> <span class='ocrx_word' id='word_1_602' title='bbox 1550 3446 1690 3490; x_wconf 84' lang='lat' dir='ltr'>Officia</span> <span class='ocrx_word' id='word_1_603' title='bbox 1704 3447 1762 3488; x_wconf 85' lang='lat' dir='ltr'>eis</span> <span class='ocrx_word' id='word_1_604' title='bbox 1781 3444 1997 3500; x_wconf 64' lang='lat' dir='ltr'>respective</span> <span class='ocrx_word' id='word_1_605' title='bbox 2014 3457 2084 3498; x_wconf 88' lang='lat' dir='ltr'>per</span> <span class='ocrx_word' id='word_1_606' title='bbox 2098 3441 2310 3499; x_wconf 66' lang='lat' dir='ltr'>presentes</span> <span class='ocrx_word' id='word_1_607' title='bbox 2326 3442 2401 3487; x_wconf 90' lang='lat' dir='ltr'>de-</span> 
     </span>
     <span class='ocr_line' id='line_1_104' title="bbox 1380 3500 2401 3559; baseline -0.007 -9"><span class='ocrx_word' id='word_1_608' title='bbox 1380 3506 1563 3550; x_wconf 86' lang='lat' dir='ltr'>mandata</span> <span class='ocrx_word' id='word_1_609' title='bbox 1588 3531 1604 3553; x_wconf 84' lang='lat'>,</span> <span class='ocrx_word' id='word_1_610' title='bbox 1645 3503 1886 3559; x_wconf 87' lang='lat' dir='ltr'>illorumque</span> <span class='ocrx_word' id='word_1_611' title='bbox 1915 3501 2090 3543; x_wconf 89' lang='lat' dir='ltr'>liberum</span> <span class='ocrx_word' id='word_1_612' title='bbox 2121 3500 2401 3544; x_wconf 55' lang='lat' dir='ltr'>exercitium.)</span> 
     </span>
     <span class='ocr_line' id='line_1_105' title="bbox 1380 3558 2402 3623; baseline -0.009 -16"><span class='ocrx_word' id='word_1_613' title='bbox 1380 3566 1490 3623; x_wconf 87' lang='lat' dir='ltr'>juxta</span> <span class='ocrx_word' id='word_1_614' title='bbox 1525 3562 1745 3605; x_wconf 86' lang='lat' dir='ltr'>earundem</span> <span class='ocrx_word' id='word_1_615' title='bbox 1783 3572 1967 3603; x_wconf 87' lang='lat' dir='ltr'>tenorem</span> <span class='ocrx_word' id='word_1_616' title='bbox 2004 3558 2254 3613; x_wconf 66' lang='lat' dir='ltr'>presentium</span> <span class='ocrx_word' id='word_1_617' title='bbox 2294 3558 2402 3600; x_wconf 80' lang='lat' dir='ltr'>reci-</span> 
     </span>
     <span class='ocr_line' id='line_1_106' title="bbox 1380 3610 2402 3680; baseline -0.01 -15"><span class='ocrx_word' id='word_1_618' title='bbox 1380 3626 1491 3680; x_wconf 88' lang='lat' dir='ltr'>piant</span> <span class='ocrx_word' id='word_1_619' title='bbox 1504 3646 1518 3668; x_wconf 78' lang='lat'>,</span> <span class='ocrx_word' id='word_1_620' title='bbox 1547 3621 1587 3661; x_wconf 77' lang='grc' dir='ltr'>δι</span> <span class='ocrx_word' id='word_1_621' title='bbox 1600 3622 1847 3666; x_wconf 86' lang='lat' dir='ltr'>admittant,</span> <span class='ocrx_word' id='word_1_622' title='bbox 1880 3615 2034 3671; x_wconf 86' lang='lat' dir='ltr'>illisque</span> <span class='ocrx_word' id='word_1_623' title='bbox 2050 3618 2087 3658; x_wconf 87' lang='lat' dir='ltr'>in</span> <span class='ocrx_word' id='word_1_624' title='bbox 2101 3616 2283 3659; x_wconf 88' lang='lat' dir='ltr'>omnibus</span> <span class='ocrx_word' id='word_1_625' title='bbox 2296 3644 2310 3667; x_wconf 85' lang='lat'>,</span> <span class='ocrx_word' id='word_1_626' title='bbox 2325 3610 2402 3656; x_wconf 77' lang='lat' dir='ltr'>Of-</span> 
     </span>
     <span class='ocr_line' id='line_1_107' title="bbox 1386 3673 2403 3733; baseline -0.01 -10"><span class='ocrx_word' id='word_1_627' title='bbox 1386 3682 1471 3723; x_wconf 83' lang='lat' dir='ltr'>ficia</span> <span class='ocrx_word' id='word_1_628' title='bbox 1506 3678 1729 3733; x_wconf 81' lang='lat' dir='ltr'>hujusmodi</span> <span class='ocrx_word' id='word_1_629' title='bbox 1754 3674 2097 3721; x_wconf 86' lang='lat' dir='ltr'>concernentibus</span> <span class='ocrx_word' id='word_1_630' title='bbox 2122 3673 2282 3715; x_wconf 84' lang='lat' dir='ltr'>faveant</span> <span class='ocrx_word' id='word_1_631' title='bbox 2305 3703 2320 3725; x_wconf 87' lang='lat'>,</span> <span class='ocrx_word' id='word_1_632' title='bbox 2362 3674 2403 3713; x_wconf 77' lang='grc' dir='ltr'>δι</span> 
     </span>
    </p>
   </div>
   <div class='ocr_carea' id='block_1_16' title="bbox 1386 3731 2404 3830">
    <p class='ocr_par' dir='ltr' id='par_1_19' title="bbox 1386 3731 2404 3830">
     <span class='ocr_line' id='line_1_108' title="bbox 1386 3731 2404 3800; baseline -0.011 -18"><span class='ocrx_word' id='word_1_633' title='bbox 1386 3738 1554 3797; x_wconf 76' lang='lat' dir='ltr'>assillant</span> <span class='ocrx_word' id='word_1_634' title='bbox 1578 3764 1594 3790; x_wconf 97' lang='lat'>,</span> <span class='ocrx_word' id='word_1_635' title='bbox 1620 3747 1865 3796; x_wconf 85' lang='lat' dir='ltr'>pareantque</span> <span class='ocrx_word' id='word_1_636' title='bbox 1882 3760 1897 3785; x_wconf 93' lang='lat'>,</span> <span class='ocrx_word' id='word_1_637' title='bbox 1925 3733 1966 3775; x_wconf 75' lang='grc' dir='ltr'>δι</span> <span class='ocrx_word' id='word_1_638' title='bbox 1995 3732 2189 3775; x_wconf 88' lang='lat' dir='ltr'>obediant</span> <span class='ocrx_word' id='word_1_639' title='bbox 2217 3731 2404 3800; x_wconf 58' lang='lat' dir='ltr'>respecti-</span> 
     </span>
     <span class='ocr_line' id='line_1_109' title="bbox 2270 3802 2346 3830; baseline -0.026 0"><span class='ocrx_word' id='word_1_640' title='bbox 2270 3802 2346 3830; x_wconf 85' lang='lat' dir='ltr'>ve.</span> 
     </span>
    </p>
   </div>
  </div>
 </body>
</html>
