2762 4088
805 209 1810 310 ISAGOGES.
2169 256 2354 319 xxv.

256 343 323 406 in
358 336 583 431 quibus
614 331 945 423 requiritur
980 330 1233 399 facultas
1275 332 1620 424 specialiter
1656 334 1935 409 concefla
1956 387 1971 414 ,
2015 342 2076 406 ὃ(
2114 368 2246 435 quae
2284 370 2418 411 non

258 436 525 501 veniunt
558 429 628 492 in
667 427 949 516 generali
988 427 1423 495 commistione
1454 482 1470 508 ‚
1517 448 1690 500 tenet
1731 435 2110 501 declarando
2154 438 2420 506 affirma·

257 531 454 597 tivam
489 519 859 587 sententiam
900 520 1098 588 Felin.
1144 525 1215 588 in
1256 546 1384 613 cap.
1406 572 1423 598 ,
1473 526 1639 614 quod
1661 529 1853 614 fhper
1900 527 1996 594 his
2036 528 2106 594 de
2155 529 2285 599 Fid.
2326 539 2423 599 in-

256 615 465 702 strum.
493 616 648 681 Abb.
680 617 752 681 in
792 634 919 704 cap.
959 616 1172 707 quoad
1199 620 1688 686 translationem
1729 620 1799 687 de
1836 616 2006 706 Offir.
2042 617 2249 710 Deleg.
2275 674 2291 702 ‚
2342 625 2421 694 ὃ*

255 716 327 781 in
374 733 419 778 c.
448 709 540 776 ad
567 708 1010 779 Eminentiam
1054 711 1127 777 de
1166 711 1339 778 Sent.
1375 734 1593 779 excom.
1622 762 1639 789 ‚
1689 713 1769 784 ὃ)
1819 718 1890 781 in
1932 714 2089 800 const
2120 740 2223 800 94.
2267 722 2337 787 in
2373 742 2427 783 2.

256 805 386 877 dub.
427 805 541 872 vol.
558 828 611 870 2.
658 802 840 872 Cron.
877 806 1125 893 cons-'15
1148 826 1197 887 5.
1233 809 1304 874 in
1329 804 1455 893 fin.
1505 808 1700 878 vola.
1738 809 1949 898 Paris?
1983 810 2140 894 const
2158 832 2211 873 2.
2248 812 2350 878 col.
2380 833 2428 876 1.

240 902 372 969 ¹vol.
395 910 462 966 '2.
520 922 657 965 cum
701 901 851 965 aliis
893 900 1116 967 relatis
1149 917 1267 987 per
1309 897 1723 987 Mastardum
1762 902 1833 969 de
1862 901 2033 991 prob.
2074 904 2254 970 concl.
2282 910 2427 971 268.

261 1020 322 1064 n.
344 1017 394 1077 5.
428 992 623 1061 Gabr.
658 996 866 1061 concil.
886 1018 941 1077 3.
974 993 1046 1062 de
1073 993 1244 1082 prob.
1284 1017 1450 1060 num.
1483 1018 1577 1060 10.
1600 1046 1616 1072 ‚
1656 992 1735 1064 δ’
1767 1014 1886 1084 per·
1917 994 2104 1063 Caret,
2139 996 2212 1064 de
2249 996 2428 1064 Luca

261 1090 334 1158 de
369 1087 609 1175 ,jurg‘ch
648 1088 783 1176 ἄψ.
812 1095 910 1154 82.
953 1111 1238 1165 num.2.„
1267 1085 1348 1159 ἑὲ)
1374 1107 1494 1178 per
1528 1089 1791 1179 Pignat.
1843 1107 1989 1160 tom.
2020 1111 2116 1157 10.
2155 1091 2312 1179 cons?
2328 1114 2430 1174 33.

262 1207 430 1251 num.
464 1207 564 1266 23.

445 1279 820 1344 Dummodo
841 1292 1056 1344 tamen
1071 1278 1429 1345 Cardinalis
1452 1277 1811 1367 hujufinodi
1842 1276 2128 1370 specialia
2148 1301 2439 1347 exercere

263 1395 400 1439 non
437 1371 828 1439 consueverit
848 1422 865 1449 ,
902 1389 970 1439 ut
979 1390 1097 1460 per
1119 1371 1308 1440 Filin.
1328 1377 1400 1446 in
1441 1397 1487 1440 c.
1508 1397 1644 1441 cum
1665 1376 1896 1460 injure
1909 1378 2153 1461 peritus
2174 1375 2338 1457 col.4.
2362 1373 2435 1442 de

265 1464 406 1556 offic.
443 1463 646 1555 Deleg.
698 1465 867 1534 Cala-¹.
907 1469 1064 1556 const
1079 1492 1132 1534 2.
1168 1470 1239 1534 in
1272 1473 1374 1538 tit..
1401 1468 1472 1536 de
1509 1465 1678 1556 Offic.
1696 1470 1809 1557 leg.
1831 1467 2159 1556 [Hastard.
2182 1468 2252 1535 de
2268 1467 2435 1556 prob.

265 1560 445 1634 concl.
472 1568 616 1642 2'58.
658 1585 824 1630 num.
859 1586 988 1646 14.‚
1023 1565 1128 1629 vel
1166 1564 1314 1629 alias
1342 1565 1668 1631 Cardinali
1705 1561 2058 1650 hujusmodi
2104 1562 2441 1652 privilegia

266 1655 535 1726 concedi
570 1679 706 1721 non
742 1654 812 1721 fit
844 1658 1131 1734 solitum,
1180 1682 1321 1724 cum
1359 1657 1554 1724 stante
1602 1656 2055 1724 consuetudine
2078 1658 2185 1723 tali
2225 1658 2438 1722 eidem

267 1745 414 1818 esset
463 1752 649 1840 plena
694 1748 849 1819 fides
894 1749 1303 1828 adhibenda,
1352 1750 1583 1820 etiams]
1627 1755 1695 1820 in
1743 1753 2015 1842 generali
2061 1747 2445 1818 commiffio-

267 1868 350 1910 ne
368 1844 633 1911 Oracula
675 1868 811 1910 non
855 1842 1084 1912 fuerint
1133 1844 1410 1938 exprefla
1440 1898 1457 1926 ,
1505 1849 1595 1914 uti
1629 1866 1808 1914 notat
1840 1847 1992 1913 Abb.
2038 1847 2109 1915 in
2146 1864 2272 1933 cap.
2316 1843 2441 1911 de)

269 1938 714 2007 Eminentiam
748 1942 885 2018 cit„
933 1942 994 2008 &
1032 1940 1287 2009 ibicum
1309 1943 1442 2008 aliis
1464 1993 1481 2020 ,
1531 1945 1641 2035 qui
1681 1941 2198 2009 consuetudinem
2228 1959 2444 2006 tamen

269 2031 667 2126 probandam
710 2031 830 2100 effi:
878 2035 1175 2102 statuunt.

462 2131 538 2194 V.
588 2131 745 2194 Non
794 2124 913 2194 efle
954 2129 1239 2198 standum
1272 2133 1601 2199 Cardinali
1647 2130 1931 2198 afferenti
1977 2130 2322 2220 quemdam
2364 2122 2446 2191 es:

272 2222 335 2290 fi:
355 2225 749 2290 Familiarem
779 2223 952 2290 suum
979 2229 1080 2292 ·ad
1127 2227 1420 2293 effeeium
1446 2277 1463 2304 ,
1509 2244 1575 2292 ut
1610 2232 1691 2295 de
1724 2224 1911 2314 ipfius
1954 2222 2276 2290 beneficiis
2310 2215 2450 2313 pos-‘-

276 2316 350 2383 fit
384 2316 755 2407 disponere,
796 2335 970 2383 tenet
994 2321 1265 2388 Sarnen.
1307 2325 1378 2387 in
1397 2321 1616 2409 Regul.
1660 2321 1731 2387 de
1754 2324 1960 2408 impet.
1985 2336 2100 2406 per
2156 2318 2294 2384 obit.
2327 2313 2449 2380 Fa-

282 2411 412 2476 mil.
477 2409 663 2478 Car-d.
734 2412 932 2503 quaest.
1004 2436 1098 2496 13.
1174 2414 1559 2503 Mastardus
1632 2415 1704 2481 de
1762 2415 2005 2503 probat.
2066 2413 2245 2480 concl.
2301 2415 2449 2498 268.

278 2528 446 2571 num.
489 2529 589 2588 23.

465 2600 618 2683 Qae
659 2602 877 2665 omnia
905 2602 986 2666 de
1011 2604 1336 2670 Cardinali
1370 2606 1437 2669 in
1467 2604 1612 2669 loco
1634 2653 1651 2680 ‚
1690 2602 1758 2666 in
1777 2626 1908 2692 quo
1927 2604 2122 2690 Papa,
2144 2599 2223 2665 ad
2253 2619 2444 2690 quem

279 2693 461 2761 facile
497 2695 726 2761 recurri
768 2693 974 2785 potest
1013 2744 1030 2771 ‚
1083 2719 1215 2763 non
1254 2715 1530 2763 moratur
1557 2746 1574 2773 ‚
1621 2695 1920 2760 existente
1954 2744 1971 2771 ‚
2019 2695 2079 2758 &
2119 2688 2453 2764 afferente,

278 2789 449 2855 dicta
484 2790 781 2856 adverte:
827 2790 971 2854 talia
1010 2792 1222 2869 enim,
1266 2789 1310 2856 fi
1345 2793 1412 2856 in
1454 2791 1599 2856 loco
1642 2792 1823 2878 Papae
1875 2786 2201 2853 residentis
2242 2785 2449 2851 obtin-

282 2897 554 2972 gerent,
613 2879 815 2972 ipsum
865 2887 900 2950 “a
950 2885 1213 2950 veritate
1251 2886 1566 2950 declinare
1613 2905 1747 2946 non
1790 2881 1876 2947 est
1918 2880 2446 2971 praesumendum,

282 2979 345 3042 δί
392 2978 685 3066 quamvis
732 2978 1101 3043 mandatum
1137 2979 1445 3067 Principis
1486 3000 1621 3040 non
1668 2972 1965 3063 probetur
2009 2971 2122 3038 nisi
2167 2995 2279 3062 per
2317 2969 2450 3036 scri-

286 3078 539 3162 pturam
579 3069 671 3134 ad
687 3085 834 3136 text.
864 3072 950 3136 in.
987 3073 1023 3136 l.
1045 3075 1230 3138 unica
1252 3072 1368 3139 ubi
1403 3094 1447 3137 c.
1477 3070 1547 3136 de
1589 3067 1796 3135 mand.
1834 3066 2045 3133 Princ.
2075 3066 2201 3130 hoc
2236 3083 2449 3131 tamen

287 3167 505 3230 locum
534 3187 669 3229 non
711 3160 902 3230 habet
949 3213 966 3239 ‚
1033 3168 1292 3253 quando
1332 3166 1626 3252 Princeps
1683 3159 2000 3227 cunctatur
2048 3159 2115 3223 in
2169 3159 2442 3223 eadem-³

288 3257 570 3324 Civitate
595 3304 611 3330 ‚
660 3258 720 3320 &
754 3258 838 3322 ita
878 3255 1060 3323 facile
1078 3262 1264 3348 copia
1295 3258 1575 3324 mandati
1613 3254 1826 3323 haberi
1853 3250 2035 3343 poffit
2056 3301 2072 3327 ,
2106 3250 2197 3316 uti
2240 3248 2451 3315 conci-

283 3352 506 3418 ·liando
543 3350 898 3415 Doctorum
950 3352 1327 3441 opinionem
1360 3350 1559 3417 firmat
1604 3348 1766 3415 idem
1801 3347 1993 3414 Gabr.
2038 3344 2108 3411 de
2148 3341 2316 3432 prob.
2362 3340 2452 3407 di-

291 3444 394 3514 &a
447 3445 626 3511 concl.
650 3469 704 3527 3.
752 3468 916 3509 num.
942 3467 1073 3532 19.,
1124 3443 1351 3535 &seq
1382 3467 1517 3511 cum
1565 3442 1652 3509 ibi
1689 3443 1942 3510 relatis.

477 3542 641 3603 Tam
683 3539 886 3604 tenaci
920 3539 1127 3629 rigore
1174 3541 1325 3605 dum
1345 3539 1655 3605 Doctores
1697 3536 2050 3629 procedunt
2093 3529 2257 3594 circa
2301 3530 2452 3592 Car-

296 3635 534 3700 dinales
568 3683 585 3710 ‚
645 3656 915 3724 quorum
954 3636 1132 3699 Sacra
1180 3633 1451 3722 dignitas
1494 3632 1686 3698 fidem
1727 3630 2014 3694 omnium
2058 3623 2127 3689 in
2158 3646 2455 3713 acquum,-

300 3725 669 3818 obsequium
721 3729 1037 3818 captivare
1084 3725 1343 3795 deberet
1371 3777 1387 3804 ,
1451 3726 1628 3792 facile
1668 3722 2027 3795 deducitur,
2076 3717 2282 3875 mings
2329 3737 2455 3779 cre-

1589 3841 1625 3883 e
2263 3831 2364 3873 Cn-
