2774 4068
1096 229 1669 319 Marchiae.

328 358 499 400 narum,
518 348 560 391 δι
573 351 807 403 temporum
833 341 1102 400 qualitatibus
1118 347 1259 391 debiti:
1273 363 1377 405 pen·

328 402 420 448 satis
437 434 451 459 ,
473 404 740 463 conspicimus
769 400 810 445 in
846 402 1027 445 Domino
1056 404 1273 448 salubriter
1300 421 1374 450 ex-

2251 240 2413 349 189

1436 362 1483 394 to
1523 346 1872 405 congregationis
1916 347 2227 395 Venerabilium
2283 355 2478 399 Fratrum

1435 409 1679 453 Nostrorum
1691 413 1730 451 S.
1750 410 1945 452 Romanae
1961 408 2151 452 Ecclesiae
2175 411 2477 467 cardinalium,

325 464 501 522 pedire.
531 461 724 509 Exhibita
761 459 958 530 liquidem
978 463 1111 507 Nobis
1146 477 1277 518 nuper
1305 479 1381 520 pro
1439 467 1617 524 negotiis
1634 466 1904 520 Regularium
1921 467 2340 526 praepositorum,per
2357 474 2478 529 Apo·

325 534 445 580 parte
482 521 739 567 Dilectorum
802 520 1001 567 Filiorum
1038 524 1379 578 Deputatorum„
1440 527 1579 570 stolica
1608 523 1757 581 scripta
1783 522 2055 576 mandamus,
2081 537 2279 582 quatenus
2308 530 2362 573 de
2376 545 2479 588 prae-

324 579 609 628 Universitatis
620 610 637 633 ,
652 581 694 623 δι
728 581 954 627 Hominum
972 581 1072 626 Loci
1090 580 1274 627 Fabriani
1293 586 1379 625 Ca-

328 640 529 687 merinen.
550 638 751 684 Dioecefis
777 669 793 694 ,
817 655 863 685 ac
888 638 1254 687 confraternitatis
1277 647 1377 685 san-

338 697 490 743 cummi
505 698 762 754 sacramenti
780 727 794 753 ,
812 697 856 744 in
872 698 1047 746 seculari
1060 729 1076 753 ,
1099 702 1139 743 δι
1163 699 1374 756 collegia-

335 768 379 802 ta
406 755 592 802 Ecclesia
619 759 758 804 Sancti
780 759 973 804 Venantii
1011 759 1107 803 dicti
1147 760 1250 803 Loci
1290 763 1375 802 Ca-

325 816 474 861 nonice
487 817 695 871 institutae,
708 819 824 876 petio
837 818 1075 863 continebat
1089 816 1241 875 :Quod
1255 817 1355 862 aliis

320 876 606 931 Universitas,
643 879 683 921 &
709 877 911 923 Homines
934 878 1115 935 praedicti
1133 906 1148 930 ,
1186 878 1255 933 pio
1284 875 1358 920 de-

321 936 506 982 votionis
532 937 654 990 zelo,
672 939 715 981 δε
729 937 872 981 affectu
888 937 999 982 dusti
1015 967 1033 991 ,
1046 936 1266 982 nonnullas
1285 949 1359 990 pe-

321 995 534 1041 cuniarum
558 995 823 1051 summas,ad
843 996 1049 1041 tredecim
1092 996 1220 1040 millia
1251 995 1362 1039 scuta

326 1065 505 1100 monetae
535 1054 833 1107 ascendentes,
864 1069 916 1100 ex
949 1055 1265 1114 elargitionibus
1284 1085 1299 1106 ,
1323 1055 1366 1096 δι

323 1115 597 1173 eleemosynis
618 1114 959 1160 Christifidelium
980 1114 1264 1160 coadunarunt
1281 1142 1294 1164 ,
1324 1115 1364 1158 Sc

322 1175 377 1219 de
412 1174 495 1218 illis
532 1172 740 1231 quoddam
780 1172 1077 1219 Monasterium
1114 1174 1361 1219 monialium

321 1235 628 1291 Capucinarum
655 1242 980 1290 nuncupatarum
1007 1234 1176 1279 Ordinis
1203 1231 1357 1279 &Cla-

321 1308 405 1345 rae,
434 1291 506 1336 sub
539 1292 800 1336 invocatione
824 1296 866 1338 S.
885 1291 1050 1351 Josephi
1087 1295 1130 1338 in
1168 1291 1359 1338 eodem-0.

320 1354 445 1404 loco,
476 1365 571 1395 cum
608 1352 788 1396 Ecclesia
814 1378 830 1399 ,
871 1353 939 1396 seu
975 1351 1154 1411 Capella
1180 1383 1196 1403 ‚
1231 1354 1357 1396 Cam-

319 1412 469 1471 panili,
499 1412 739 1467 campanis,
781 1410 1027 1458 Refcstorio
1064 1411 1354 1462 Dormitorio,

319 1470 597 1522 coemeterio‚
630 1469 841 1524 claustriS,
877 1474 987 1518 Arca
1003 1501 1018 1525 ,
1044 1472 1221 1522 Hortis,
1257 1472 1356 1514 hor-

320 1530 488 1582 talitiis,
514 1529 662 1582 cellis,
689 1530 855 1589 aliifilue
869 1530 1074 1582 officinis,
1105 1529 1352 1577 &membris

318 1586 552 1635 necessariis
567 1617 582 1641 ,
593 1589 888 1647 &opportunis
918 1588 1108 1636 fabricari
1131 1599 1354 1636 curarunt:

318 1653 360 1693 &
387 1662 439 1693 ne
466 1648 567 1692 tanti
597 1650 732 1703 operis
761 1649 816 1706 pii
847 1652 1042 1694 executio
1080 1649 1354 1700 retardetur,

319 1708 370 1753 ad
398 1708 478 1751 Dei
508 1706 805 1763 omnipotentis
833 1707 1025 1760 laudem,
1050 1723 1096 1752 ac
1121 1708 1353 1767 Religionis

318 1769 622 1811 incrementum
638 1794 653 1818 ,
674 1765 724 1811 ad
756 1768 862 1819 boc,
885 1777 929 1810 ut
955 1766 1190 1813 monasterii
1225 1765 1357 1825 hujus.

317 1826 433 1870 modi
482 1824 682 1870 institutio
713 1836 871 1884 quanto
911 1826 1035 1872 citius
1089 1825 1358 1878 absolvatur,

317 1886 522 1943 Deputati
543 1913 559 1937 ,
597 1885 641 1927 δι
689 1883 934 1931 Confratres
976 1885 1155 1944 praedicti
1194 1885 1353 1930 *eidem

317 1945 569 1990 Monasterio
593 1954 776 1989 trecenta
806 1943 918 1989 scuta
943 1955 1120 1990 monetae
1141 1960 1193 1989 ex
1214 1943 1354 1990 reddi.

313 2005 426 2049 tibus
450 2003 566 2047 dietae
592 2003 988 2057 confraternitatis,
1012 2020 1101 2063 quae
1127 2005 1209 2063 ipsa
1231 2007 1350 2050 Con-

314 2063 547 2109 fraternitas
560 2061 611 2106 ad
630 2062 670 2107 id
683 2061 949 2116 sufficienter,
968 2065 1052 2107 imo
1063 2068 1350 2111 exuberanter

307 2120 517 2182 pauidas,
543 2122 811 2179 percipienda
835 2150 852 2172 a
885 2139 962 2181 pro
997 2124 1222 2169 duodecim
1263 2125 1355 2169 Mo-

314 2181 484 2226 nialium
499 2182 570 2235 ,in
595 2181 875 2235 Monasterio,
899 2183 1040 2238 vigore
1066 2182 1321 2240 praesentium
1337 2210 1354 2233 ,

314 2242 544 2299 erigendo,
571 2238 797 2296 hujusmodi
827 2242 1071 2296 quantitatis
1088 2269 1103 2293 ,
1128 2243 1170 2285 δι
1204 2238 1355 2299 absque

314 2299 487 2357 alicujus
514 2298 682 2343 Dotalis
703 2298 975 2355 eleemosyna.-
1004 2298 1234 2352 solutione,
1270 2313 1359 2343 non

315 2357 442 2402 solum
456 2360 533 2402 hac
547 2359 679 2416 prima
714 2358 833 2410 vice,
869 2358 940 2403 sed
975 2359 1102 2404 etiam
1138 2359 1356 2417 perpetuis

314 2417 464 2462 suturis
496 2417 751 2475 temporibus
781 2417 1177 2463 introducendarum
1211 2431 1350 2463 manu-

314 2478 504 2522 tentione
516 2477 659 2528 ,annis
675 2475 839 2533 singulis
874 2476 1112 2534 persolvere
1157 2476 1353 2533 promise-

313 2546 438 2585 runt,
463 2535 515 2580 ad
541 2534 665 2592 idque
681 2536 882 2589 realiter,
908 2538 949 2578 δι
975 2550 1070 2579 cum
1098 2535 1243 2580 effectu
1269 2536 1351 2579 sese

316 2599 359 2640 in
384 2605 634 2654 perpetuum
660 2595 825 2648 valide,
861 2597 903 2638 δι
928 2595 1151 2640 efficaciter
1169 2596 1346 2652 ‘obliga-

311 2656 1348 2770 Eugdsratssugnatrehuffdsmgditeblossiespusfuaeiltorlitdlniili}

311 2782 378 2821 ter
399 2772 918 2830 supplicatum,quatenus
951 2784 1094 2816 eorum
1136 2773 1206 2828 pio
1243 2770 1344 2813 desi·-

311 2831 432 2875 derio
466 2830 698 2889 hujusmodi
742 2845 924 2875 annuere
948 2860 964 2884 ,
996 2828 1174 2888 aliasque
1219 2829 1342 2874 desu-

310 2904 388 2948 per
401 2890 626 2946 providere
644 2919 659 2941 ,
682 2889 736 2933 de
754 2891 1007 2947 benignitate
1030 2889 1265 2945 Apostolica
1278 2889 1344 2930 di-

311 2962 560 3007 gnaremur.
594 2952 682 2991 Nos
706 2948 835 3003 igitur
853 2977 868 3000 ,
893 2950 963 3005 qui
989 2949 1216 2992 animarum
1241 2946 1348 2991 salu·

310 3021 422 3060 tem,
447 3007 671 3063 Divinique
692 3004 827 3049 cultiis
846 3017 1166 3062 augumentum,
1193 3008 1238 3049 δε
1261 3008 1348 3050 Re·

311 3069 511 3125 ligionum
536 3064 813 3123 quarumlibet
841 3067 1179 3122 propagationem
1196 3064 1347 3108 nostris

309 3126 554 3185 potissimum
592 3122 883 3179 temporibus,
916 3124 1085 3168 finceris
1132 3121 1345 3168 affefflbus

308 3196 549 3243 exoptamus
565 3214 581 3237 ,
604 3182 768 3227 eosdem
798 3185 1023 3238 Deputatos
1041 3212 1057 3236 ,
1092 3183 1135 3224 &
1165 3181 1340 3226 Confra-

309 3255 394 3290 tres
419 3245 461 3288 in
490 3255 574 3286 tarn
599 3241 792 3286 laudabili
831 3243 1039 3298 proposito
1070 3241 1339 3287 confovere„

308 3298 1341 3419 {00353‘32zbfflc'sqzffi„tzffizfissfiz'lt‘ss'ssxt

309 3422 458 3476 sionis,
500 3424 542 3466 &
582 3419 813 3466 interdum,
851 3417 1020 3477 aliisque
1055 3416 1349 3468 Ecclesiasticis

306 3481 549 3535 sententiis,
575 3479 782 3532 censuris,
805 3479 845 3522 δι
872 3479 1037 3535 poenis,
1065 3475 1087 3520 i
1115 3477 1243 3535 Jure,
1275 3476 1346 3523 vel

306 3540 359 3584 ab
381 3541 546 3585 homine
561 3569 577 3593 ,
602 3542 744 3597 quavis
767 3537 977 3582 occasione
993 3569 1010 3592 ,
1044 3536 1111 3580 vel
1136 3534 1254 3582 causta
1280 3536 1341 3581 la-

306 3600 390 3652 tis,
427 3598 454 3642 fi
492 3601 638 3658 quibus
673 3596 987 3656 quomodolibet
1030 3593 1214 3642 innodati
1253 3594 1342 3639 exi·

306 3658 412 3702 stunt
426 3686 442 3711 ,
456 3659 508 3704 ad
531 3658 720 3704 effectum
745 3657 1000 3715 praesentium
1022 3656 1222 3699 duntaxat
1239 3667 1340 3697 oon·

305 3716 582 3775 sequendum,
608 3720 751 3763 harum
775 3716 880 3761 serie
896 3716 1155 3760 absolventes
1174 3742 1188 3765 ,
1214 3714 1340 3760 &ab-

306 3778 461 3821 solutos
489 3773 580 3820 sore
601 3776 851 3828 censentes,
879 3773 1107 3834 hujusmodi
1142 3770 1341 3829 supplica-

303 3837 480 3884 tionibus
506 3834 726 3889 inclinati,
756 3835 1006 3881 Discretioni
1042 3837 1163 3888 Tuae,
1189 3846 1241 3876 ex
1262 3845 1332 3878 vo·

1440 583 1560 631 mitiis
1582 584 1774 629 omuibus
1792 612 1807 636 ,
1831 586 1872 627 δι
1901 582 2066 640 lingulis
2083 612 2098 637 ,
2136 596 2361 643 eorumque
2395 591 2477 634 cir.

1436 642 1688 689 cumflantiis
1718 639 1910 685 universis
1934 641 2112 709 inquiras
2132 672 2149 696 ,
2180 644 2473 694 auctoritate...

1435 699 1613 748 Nostra,
1643 700 1884 758 diligentius
1914 712 2166 753 veritatem,
2196 702 2238 745 ἃ,
2266 700 2295 746 si
2325 717 2398 759 per
2413 706 2476 747 in·

1437 759 1693 818 quisitionem
1717 759 1908 803 eamdem
1935 758 2126 815 premissa
2159 773 2257 803 vera
2297 759 2377 805 effe
2415 777 2476 806 re·-

1422 818 1583 877 pereris
1605 845 1621 871 ,
1650 832 1698 861 ac
1728 818 1782 861 de
1814 818 2098 874 promissione,
2124 818 2473 875 &obligationQ

1422 892 1493 936 per
1521 877 1650 921 distos
1680 875 1930 924 Confratres
1959 882 2164 935 perpetuo
2186 879 2223 921 in
2245 875 2374 922 forma
2398 879 2474 936 Ju-

1422 940 1476 982 ris
1508 936 1643 981 valida
1669 934 1812 989 fastis,
1839 936 1952 991 prius
1977 939 2071 982 Tibi
2106 936 2296 996 legitime
2325 939 2476 981 consti-

1424 999 1528 1041 terit
1542 1025 1557 1049 ,
1575 996 1870 1044 Monasterium
1891 994 1942 1042 fic
1959 997 2231 1044 constructum
2245 1023 2262 1048 ‚
2275 1009 2322 1040 ac
2340 998 2475 1040 omni-

1427 1059 1501 1100 bus
1527 1056 1732 1105 numeris,
1748 1056 1788 1101 δι
1805 1055 1988 1112 partibus
2003 1056 2081 1102 suis
2102 1055 2331 1101 absolutum
2347 1084 2362 1107 ,
2398 1054 2476 1100 de-

1426 1117 1593 1172 bitaque
1609 1143 1624 1167 ,
1651 1117 1693 1162 δι
1717 1115 1991 1159 conveniente
2021 1115 2206 1161 clausura
2237 1115 2441 1160 munitum
2457 1143 2473 1168 ,

1425 1177 1466 1221 in
1508 1175 1800 1221 Monasterium
1841 1176 2087 1222 Monialium
2129 1175 2339 1232 Capucina
2351 1181 2474 1219 rum..

1421 1244 1777 1291 nuncupatarum,
1815 1233 1981 1278 Ordinis
2024 1237 2172 1280 Sancta:
2211 1234 2373 1280 Clara,
2403 1230 2473 1276 sub

1418 1294 1679 1338 invocatione
1709 1292 1843 1339 sancti
1863 1293 2029 1351 Josephi
2046 1308 2121 1350 pro
2134 1294 2346 1351 perpetuis
2362 1288 2439 1334 usu
2455 1318 2472 1343 ,

1416 1356 1459 1400 δι
1499 1354 1756 1399 habitatione
1806 1352 1923 1396 unius
1968 1350 2180 1397 Abbatiffae
2204 1381 2220 1407 ,
2259 1354 2300 1398 ἃ.
2333 1349 2471 1398 unde·

1415 1415 1496 1457 cim
1535 1412 1779 1456 Monialium
1808 1439 1823 1464 ,
1857 1425 1944 1468 quae
1980 1414 2020 1456 in
2067 1423 2203 1456 totum
2251 1422 2471 1457 numerum

1415 1470 1638 1518 duodecim
1689 1468 1911 1515 conficiunt
1939 1500 1954 1524 ,
1997 1471 2218 1529 omnesque
2269 1471 2468 1519 Habitum

1414 1546 1491 1590 per
1549 1529 1647 1574 alias
1713 1530 1918 1574 Moniales
1963 1529 2061 1573 dieti
2112 1531 2290 1577 Ordinis
2337 1528 2473 1590 gesta-

1416 1593 1451 1635 ri
1492 1589 1656 1635 solitum
1685 1589 1888 1646 suscipere
1916 1616 1932 1640 a
1975 1604 2020 1636 ac
2057 1587 2349 1635 Profeslionem
2388 1602 2464 1644 per

1414 1666 1481 1697 eas
1509 1650 1648 1694 emitti
1690 1649 1884 1702 solitam,
1922 1650 2151 1701 emittere,
2190 1650 2230 1692 8(
2258 1648 2357 1695 inibi
2386 1646 2458 1691 sub

1414 1719 1635 1769 perpetua
1669 1707 1855 1755 clausura
1877 1735 1893 1758 2
1936 1722 1983 1752 ac
2025 1708 2212 1768 regulari
2249 1707 2468 1753 observan-

1419 1772 1479 1816 tia
1494 1797 1510 1822 ,
1543 1783 1591 1814 ac
1620 1767 1867 1813 humilitatis
1899 1767 2070 1824 spiritu,
2093 1766 2161 1812 sub
2177 1767 2434 1824 protectione
2450 1794 2467 1818 ,

1417 1843 1515 1873 cura
1531 1858 1546 1880 ,
1564 1828 1788 1887 regimine,
1811 1826 2090 1885 jurisdictione
2109 1856 2127 1880 ,
2146 1826 2432 1886 superioritate
2446 1854 2465 1878 ,

1415 1887 1646 1936 visitatione
1661 1917 1676 1938 ,
1702 1889 1742 1931 δε
1767 1887 2027 1931 correctione
2041 1887 2255 1933 Ordinarii
2273 1885 2372 1931 Loci
2388 1898 2466 1942 pro

1414 1958 1609 2004 tempore
1634 1947 1844 1994 existentis
1858 1977 1875 2000 ,
1899 1947 2039 1992 vivere
2068 1947 2272 1998 debeant,
2308 1946 2365 1989 ita
2398 1955 2462 1986 ta·

1408 2021 1533 2057 men,
1570 2006 1686 2061 quod
1714 2006 1812 2052 dicti
1851 2004 2099 2053 Consi-atres
2129 2015 2319 2050 trecenta
2349 2001 2461 2047 scuta

1409 2063 1638 2122 huiusmodi
1675 2065 1813 2108 eidem
1856 2065 2110 2109 monasterio
2141 2080 2220 2121 pro
2250 2074 2461 2109 manuten.

1416 2126 1533 2168 tione
1557 2122 1779 2167 duodecim
1809 2123 2051 2168 Monialium
2073 2124 2115 2166 in
2137 2121 2291 2168 eodem
2316 2125 2460 2166 Mona·

1416 2183 1540 2229 sterio
1573 2181 1999 2234 introducendarum,
2025 2196 2071 2226 ac
2099 2182 2187 2225 aliis
2213 2179 2367 2224 exinde
2385 2192 2460 2222 ne-

1416 2241 1598 2288 ceffan'is.
1626 2243 1791 2298 singulis
1818 2241 1931 2285 annis
1953 2270 1968 2294 ,
2008 2255 2060 2285 ex
2085 2241 2319 2287 redditibus
2343 2238 2460 2285 dietae

1417 2300 1794 2347 confraternitatis
1805 2299 2095 2357 provenientia
2110 2330 2123 2353 ,
2138 2299 2373 2357 persolvere
2382 2297 2459 2342 de·

1414 2362 1540 2406 beant
1557 2390 1573 2413 ,
1602 2362 1639 2403 &
1659 2370 1913 2412 teneantur,
1941 2361 2187 2405 auctoritate
2211 2357 2387 2410 Nostra,
2405 2357 2458 2399 si-

1413 2436 1464 2467 ne
1490 2430 1628 2463 tamen
1656 2418 1827 2475 alicujus
1846 2416 2082 2475 praejudicio
2098 2448 2113 2472 ,
2129 2418 2337 2475 perpetui)
2373 2417 2459 2460 eri-

1416 2493 1486 2538 gas
1503 2476 1790 2529 ,&instituas.
1812 2482 1902 2521 Nos
1929 2477 2095 2522 enimin
2123 2478 2373 2523 erectionem
2391 2476 2456 2526 ‚&

1416 2537 1712 2586 institutionem
1731 2536 1968 2593 praedictas,
1994 2550 2092 2594 quas
2105 2551 2180 2594 per
2193 2539 2256 2581 Te
2271 2564 2287 2588 ,
2313 2535 2457 2590 vigore

1407 2597 1651 2643 earumdem
1665 2597 1926 2651 prasentium
1942 2595 2028 2637 fieri
2043 2595 2335 2651 contigerit2ut
2351 2607 2455 2649 prae·

1406 2654 1568 2705 fertur,
1581 2656 1882 2700 consentientes
1901 2652 1994 2695 Tibi
2012 2665 2087 2706 pro
2101 2651 2283 2708 ejusdem
2309 2653 2456 2696 Mona·

1403 2715 1514 2760 sterii
1537 2714 1586 2756 sic
1599 2711 1741 2763 erecti,
1754 2710 1982 2753 &instituti
2001 2739 2016 2760 ,
2029 2724 2077 2753 ac
2092 2709 2337 2754 Monialium
2370 2707 2420 2750 fic
2436 2736 2453 2759 ,

1405 2784 1452 2818 ut
1474 2768 1708 2827 praesertur,
1725 2771 1765 2811 in
1792 2769 1899 2812 illud
1914 2765 2450 2817 introducendarum,felici

1403 2830 1664 2877 directione,
1688 2842 1735 2871 ac
1765 2828 1804 2871 in
1833 2829 1913 2872 ritu
1931 2857 1946 2880 ,
1972 2828 2015 2870 &
2045 2826 2253 2884 disciplina
2298 2827 2447 2883 Regu·

1405 2889 1560 2935 laribus
1586 2886 1879 2940 instructione,
1899 2885 1999 2929 duas
2030 2886 2234 2932 Moniales
2265 2883 2450 2941 Capuci-

1407 2963 1481 2991 nas
1518 2957 1795 3000 nuncupatas,
1827 2946 1878 2989 ad
1903 2945 1944 2990 id
1976 2945 2230 2990 voluntarias
2261 2957 2313 2986 ex
2355 2946 2448 2985 Μο-

1408 3006 1592 3052 nasteriis
1617 3004 1853 3049 Civitatum
1876 3003 2053 3055 Ferufii,
2091 3002 2159 3046 seu
2190 3005 2447 3046 Recanaten.

1407 3066 1476 3110 vel
1492 3095 1508 3117 ,
1544 3063 1612 3106 ubi
1637 3063 1893 3107 commodius
1923 3062 2065 3107 haberi
2091 3071 2312 3118 poterunt,
2336 3060 2445 3104 de„

1406 3121 1601 3170 consensu
1618 3123 1888 3178 Superiorum
1903 3149 1919 3173 ,
1946 3119 2091 3179 easque
2111 3118 2354 3163 assumendas
2371 3147 2385 3171 ,
2398 3120 2439 3161 δι

1405 3183 1644 3230 educendas
1658 3182 1698 3224 in
1721 3179 1833 3226 idem
1859 3179 2153 3224 Monasterium
2169 3208 2185 3231 ,
2214 3190 2257 3225 ut
2278 3174 2445 3233 prafer-

1400 3255 1497 3296 tur,
1524 3239 1797 3299 erigendum,
1820 3241 1907 3293 ita,
1934 3250 1980 3283 ut
2013 3239 2092 3282 illae
2121 3238 2172 3281 ad
2208 3235 2311 3280 illud
2345 3234 2442 3280 (θ’...

1399 3300 1680 3351 transferant,
1708 3301 1748 3342 δι
1767 3299 1864 3343 alias
1880 3299 2081 3343 Moniales
2095 3297 2229 3350 ,idem
2242 3294 2446 3338 Monaste-

1407 3361 1515 3408 rium
1531 3390 1546 3415 ,
1570 3369 1614 3403 ut
1629 3358 1847 3415 prefertur
1861 3382 1875 3402 2
1897 3357 2137 3416 erigendum
2160 3351 2442 3410 ingredientes

1406 3435 1454 3470 ea
1474 3449 1490 3473 ,
1521 3433 1606 3479 quae
1634 3417 1685 3461 ad
1717 3417 1911 3476 regulare
1938 3429 2077 3463 earum
2102 3413 2327 3456 institutum
2352 3413 2441 3471 spe·

1408 3483 1545 3532 etant,
1579 3480 1618 3521 δι
1643 3478 1855 3534 pertinent
1871 3504 1887 3529 ,
1922 3489 1969 3518 ac
1998 3470 2218 3517 necessaria
2241 3470 2444 3518 videbun·

1406 3549 1477 3584 tur
1497 3568 1512 3592 ,
1540 3538 1744 3582 edoceant
1760 3567 1776 3591 ,
1791 3531 2078 3580 introducendi
2099 3530 2351 3583 ,dummodo
2375 3543 2442 3573 ta-

1399 3611 1499 3643 men
1526 3595 1743 3641 translatio
1758 3594 2002 3640 Monialium
2020 3589 2246 3646 hujusmodi
2269 3589 2439 3634 consan-

1398 3656 1558 3715 guineis
1573 3684 1587 3707 ,
1614 3654 1895 3713 gravibusque
1919 3651 2124 3696 Matronis
2139 3649 2240 3709 ipsias
2254 3650 2457 3693 comitan-

1401 3716 1511 3759 tibus
1543 3712 1642 3766 fiat,
1676 3716 1717 3758 διε
1747 3715 1798 3757 ab
1831 3725 1913 3753 uno
1938 3708 1989 3754 ad
2015 3709 2131 3755 aliud
2157 3709 2452 3755 Monasserium

1404 3772 1516 3818 reeta
1541 3772 1630 3824 via,
1659 3774 1700 3815 δι
1726 3770 1874 3829 absque
1904 3767 2164 3815 diverticulo
2180 3796 2194 3819 ,
2218 3783 2267 3811 ac
2288 3779 2450 3815 earum-

1396 3832 1494 3878 dem
1526 3831 1766 3891 Moniaiium
1798 3830 1882 3876 oris
1911 3838 2034 3888 parte
2081 3827 2251 3881 velata,
2280 3825 2450 3880 eique-a

2306 3898 2389 3926 mo·
