2710 4108
372 213 540 321 358

508 374 1133 425 DECRETO

372 557 505 609 Sacrae
552 557 887 678 Congre‘fflasi‘i'fff
933 553 982 602 de
1024 551 1256 618 Propagan-

743 644 767 675 a
827 644 844 674 ι
874 644 894 672 e
910 659 924 676 .

302 783 481 831 Fratres
498 776 756 833 Provinciae
774 791 857 843 pro
875 770 1165 824 Miffionibus
1189 770 1332 819 Rhoe-

369 849 443 900 tiae
480 845 807 899 confirmantur
823 880 840 903 ,
873 842 922 894 ὅ(
937 859 1021 911 pro
1038 842 1335 911 opportunio-

373 936 423 969 re
474 917 637 968 harum
676 915 901 991 gubernio
941 914 1068 964 varia
1105 911 1335 963 Ordinan-

371 1000 447 1042 tul'
467 1022 481 1038 ι

539 1163 541 1166 -
611 1134 694 1175 Dic
711 1143 752 1180 5.
786 1127 1030 1185 Maji1651.

403 1314 653 1367 Roponente
693 1305 1008 1352 Eminentiffimo
1049 1307 1105 1349 D.
1131 1297 1333 1346 Cardina-

419 1371 448 1413 li
466 1367 840 1412 Ginettolibellum
861 1363 1080 1420 supplicem
1102 1360 1330 1419 porrectum

299 1445 376 1486 pro
412 1440 527 1485 parte
558 1427 636 1468 PP.
664 1427 970 1482 Capucinorum
999 1420 1220 1464 Provinciae
1247 1415 1332 1483 liri-

299 1490 445 1532 xienfis
459 1518 474 1539 ‚
502 1486 731 1542 petentium
754 1515 770 1536 ,
802 1494 846 1526 ut
881 1486 1000 1526 Sacra
1017 1484 1295 1536 Congregatio
1318 1503 1333 1526 ,

295 1559 366 1592 aut
395 1561 465 1589 eos
491 1547 516 1589 ὲ
547 1543 730 1586 Miffione
745 1543 924 1587 Rhoetiae
936 1540 1149 1588 dimittat,
1176 1547 1244 1580 aut
1258 1548 1334 1589 op-

298 1618 470 1666 portuna
498 1603 678 1646 remedia
704 1630 719 1653 ,
755 1616 831 1657 pro
856 1603 961 1643 reeta
996 1600 1108 1641 dictae
1138 1593 1332 1639 Miffionis

297 1663 596 1722 gubernatione
627 1659 852 1717 praescribat
883 1673 956 1715 pro
980 1658 1125 1714 maiori
1154 1651 1333 1713 ejusdem

299 1730 431 1768 Sacrae
445 1719 791 1775 Congregationis
817 1718 1013 1767 servitio,
1040 1719 1080 1758 δι
1107 1711 1330 1760 eorundem

298 1785 468 1825 Patrum
507 1779 644 1834 quiete
667 1808 678 1820 .
716 1775 1025 1822 Eminentiffimi
1069 1778 1151 1818 PP.
1176 1770 1329 1816 intuitu

299 1841 454 1883 servitii
477 1838 498 1878 a
522 1836 744 1892 Religione
768 1835 1070 1891 Capucinorum
1097 1834 1135 1875 in
1150 1829 1333 1874 Miffione

296 1899 478 1943 Rhoetiae
493 1896 645 1951 optime
659 1895 838 1951 praestiti,
851 1897 990 1937 Patres
1006 1891 1228 1936 Provinciae
1243 1888 1335 1930 Bri-

298 1959 441 2000 xientis
467 1954 517 1997 ad
550 1953 653 1996 dista
682 1955 771 1997 loca
792 1950 1168 2001 confirmaverunt,
1201 1960 1331 1990 cum..-

305 2016 544 2060 conditione
583 2022 716 2054 tamen
744 2041 758 2063 ,
796 2012 904 2065 quod
937 2025 1079 2053 eorum
1116 2005 1330 2051 Praefestus

297 2069 661 2118 Vice-Praefeetos
689 2099 703 2122 ,
739 2069 973 2118 Officiales,
999 2070 1039 2112 &
1068 2065 1332 2110 Miffionarios

298 2135 427 2188 eligat
446 2162 459 2184 ,
489 2133 529 2175 &
556 2129 772 2173 constituat
798 2129 957 2183 semper
979 2127 1018 2169 in
1042 2124 1265 2182 Capitulo‚
1291 2125 1331 2169 ὃς

295 2191 545 2238 Definitorio
572 2186 816 2231 Provinciali
836 2215 851 2238 ,
885 2185 1051 2229 eosdem
1081 2185 1133 2228 de
1160 2184 1253 2226 loco
1278 2183 1327 2225 ad

300 2253 438 2295 locum
465 2248 630 2291 minime
656 2257 895 2303 permutare
919 2243 1035 2301 possit
1058 2245 1204 2300 absque
1227 2239 1330 2296 ejus-

295 2311 391 2354 dem
421 2307 636 2364 Capituli,
659 2309 698 2351 &
727 2303 960 2349 Definitorii
994 2312 1117 2354 voto,
1146 2301 1331 2344 dummo-

297 2370 356 2414 do
379 2383 460 2411 non
493 2366 591 2410 adfit
617 2362 733 2408 causa
763 2376 910 2417 urgens
934 2392 948 2412 ,
975 2376 1060 2418 quae
1087 2361 1328 2403 dilationem

298 2428 495 2483 temporis
512 2424 672 2466 minime
689 2423 892 2478 patiatur:
922 2420 1085 2476 insuper
1100 2451 1114 2473 ,
1139 2417 1248 2476 quod
1274 2416 1328 2460 de

295 2488 481 2531 omnibus
507 2514 521 2536 ‚
559 2485 599 2524 δι
630 2481 793 2537 singulis
819 2479 1049 2536 supradietis
1078 2479 1327 2522 certioretur

295 2551 417 2591 Sacra
434 2542 716 2598 Congregatio
729 2567 744 2588 ι,
776 2550 820 2582 ut
837 2554 911 2596 pro
928 2539 1097 2581 arbitrio
1110 2538 1228 2596 ipsius
1243 2538 1326 2579 aista

296 2607 524 2662 probentur
540 2630 554 2652 ,
579 2600 675 2642 alias
700 2598 811 2640 nulla
841 2607 1086 2651 reputentur
1102 2627 1113 2639 .

353 2660 690 2720 Qiotiescunque
718 2667 854 2699 autem
874 2653 1089 2700 Praefestus
1115 2656 1330 2711 aliquem-2

296 2737 348 2766 ex
364 2718 619 2764 Miffionariis
635 2716 814 2771 reperiat
828 2745 842 2767 ,
867 2716 936 2771 qui
956 2728 1214 2771 quocumque
1231 2727 1332 2768 prae·

298 2792 412 2823 textu
436 2781 474 2822 se
487 2776 697 2820 difficilem
713 2774 898 2816 ostendat
913 2775 1147 2829 exequtioni
1163 2785 1332 2822 eorum,

298 2855 386 2897 quae
411 2851 482 2894 per
508 2837 696 2879 eumdem
714 2833 944 2889 praedic‘ium
969 2834 1229 2879 Praefe&um‚
1261 2839 1331 2873 aut

300 2900 514 2956 praefentes
533 2894 784 2936 Definitores
799 2894 836 2933 ei
854 2890 1003 2936 fuerint
1024 2892 1241 2939 mandata,
1262 2897 1333 2931 aut

301 2957 524 3014 praescripta
540 2982 554 3004 ,
583 2955 662 2995 five
679 2951 728 2994 ad
754 2954 1024 2994 remotionem
1040 2980 1054 3004 ,
1078 2950 1158 2993 sive
1179 2948 1229 2992 ad
1247 2962 1332 2991 mu-

302 3018 500 3059 tationem
526 3012 579 3054 de
605 3013 697 3054 loco
738 3010 788 3052 ad
818 3009 952 3055 locum
980 3037 994 3058 ‚
1032 3020 1152 3067 prout
1176 3008 1292 3063 supra
1315 3034 1329 3056 ⁵

295 3078 376 3118 five
398 3071 533 3130 quoad
574 3070 874 3125 assignationem
910 3068 1041 3121 socii,
1079 3067 1159 3111 five
1194 3064 1330 3123 quoad

296 3135 375 3178 alia
389 3145 646 3188 quaecumque
662 3155 676 3177 ‚
704 3129 889 3182 regimen
908 3126 1133 3170 Miffionum
1158 3138 1330 3169 concer-

297 3193 464 3241 nentia,
492 3190 683 3231 eumdem
705 3186 836 3229 statim
863 3189 885 3229 a
913 3185 1161 3228 Miffionibus
1195 3198 1331 3227 remo-

296 3266 393 3295 vere
420 3248 534 3306 possit
554 3276 568 3299 ,
597 3248 633 3287 &
656 3246 838 3296 debeat,
867 3243 979 3289 nulla
1002 3243 1160 3300 prorsus
1190 3240 1331 3287 habita

296 3312 482 3360 ratione,
508 3318 580 3350 aut
606 3307 783 3357 respec‘tu
814 3302 862 3344 ad
890 3303 1129 3357 petitionem
1146 3332 1162 3355 ,
1186 3300 1331 3345 autin-

298 3369 474 3411 stantiam
496 3364 769 3423 cujuscunque
784 3390 798 3413 ,
825 3374 997 3418 excepta
1017 3363 1231 3409 dumtaxat
1244 3357 1328 3417 ipsa

299 3431 416 3470 Sacra
435 3425 766 3482 Congregatione
781 3451 791 3462 .

356 3484 520 3540 Insuper
542 3485 760 3531 dixerunt,
786 3478 896 3536 quod
925 3481 1026 3523 nulli
1050 3496 1100 3524 ex
1124 3480 1329 3523 Missiona-

302 3545 370 3588 riis
387 3573 400 3595 ,
425 3545 568 3598 absque
596 3541 775 3599 exprelsa
801 3536 1011 3592 Praefeffl,
1038 3550 1108 3583 aut
1128 3539 1330 3583 Definito-

301 3606 350 3647 rii
376 3629 390 3651 ‚
429 3614 546 3658 prout
577 3606 720 3657 supra,
749 3597 1010 3652 obedientia,
1040 3601 1249 3643 divertere
1281 3596 1329 3638 li-

304 3673 396 3705 ceat
435 3661 500 3703 sub
530 3675 768 3715 quocunqne
793 3667 993 3713 praetextu
1033 3659 1082 3701 ad
1111 3658 1200 3704 loca
1225 3670 1328 3712 quae-

301 3735 474 3775 cumque
498 3731 611 3761 extra
641 3719 861 3762 Miffionem
882 3745 895 3768 ‚
918 3716 1142 3760 dummodo
1170 3730 1247 3758 non
1279 3714 1327 3755 (it

299 3783 351 3823 de
367 3779 562 3826 Mandato
586 3784 716 3821 Sacrae
732 3779 1074 3834 Congregationis
1101 3775 1154 3820 de
1172 3778 1325 3830 Propa-

1085 195 1635 285 Provincia

1398 310 1528 368 ganda
1544 310 1643 353 Fide
1655 317 1671 349 -·
1701 308 1814 353 secus
1827 309 1965 354 autem
1980 308 2177 353 facientes
2188 337 2204 361 ,
2233 309 2318 365 ipso
2330 313 2436 360 facto

1397 369 1544 412 officio
1561 368 1795 413 Miffionarii
1809 398 1824 421 ,
1849 385 1894 414 ac
1909 367 2172 412 facultatibus
2185 369 2333 423 privati
2351 401 2366 424 ,
2393 377 2433 417 ὃς

1398 427 1449 472 ad
1474 428 1574 472 alias
1611 430 1861 485 peragendas
1900 429 2104 486 perpetuo
2131 427 2330 471 inhabiles
2356 445 2427 484 re,

1400 498 1588 535 maneant
1602 517 1614 532 .
2006 498 2009 499 ’

1894 605 1952 646 Α.
1978 607 2031 648 C.
2049 606 2283 663 Capponius
2299 637 2312 649 .

1450 787 1510 827 Ex
1537 786 1630 839 Reg.
1660 784 1839 827 Procurae
1870 780 2072 826 Generalis
2085 830 2092 834 „
2107 781 2152 828 dc
2176 782 2428 841 Misp'onibus.

1517 842 1602 907 Vide
1614 841 1686 950 (ξ’
1706 837 1819 897 infra
1845 837 1928 881 alia
1953 842 2125 883 Decreta
2139 841 2195 882 ad
2212 842 2291 884 haec
2309 845 2417 887 rela-

1509 911 1596 944 tzva
1667 912 1703 943 c„

2123 1099 2427 1119 *0—

1393 1261 1470 1309 Fr.
1495 1252 1879 1323 Christophorum
1898 1250 2216 1304 Tusculanum
2247 1254 2273 1302 έι·
2290 1252 2332 1305 se
2348 1255 2427 1305 be-

1461 1324 1596 1446 ⁰³⁰2?
1619 1321 2427 1448 effffieffffszssssue{205225

1462 1402 1728 1520 gggisscura
1746 1414 1897 1518 regddit
1910 1414 2153 1518 cer⁵tioresq.
2379 1415 2406 1447 n

1461 1652 1626 1699 nili-&is
1653 1654 1768 1696 Filii:
1789 1651 2015 1712 Confidibus
2028 1678 2042 1699 a
2073 1651 2128 1701 ῤ’
2151 1655 2364 1708 Deputatis

1622 1712 1851 1757 Rhetorum
1879 1709 2167 1754 Catholicorum
2184 1739 2196 1751 .

1395 1891 2262 1944 ALEXANDERPAPA
2302 1893 2426 1941 VII.

1480 2076 1630 2121 Ditem
1653 2077 1752 2121 Filii
1764 2075 1945 2132 sblutem
1959 2104 1973 2128 ,
2001 2075 2050 2124 δ’
2081 2073 2340 2133 Apostolicam

1745 2135 2051 2179 Benediffionem
2063 2165 2075 2178 .

1507 2314 1543 2355 T
1558 2314 1708 2356 summa
1725 2312 1859 2356 omnia
1884 2310 1937 2355 de
1951 2308 2096 2354 Nostra
2119 2311 2160 2352 in
2176 2312 2262 2354 Vos
2285 2311 2426 2354 chat-ii

1534 2380 1621 2415 tate
1637 2401 1651 2423 ,
1664 2385 1712 2414 ac
1728 2382 1892 2427 paterna
1920 2370 2210 2413 benevolentia
2234 2369 2421 2426 polliceri

1388 2433 1565 2490 possitis,
1598 2431 1734 2473 vestrae
1762 2430 1955 2481 virtutis,
1986 2443 2031 2471 ac
2055 2430 2218 2486 pietatis
2242 2428 2324 2471 est.
2356 2431 2422 2472 Ac

1389 2502 1607 2548 propterea
1634 2490 1743 2532 omni
1761 2490 1888 2532 Vobis
1910 2488 2043 2531 studio
2058 2518 2073 2542 ‚
2103 2490 2144 2529 δι
2169 2502 2269 2530 eura
2295 2483 2427 2530 adesse

1389 2554 1476 2594 Nos
1502 2563 1653 2603 cupere
1679 2577 1693 2599 ,
1723 2547 1895 2591 dileetus
1921 2547 2046 2591 Filius
2070 2577 2085 2599 ,
2117 2561 2163 2588 ac
2191 2544 2424 2601 Religiosus

1389 2610 1482 2660 Vir,
1497 2611 1641 2651 Frater
1658 2607 1971 2663 Christophorus
1989 2605 2235 2649 Tustulanus
2248 2633 2263 2656 ,
2279 2619 2329 2646 ex
2340 2607 2426 2648 Ca·

1391 2669 1629 2725 pucinorum
1642 2665 1800 2708 Ordine
1825 2665 2059 2708 testabitur.
2092 2666 2264 2719 Quem,
2294 2673 2339 2705 ut
2370 2662 2423 2704 li-

1389 2729 1539 2770 benter
1555 2726 1784 2769 audiremus
1797 2753 1812 2777 ,
1826 2725 1955 2768 vestra
1970 2725 2010 2766 in
2025 2724 2164 2779 primis
2184 2723 2302 2766 causa
2318 2720 2396 2764 fuit
2407 2749 2424 2773 ,

1392 2800 1479 2843 quae
1493 2786 1622 2829 Nobis
1653 2784 1810 2840 semper
1839 2784 1953 2827 cordi
1979 2782 2113 2825 futura
2137 2782 2224 2833 est,
2255 2793 2423 2836 quaeque

1392 2860 1485 2889 cum
1500 2845 1724 2899 Religione
1739 2844 1820 2898 ipsa
1835 2869 1849 2892 a
1869 2842 2080 2898 sanctaque
2103 2842 2178 2883 hac
2207 2840 2316 2883 Sede
2334 2842 2424 2882 Ma-

1394 2905 1498 2947 xime
1515 2904 1725 2960 conjunt‘ta
1743 2902 1798 2944 est
1813 2932 1828 2953 ,
1857 2904 1895 2943 &
1911 2915 1989 2957 pro
2009 2916 2084 2954 qua
2106 2898 2282 2942 secunda
2296 2897 2422 2940 Vobis

1391 2963 1523 3006 omnia
1550 2963 1599 3004 ab
1626 2961 1845 3004 immortali
1863 2963 1954 3004 Deo
1982 2973 2226 3016 precamur,
2257 2958 2427 3011 &Apo-

1391 3021 1567 3065 stolicam
1591 3021 1923 3063 Benedit‘tionem
1937 3029 2116 3062 amanter
2141 3015 2420 3072 impertimur.

1391 3085 1546 3125 Datum
1570 3083 1710 3123 Romae
1735 3077 1842 3134 apud
1868 3082 1910 3122 S.
1927 3078 2099 3122 Mariam
2125 3074 2326 3131 Maiorem
2353 3071 2424 3114 sub

1392 3140 1559 3183 Annulo
1586 3139 1799 3182 Piscatoris
1826 3137 1895 3180 die
1924 3151 1947 3178 v
1968 3152 1981 3179 1
2004 3150 2017 3178 ι
2039 3152 2074 3179 ι.
2095 3135 2193 3190 Julii
2225 3144 2419 3175 mocnvr.

1390 3197 1658 3243 Pontificatus
1687 3196 1823 3241 Nostri
1851 3198 1976 3239 Anno
1989 3193 2190 3238 secundo.

1628 3371 1788 3418 Natalis
1811 3372 2069 3416 Rondininus
2084 3366 2334 3412 secretarius
2345 3391 2359 3406 .

1453 3558 1597 3608 Autog.
1624 3555 1667 3595 In
1694 3556 1836 3594 secret.
1863 3553 1980 3590 Brev.
2009 3547 2060 3590 ad
2089 3545 2296 3601 Principes
2323 3545 2419 3597 Reg-

1507 3610 1639 3669 menst's
1662 3612 1711 3661 (9'
1730 3606 1830 3652 anni
1845 3608 1970 3665 praed.
1983 3606 2028 3667 f
2042 3619 2118 3661 42.

2258 3830 2369 3873 DE-
