2762 4030
1116 118 1577 210 Romana.
2229 160 2333 241 73

269 236 549 292 biti-induem
590 237 664 281 filii
705 232 827 278 nostri
862 231 1031 274 Antonii
1059 263 1074 283 ,
1118 236 1316 277 videlicet

273 303 313 340 S.
345 299 373 339 P
393 309 458 339 stri
482 298 533 339 ad
578 292 751 338 Vincula
781 291 1020 344 Presbyteri
1049 294 1315 344 cardinalis,

271 355 629 411 SanstiOnuphrii
658 349 906 406 nuncupati,
934 348 1056 395 nostri
1086 351 1310 395 secundum

268 430 436 459 carnem
458 412 606 457 Fratris
622 406 1094 459 Germani,moderni,&
1111 424 1185 464 pro
1202 420 1309 451 tem-

267 490 370 533 pore
394 470 600 517 existentis
615 467 782 511 Ordinis
806 465 985 523 praediffl
1006 468 1113 522 apud
1134 470 1226 510 Noa
1240 493 1254 514 a
1268 468 1308 508 δι

269 533 421 578 Sedena
449 528 723 585 apostolicam
765 524 1019 570 Protestoris
1056 526 1223 581 poenis,
1263 535 1309 566 ut

270 589 493 637 Minuisti-um
508 586 759 630 Generalem
781 614 795 637 ,
811 599 857 628 ac
888 587 1209 627 Procuratorem
1225 587 1310 627 Ge-

269 648 456 697 nei-alem
472 646 597 697 ,dum
619 645 730 687 vices
751 643 866 700 ipsius
902 644 1074 687 Ministri
1089 643 1310 686 Generalis

269 708 451 755 sustinet,
467 705 605 761 estque
623 702 932 748 Commiffarius
953 702 1192 754 Generalis,
1213 716 1311 757 prae-

268 767 403 817 fatos,
421 766 464 807 in
491 762 578 807 suos
605 763 844 820 Superiores
874 763 1102 818 recipiant,
1133 763 1174 804 δι
1191 774 1313 815 agno-

269 825 412 874 scant,
453 836 681 878 eorumque
711 821 885 865 salubria
917 821 1067 864 monita
1096 849 1110 873 ,
1143 822 1184 862 δι
1219 815 1316 877 julla

269 883 482 938 suscipiant
512 883 752 934 humiliter,
780 883 821 923 &
838 880 1063 925 efficaciter
1086 878 1319 936 adimplere

267 952 521 1003 procurent.
556 945 649 984 Non
683 940 840 984 obstan.
867 948 1066 997 quatenus
1098 953 1201 995 opus
1237 937 1316 988 fit,

271 1001 472 1062 praedietis
503 1001 662 1044 Nostris
688 999 849 1048 literis,
876 1013 925 1043 ac
963 996 1167 1055 quibusvis
1197 1002 1316 1041 Con-

275 1061 574 1111 suffitionibus,
602 1060 643 1100 δι
667 1057 1011 1101 Ordin'ationibus
1038 1057 1284 1113 Apostolicis
1301 1083 1316 1106 ,

277 1135 354 1165 nec
394 1133 475 1163 non
500 1118 694 1169 Ordinis,
729 1119 770 1160 δι
799 1118 1023 1161 Provincia:
1055 1115 1316 1175 hujusmodi,

276 1181 404 1224 etiam
428 1179 687 1237 juramento,
713 1175 1031 1220 confirmatione
1052 1175 1287 1232 Apostolica
1302 1203 1317 1225 ,

278 1240 346 1282 vel
368 1238 511 1295 quavis
538 1234 735 1279 firmitate
775 1235 852 1278 alia
883 1237 1089 1279 roboratis
1128 1236 1318 1284 statutis,

277 1300 319 1340 &
350 1294 743 1345 consuetudinibus,
773 1295 1004 1352 privilegiis
1038 1307 1231 1352 quoque,
1259 1295 1320 1337 in-

280 1356 436 1409 dultis,
461 1357 500 1397 &
526 1354 660 1396 literis
690 1353 932 1410 Apostolicis
964 1353 1116 1398 eisdem
1146 1354 1321 1404 Ordini,

279 1417 322 1458 δι
345 1415 598 1464 Provinciae,
623 1427 671 1456 ac
696 1414 882 1458 Ministro
907 1414 1185 1467 Provinciali,
1213 1411 1320 1457 aliis-

280 1489 363 1531 que
378 1473 617 1525 FratribuS,
641 1474 682 1514 &
706 1473 911 1530 quibusvis
938 1474 1046 1527 aliis,
1065 1474 1136 1518 sub
1155 1471 1326 1531 quibus-

284 1547 463 1590 cumque
483 1542 629 1575 tenore
646 1562 662 1583 ‚
692 1533 732 1574 &
758 1532 899 1576 formis
915 1561 929 1584 ,
954 1547 1001 1575 ac
1031 1548 1124 1576 cum
1162 1530 1324 1591 quibus-

246 1588 259 1604 ς
283 1594 363 1642 vis,
376 1593 500 1635 etiam
522 1590 878 1646 derogatoriarum
898 1593 1174 1649 derogatoriis
1186 1622 1202 1646 ,
1217 1589 1326 1636 aliis-

261 1661 367 1708 ‘que
394 1650 715 1700 efficacioribus,
741 1652 971 1694 &insolitis
990 1651 1208 1705 clausulis,
1233 1651 1323 1695 irri-

288 1708 563 1765 tantibusque,
578 1710 619 1749 &
636 1708 725 1751 aliis
739 1709 941 1762 decretis,
956 1713 1080 1752 etiani
1096 1714 1213 1754 Motu
1233 1726 1326 1767 pro-

285 1769 377 1827 prio
392 1797 408 1820 ,
429 1782 475 1810 ac
505 1781 556 1809 ex
580 1777 695 1809 certa
723 1766 890 1811 scientia
906 1797 921 1821 ,
941 1770 981 1811 δι
1006 1768 1060 1810 de
1085 1770 1329 1826 Apostolicae

287 1827 500 1885 potestatis
518 1824 793 1882 plenitudine,
816 1830 856 1871 in
873 1842 1056 1885 genere,
1084 1829 1150 1872 vel
1178 1829 1218 1873 in
1242 1828 1330 1886 spe·

288 1887 380 1938 cie,
398 1901 445 1929 ac
460 1885 560 1928 alias
581 1886 618 1927 in
645 1888 903 1931 contrarium
919 1887 1204 1944 praemissoruin
1229 1903 1330 1946 quo-

286 1944 519 1989 modolibet
540 1943 734 1988 conceffis
751 1974 765 1997 ,
791 1945 1066 2000 confirmatis,
1092 1950 1133 1989 &
1160 1949 1329 1991 innova·

288 2005 339 2048 tis
357 2038 367 2046 .
401 2004 561 2065 Qbus
590 2006 780 2048 omuibus
795 2034 809 2057 ,
828 2007 869 2048 δι
883 2008 1044 2065 lingulis
1060 2036 1074 2059 ,
1090 2009 1242 2051 etiamsi
1258 2021 1334 2064 pro

288 2062 507 2108 sufficienti
542 2062 711 2106 illorum
754 2066 1047 2122 derogatione,
1073 2066 1128 2110 de
1154 2068 1234 2110 illis
1263 2080 1334 2109 eo·

290 2135 380 2166 rum
411 2137 463 2171 ue,
479 2122 580 2165 totis
601 2124 814 2167 tenoribus
827 2124 1012 2181 specialis
1027 2124 1332 2182 ,specifica,ex·

288 2188 450 2240 prela,
480 2183 521 2224 δι
550 2181 791 2236 individua,
817 2198 863 2228 ac
891 2184 945 2228 de
988 2187 1117 2228 verbo
1150 2186 1202 2228 ad
1237 2199 1332 2228 ver·

289 2243 388 2284 bum
401 2254 513 2293 ,non
529 2252 665 2283 autem
682 2256 757 2296 per
771 2242 970 2286 clausulas
986 2244 1203 2300 generales
1220 2244 1331 2285 idem

290 2301 512 2356 importari.
539 2301 698 2342 mentio
727 2297 914 2344 facienda
935 2301 1062 2347 esset,
1089 2310 1159 2343 aut
1195 2301 1331 2356 aliqua

290 2359 371 2402 alia
397 2356 594 2414 exquisita
617 2355 745 2417 forma
784 2359 835 2403 ad
861 2360 939 2401 hoc
967 2359 1162 2402 servanda
1190 2359 1300 2402 soret
1317 2386 1331 2408 ,

282 2418 463 2460 illorum
491 2417 674 2459 omnium
702 2426 787 2459 ten.
807 2417 1069 2473 praeliantibus
1087 2432 1162 2474 pro
1189 2417 1332 2475 plene,

288 2478 329 2518 &
367 2475 614 2518 sufficienter
641 2474 833 2530 expreffis
862 2477 1090 2528 habentes,
1120 2475 1199 2522 illis
1230 2477 1330 2519 alias

291 2535 333 2578 in
360 2536 430 2576 suo
455 2534 607 2576 robore
630 2533 928 2588 permansuris,
961 2535 1012 2578 ad
1045 2532 1329 2592 praemissorum

288 2591 478 2642 effeStum
510 2591 772 2648 specialiter,
802 2594 1044 2651 &expresse
1065 2594 1332 2651 derogamus,

291 2651 526 2709 ceterisque
557 2654 778 2695 contrariis
792 2653 1144 2710 quibuscumque.
1179 2657 1329 2696 Datum

293 2713 437 2755 Romae
458 2709 564 2765 apud
595 2713 781 2754 San-fiam
817 2713 987 2755 Mariam
1025 2711 1225 2766 Maiorem
1264 2713 1334 2754 sub

293 2769 463 2814 Annulo
490 2767 708 2812 Piscatoris
733 2771 802 2813 die
826 2784 933 2813 xiii.
957 2770 1054 2826 Maji
1086 2784 1334 2814 mncxxxix.

293 2825 562 2874 pontificatus
594 2829 719 2873 nostri
753 2832 875 2872 Anno
905 2828 1218 2872 decimosexto.

835 2948 894 2988 M.
910 2947 962 2988 A.
981 2945 1191 2991 Maraldus
1208 2974 1220 2986 .

363 3069 463 3111 Aut.
480 3066 523 3104 in
542 3062 662 3106 Arcb.
682 3066 827 3104 secret.
846 3065 959 3105 Bm.
978 3061 1109 3120 Apost.
1130 3060 1348 3117 Regma-ns]

420 3124 469 3171 θ’
483 3135 576 3163 ann.
591 3120 807 3179 praed-fol.
827 3135 897 3173 24.
924 3122 971 3163 de
988 3136 1063 3177 quo
1088 3120 1331 3176 exemplaria

422 3184 536 3236 ijpts
556 3183 651 3222 Rev.
679 3184 788 3224 Cam.
816 3178 948 3235 Apost.
964 3179 1147 3237 lmprffl
1161 3179 1206 3221 in
1219 3178 1341 3222 Arch.

412 3239 778 3297 gen-Ord.Armar.
797 3239 1014 3282 Provincia
1034 3241 1233 3281 Romana.
1258 3236 1345 3280 Vide

424 3296 603 3356 &infra
618 3297 947 3353 confirmatt’oncm
974 3298 1088 3356 hujus
1119 3296 1346 3354 Apostolt'cae

422 3359 717 3414 Constitutionis
731 3386 742 3397 .
769 3361 876 3399 inter
905 3359 1042 3400 Bullas
1068 3357 1151 3406 δι’.
1180 3357 1346 3400 Cli-men.

310 3636 536 3701 Qaedam
583 3642 672 3689 alia
712 3653 838 3688 terra:
881 3637 999 3705 petia
1047 3650 1129 3701 pro
1170 3630 1340 3682 fabrica

381 3707 557 3757 Domfis
581 3712 808 3776 Cyntiani
829 3722 980 3776 empta
1007 3705 1062 3754 ab
1090 3722 1238 3753 annua
1275 3718 1339 3750 re-

434 3780 537 3819 Tom.
573 3782 623 3822 11.

1447 235 1682 313 sponsione
1715 238 1893 297 eximi,
1927 258 1981 290 ac
2011 245 2204 310 pretium
2239 252 2284 297 iu
2317 267 2411 300 em·

1446 312 1652 380 ptioncm
1681 307 1883 360 duorum
1915 311 2127 365 locorum
2170 321 2407 370 Montium

1440 381 1650 431 converti
1686 414 1701 436 ,
1741 381 2163 447 Archipresbytero
2188 422 2205 444 ,
2244 387 2293 441 ὅ(
2329 392 2412 442 Vi,

1441 453 1566 501 cario
1595 452 1812 500 Generali
1842 449 2070 501 Albanen.
2085 461 2337 510 committit
2358 497 2371 510 .

1372 582 1408 622 A
1419 586 1552 632 tergo.
1562 578 1726 619 Dilems
1743 578 1859 620 Finis
1876 577 2222 633 Archipresbytero
2239 584 2409 640 Ecclesia

1431 634 1627 679 Albanen.
1655 650 1701 677 ac
1733 636 1884 679 Vicario
1919 639 2004 680 Ven.
2031 640 2195 681 Fratris
2213 640 2349 689 Nostri

1460 695 1570 751 Epis-⁸
1584 693 2095 752 Albanen.1·nsp1·ritualib.
2110 698 2302 739 Geni-ruli
2310 726 2324 738 .

1380 815 1894 869 URBANUS
1960 815 2189 866 PAPA
2262 818 2415 866 V111.

1467 939 1621 984 Dilefilt‘
1637 940 1741 986 Filii
1751 941 1931 998 sblutem
1948 971 1963 993 ,
1996 942 2042 990 (5·
2068 942 2327 999 ApolIoIinm

1730 1001 2043 1044 Benedielionem
2052 1030 2064 1043 .

1499 1124 1536 1165 U
1550 1124 1593 1164 M
1609 1148 1623 1171 ‚
1636 1121 1739 1162 sicut
1766 1134 1841 1176 pro
1867 1129 1987 1176 parte
2002 1118 2140 1163 dilecti
2160 1121 2251 1165 Filii
2268 1122 2422 1164 Procu-

1519 1181 1667 1224 ratoris
1693 1181 1915 1225 Generalis
1937 1182 2128 1224 Fratrum
2156 1182 2323 1224 Ordinis
2338 1181 2418 1222 Mi·-

1383 1257 1526 1283 norum
1558 1238 1813 1283 §.francisci
1834 1236 2145 1296 Capucinorum
2175 1250 2427 1296 nuncupato-

1383 1315 1473 1344 rum
1491 1331 1506 1352 ,
1538 1301 1668 1343 Nobis
1697 1301 1924 1355 expositum
1948 1298 2052 1351 fuit,
2067 1315 2140 1356 pro
2156 1299 2317 1343 fabricat
2334 1301 2425 1342 Do·

1383 1359 1468 1403 mus
1495 1358 1711 1415 Regularis
1734 1373 1877 1400 eorum
1896 1361 2088 1402 Fratrum
2105 1387 2119 1411 ,
2155 1359 2354 1402 inchoata:
2375 1359 2418 1400 in

1384 1418 1619 1464 Territorio
1636 1446 1651 1468 ,
1677 1418 1718 1458 &
1746 1418 1926 1460 distrietu
1954 1420 2090 1462 Terrae
2115 1418 2317 1474 Cyntiani
2348 1416 2425 1458 Al·

1385 1482 1528 1523 banen.
1562 1477 1757 1519 Dioecefis
1787 1506 1800 1528 ,
1847 1475 2133 1533 jurisdictionis
2175 1476 2417 1530 temporalis

1386 1538 1535 1582 Dileeti
1554 1536 1674 1585 Enii,
1702 1535 1849 1577 nobilis
1874 1535 2032 1591 juvenis
2055 1534 2205 1592 Juliani
2227 1533 2419 1577 Caesarini

1387 1597 1516 1642 Ducis
1546 1597 1682 1640 Terrae
1706 1595 1906 1637 Civitatis
1922 1608 2034 1637 novae
2059 1605 2298 1649 nuncupata:
2331 1595 2422 1637 Fir-

1389 1671 1497 1700 man.
1529 1655 1755 1705 Dioeeesis,
1784 1652 2092 1709 complemento
2118 1654 2257 1696 Terrae
2279 1652 2430 1696 saltuo-

1390 1718 1468 1768 sae,
1490 1717 1531 1757 &
1559 1716 1731 1758 vineatae
1751 1726 1875 1756 unum
1903 1712 2143 1769 capacitatis
2173 1711 2332 1755 dimidii
2360 1726 2431 1754 ru-

1387 1773 1565 1825 bri-,vel
1593 1772 1900 1823 circa,valoris
1929 1782 2028 1814 tunc
2063 1773 2102 1814 in
2140 1772 2432 1829 proprietate.-

1389 1834 1595 1878 scutorum
1610 1841 1770 1876 centum
1788 1832 2059 1888 quadraginta
2076 1832 2280 1881 novem,&
2294 1828 2432 1887 bajoc-

1390 1907 1537 1937 corum
1565 1892 1772 1948 {exaginta
1787 1922 1802 1944 ‚
1827 1904 1995 1934 necnon
2022 1890 2136 1933 aliud
2153 1901 2275 1933 terrae
2302 1889 2436 1944 petio-⁷

1393 1952 1532 1997 lumin
1550 1961 1719 1995 centuni
1734 1951 2026 2007 quinquaginta
2043 1950 2203 1992 duabus
2221 1947 2435 1993 arboribus

1392 2013 1537 2055 vitium
1556 2009 1941 2061 confistens‚valoris
1964 2019 2134 2051 centum
2157 2008 2301 2064 viginti
2316 2007 2435 2050 unius

1394 2072 1600 2115 scutorum
1627 2067 1842 2118 similium,
1868 2068 1908 2108 δι
1936 2066 2200 2123 bajoccomm
2229 2064 2433 2120 sexaginta

1393 2139 1568 2174 moneta:
1586 2131 1801 2177 Romanae,
1817 2128 1841 2170 a
1868 2125 2022 2168 dilecto
2047 2123 2133 2167 filio
2147 2123 2303 2182 Jacobo
2319 2125 2434 2167 Ren-

1393 2187 1663 2236 zino‚incola
1691 2187 1804 2229 distae
1821 2187 1990 2235 Terrae,
2013 2183 2061 2226 ad
2091 2198 2212 2240 quem
2246 2182 2316 2225 illa
2343 2181 2436 2238 spe-

1392 2250 1573 2297 stabant,
1595 2246 1782 2301 legitime
1798 2242 2002 2285 satisfactio
2015 2256 2116 2296 ,per
2142 2241 2435 2298 distumjulia-

1393 2322 1493 2350 num
1524 2309 1681 2348 Ducem
1706 2319 1755 2346 ex
1786 2301 1866 2344 suis
1895 2302 2069 2359 propriis
2095 2301 2277 2357 pecuniis
2298 2308 2435 2355 empta
2513 2339 2518 2345 ,

1394 2365 1580 2416 fuerint,
1605 2363 1674 2406 sed
1707 2363 1799 2418 quia
1837 2375 1889 2403 ex
1927 2359 2103 2403 dimidio
2144 2360 2271 2402 rubro
2296 2360 2438 2416 quinta

1394 2439 1484 2482 pars
1501 2423 1702 2465 fruetuum
1725 2419 2209 2476 recolligendorum,quae
2230 2431 2337 2461 anno
2354 2418 2438 2459 ser-

1392 2485 1457 2527 tili
1484 2497 1574 2525 cuni
1599 2481 1726 2523 sterili
1753 2490 1994 2534 computato
2017 2480 2095 2520 tria
2118 2477 2228 2521 scuta
2255 2487 2428 2519 monetae

1395 2546 1587 2587 Ronianae
1608 2555 1686 2583 non
1700 2538 2111 2591 excedunt,Ret‘tori‚
2123 2535 2432 2589 Archipresby-

1394 2614 1488 2645 tero
1511 2607 1749 2653 nuncupato
1771 2595 2019 2640 Parocbialis
2052 2595 2256 2643 Ecclesiae,
2282 2592 2435 2635 Archi-

1396 2662 1705 2717 presbyteratus
1732 2663 2000 2708 nuncupatae,
2027 2651 2141 2692 dietae
2179 2653 2319 2693 Terra:
2337 2677 2352 2699 ,
2381 2661 2432 2691 ex

1397 2715 1611 2774 posteriori
1629 2713 1728 2755 vero
1745 2712 1902 2766 petiolo
1921 2713 2058 2753 Terrae
2075 2707 2327 2765 hujusmodi,
2347 2707 2431 2749 duo

1397 2777 1473 2819 alia
1505 2773 1613 2815 scuta
1639 2769 1806 2820 similia,
1837 2770 1876 2810 3.-
1917 2768 2103 2822 bajoechi
2135 2767 2430 2823 quinquaginta

1398 2828 1791 2889 septem,Sacrissiae
1814 2827 1993 2883 ejusdem
2032 2827 2222 2869 Ecclefiae
2259 2839 2334 2882 pro
2366 2837 2434 2866 re·
2503 2877 2507 2881 ·

1399 2891 1607 2948 sponsione
1634 2886 1796 2942 singulis
1841 2887 1954 2927 annis
1991 2886 2167 2940 praeflari
2209 2882 2432 2926 consueve-

1398 2962 1492 2993 runt
1507 2979 1520 3001 ,
1548 2948 1729 3005 quamvis
1756 2944 1908 3000 petiola
1927 2946 2067 2987 Terrae
2085 2939 2432 2997 hujusmodinulli

1397 3007 1647 3055 caducitati,
1673 3018 1806 3059 neque
1834 3002 2021 3045 solutioni
2041 3002 2233 3046 laudemii
2249 3000 2424 3042 obnoxia

1405 3070 1478 3109 sint
1495 3097 1510 3118 ,
1537 3060 1922 3107 nihilominusidem
1945 3061 2126 3117 Julianus
2151 3062 2241 3104 Dux
2275 3058 2431 3100 indem-

1404 3126 1522 3169 nitati
1552 3122 1767 3172 Ecclesiae,
1791 3121 1831 3160 δι
1869 3119 1978 3162 illius
2012 3118 2204 3162 Sacrillia:
2231 3116 2433 3172 hujusmo-

1404 3186 1446 3228 di
1475 3182 1686 3226 consulere
1715 3179 1910 3234 cupiens,
1927 3193 1973 3222 ac
1997 3178 2228 3233 praediftam
2255 3178 2430 3216 Domum

1408 3242 1657 3298 Regularem
1674 3239 1695 3280 a
1725 3236 1922 3294 praedidtis
1948 3236 2269 3293 responsionibus
2295 3231 2349 3273 de
2365 3244 2434 3273 ce·

1406 3313 1503 3345 tero
1545 3300 1721 3342 liberare
1748 3324 1762 3347 ,
1799 3297 1839 3336 &
1890 3298 2078 3339 eximere
2128 3293 2292 3348 cupiens
2317 3319 2334 3357 .’
2383 3302 2432 3332 ex

1408 3360 1487 3404 suis
1516 3357 1689 3416 propriis
1719 3355 1902 3411 pecuniis
1939 3354 2022 3397 duo
2063 3353 2151 3394 loca
2195 3353 2428 3399 Montium,

1406 3433 1487 3463 non
1514 3415 1755 3462 vacabilium
1781 3414 1833 3455 de
1861 3415 2003 3462 Urbe,
2038 3425 2088 3453 ex
2114 3409 2256 3465 quibus
2286 3419 2432 3451 novem

1409 3480 1517 3522 stuta
1541 3478 1652 3532 paria
1674 3473 1879 3517 annuatim
1896 3471 2267 3529 percipientur,pro
2281 3466 2433 3509 eisdem

1398 3536 1579 3580 Ecclesia
1597 3564 1611 3586 ,
1630 3536 1666 3575 &
1695 3530 1904 3583 Sacristia‚
1930 3532 2011 3579 ita,
2028 3538 2071 3568 ut
2098 3540 2149 3567 ex
2175 3526 2257 3568 illis
2289 3525 2434 3568 Eccle-

1400 3595 1460 3637 fiae
1484 3594 1577 3645 sex,
1610 3591 1802 3637 Sacristiae
1836 3591 1934 3631 vero
1957 3584 2182 3638 hujusmodi
2215 3586 2290 3627 tria
2322 3583 2434 3625 scuta

1401 3654 1536 3697 similia
1564 3651 1726 3707 singulis
1757 3649 1868 3690 annis
1901 3643 2213 3695 obveniant,de
2243 3640 2434 3685 consensu

1405 3712 1601 3756 Rectoris
1631 3708 1851 3755 Ecclesicc,
1880 3708 1915 3747 δι’
1954 3703 2334 3801 Αάωἰιιιίὶι-ειῐοτυιίιὶτ
2365 3703 2431 3741 Sa·

1786 3766 1820 3807 K
2241 3761 2298 3803 cri
2333 3760 2377 3799 iae
