2710 4108
386 243 554 347 330

317 385 385 431 Fx
420 375 617 428 Ecclesia
654 376 835 430 Domiis
867 375 1042 446 Oppidi
1074 380 1252 450 Lugani
1275 382 1353 429 Sa-

386 467 484 498 cras
519 450 761 518 Reliquias
789 450 961 499 extrahi
989 463 1115 500 vetat
1131 486 1147 509 ,
1179 444 1228 501 ὅ(
1256 465 1356 516 pro-

382 518 620 569 hibitionis
653 523 831 588 copiam
865 519 923 570 ad
952 522 1112 571 valvas
1143 518 1352 572 Ecclesiae

371 584 478 645 ¹&c-
508 588 635 660 affigi
653 591 864 641 mandat.

314 733 924 787 INNOCENTIUS
1007 733 1211 782 PAPA.
1281 731 1348 780 X.

493 860 562 903 Ad
572 868 807 916 perpetuam
832 862 891 902 rei
902 859 1124 902 memoriam
1137 888 1150 901 .

429 976 711 1020 Onservationi
743 1005 758 1028 ‚
795 979 835 1019 δε
863 975 1160 1019 manutentioni
1199 978 1344 1018 Sacra-

449 1050 567 1087 rum,
599 1047 641 1078 ut
668 1036 732 1092 pi⁸e
760 1036 971 1088 credztur,
1002 1037 1239 1077 sanctorum
1258 1033 1344 1073 Re-

311 1095 525 1148 liquorum
545 1123 558 1145 ,
588 1108 684 1150 quas
705 1095 745 1135 in
777 1093 952 1136 Ecclefis
982 1091 1129 1135 Domus
1160 1094 1344 1134 Fratrum

311 1153 478 1194 Ordinis
497 1154 714 1203 Minorum‚
730 1155 768 1193 S.
787 1151 988 1194 francisci
1007 1151 1349 1206 Capucinorum

313 1222 653 1265 nuncupatorum,
668 1211 705 1252 in
722 1211 893 1252 districtu
912 1213 950 1252 O
981 1209 1061 1265 pidi
1078 1210 1248 1265 Lugani,
1262 1211 1348 1251 Co-

315 1283 423 1312 men.
444 1269 575 1311 Dioec.
602 1269 672 1311 fita
701 1266 884 1312 asservari
911 1225 1121 1318 nilperitur,
1145 1279 1338 1323 quantum

313 1342 404 1369 cum
419 1329 593 1368 Domino
609 1325 715 1382 poffu
724 1342 807 1370 mus
822 1356 836 1380 ,
851 1328 1023 1382 benigne
1038 1325 1251 1370 consulere
1263 1355 1278 1378 ‚
1295 1339 1340 1369 ac

310 1386 511 1429 Dilestunt
531 1385 676 1428 Filium
690 1387 911 1429 Antonium
930 1386 1098 1430 Mariam
1113 1385 1133 1428 ἃ
1151 1389 1338 1442 Lugano,

311 1443 487 1500 ejusdem
515 1445 680 1486 Ordinis
708 1443 998 1496 Professorem,
1030 1459 1077 1488 ac
1103 1447 1336 1488 Procurato-

311 1505 366 1545 ris
383 1503 601 1545 Generalis
615 1504 780 1545 Ordinis
799 1502 1018 1560 hujusmodi
1046 1503 1220 1555 socium,
1243 1502 1342 1559 qui,

310 1573 355 1604 ut
372 1558 501 1603 arserit
518 1591 534 1612 ‚
569 1561 772 1617 Reliquias
787 1563 986 1617 praedictas
1008 1561 1271 1618 conquisivit,
1299 1561 1340 1601 &

309 1621 468 1677 piorum
490 1619 754 1676 eleemosynis
780 1620 940 1676 adjutus
956 1650 969 1672 ,
982 1622 1022 1664 in
1040 1621 1144 1664 dicta
1163 1620 1341 1664 Ecclelia

312 1679 503 1721 ‘collocari
533 1679 689 1722 curavit
714 1708 729 1729 ,
774 1680 1011 1735 specialibus
1037 1679 1241 1722 favoribus
1259 1709 1273 1731 ,
1302 1681 1342 1722 &

313 1740 450 1791 gratiis
479 1736 662 1792 prosequi
694 1735 905 1789 volentes,
934 1741 974 1780 &
998 1739 1018 1780 a
1047 1738 1248 1795 quibusvis
1273 1752 1342 1781 ex·-

312 1796 690 1838 communicationis
722 1825 737 1846 ,
770 1794 1026 1852 suspensionis
1050 1823 1064 1845 2
1100 1798 1137 1838 &
1167 1796 1340 1840 interdi-

310 1854 389 1904 cti,
420 1853 586 1908 aliisque
615 1851 899 1898 Ecclefiasticis
928 1854 1135 1897 sententiis
1158 1884 1171 1907 ,
1201 1855 1341 1897 censu-

309 1926 392 1961 ris,
429 1913 466 1952 &
491 1914 608 1967 paenis
631 1917 654 1955 a
677 1911 795 1967 jure,
822 1913 886 1956 vel
905 1914 956 1956 ab
981 1914 1169 1964 homine,
1199 1912 1339 1969 quavis

310 1970 517 2011 occatione
534 1999 548 2021 ,
582 1972 646 2014 vel
673 1969 785 2012 causa
806 1971 924 2022 latis,
957 1971 979 2013 fi
1007 1972 1147 2025 quibus
1173 1985 1340 2026 quomo·-

309 2026 468 2068 dou'bet
487 2028 698 2071 innodatus
714 2028 875 2080 existit,
901 2029 951 2070 ad
969 2029 1152 2072 effectum
1174 2032 1341 2086 praesen-

308 2086 407 2127 tiu-n
434 2086 629 2128 duntaxat
653 2086 978 2142 consequendum
995 2116 1010 2139 ,
1037 2088 1177 2131 harum
1202 2087 1341 2134 serie,

307 2143 561 2186 absolventes
573 2174 585 2194 ,
601 2145 640 2186 &
653 2143 877 2189 absolutum
895 2142 983 2188 fore
998 2145 1209 2190 censentes
1223 2177 1236 2199 ,
1250 2147 1341 2204 sup-

309 2202 598 2256 plicationibus
634 2202 804 2257 praedicti
831 2205 997 2247 Antonii
1021 2205 1154 2248 Mariae
1178 2208 1340 2252 nomine

308 2262 437 2303 wais
467 2259 584 2315 super
614 2263 691 2305 hoc
725 2262 933 2304 humiliter
956 2264 1145 2319 porredtis
1170 2265 1340 2310 inclina-

307 2319 370 2370 ti;
402 2334 449 2360 ne
476 2319 529 2362 de
554 2332 698 2364 caetero
712 2322 860 2374 quaevis
872 2322 1040 2365 Persona
1057 2351 1070 2373 ,
1102 2325 1181 2365 sive
1198 2326 1336 2379 Regu-

307 2377 402 2423 laris
424 2406 438 2430 ,
469 2378 549 2422 five
579 2379 811 2431 Saecularis,
840 2380 1015 2437 cujusvis
1038 2380 1186 2438 gradus
1202 2411 1215 2434 ‚
1238 2398 1336 2426 con-

1105 2512 1325 2576 ΝΟ

1078 209 1649 299 ·Provinc.ia

1411 330 1575 372 ditionis
1589 358 1602 381 ,
1619 328 1828 385 qualitatis
1844 360 1857 383 ,
1870 331 2154 387 &dignitatis‚
2170 331 2293 374 etiam
2312 333 2460 376 Eccle-

1412 388 1569 432 fiatticae
1585 418 1598 440 ‚
1626 390 1666 430 &
1679 403 1917 446 quacunque
1931 391 2177 434 auctoritate
2193 419 2209 441 ‚
2241 391 2463 445 superiori-

1417 457 1503 489 tate
1518 475 1532 498 ,
1562 450 1602 490 &
1616 447 1750 489 officio
1765 446 1931 504 fungens
1945 478 1959 501 ‚
1986 452 2112 498 etiam
2127 450 2334 492 individua
2351 463 2458 491 men.

1414 505 1527 548 tione
1548 507 1669 563 digna
1685 534 1698 556 ,
1730 508 1942 563 Reliquias
1962 509 2164 562 praedistas
2180 536 2194 559 ‚
2226 507 2292 549 seu
2318 522 2458 549 earum

1412 563 1584 620 aliquam
1599 575 1782 619 partem,
1813 567 1937 608 etiam
1966 568 2195 615 minimam,
2221 565 2363 608 edieta
2384 570 2460 608 Ec-

1410 621 1529 665 clesia
1544 626 1762 666 extrahere
1778 652 1791 675 ,
1822 635 1890 667 aut
1907 622 1975 665 sub
1991 626 2132 680 quovis
2160 624 2322 681 quaelito
2335 625 2453 666 colo-

1413 694 1458 721 re
1473 709 1487 732 ,
1519 682 1703 736 ingenio,
1732 680 1870 733 causa,
1893 682 2074 735 ratione,
2102 682 2167 726 seu
2186 685 2391 726 occatione
2406 683 2457 726 ab

1411 738 1554 783 eadem
1579 740 1758 783 Ecclesia
1780 741 2021 796 asportare,
2048 742 2110 785 seu
2126 771 2141 795 ,
2167 753 2211 785 ut
2237 743 2456 785 extrahan-

1409 807 1507 850 tur,
1536 797 1847 854 &asportentur
1861 825 1876 846 2
1908 800 2171 852 permittere,
2192 811 2261 843 aut
2283 802 2454 844 consen·

1409 857 1488 899 tire
1511 857 1657 900 audeat
1673 885 1688 907 ,
1720 856 1785 898 seu
1811 859 2046 911 praesumat‚
2078 857 2147 900 sub
2168 861 2452 902 excommuni-

1406 915 1578 958 cationis
1615 915 1705 958 latae
1731 915 1938 958 sententiae
1961 944 1976 967 ‚
2008 914 2031 957 ἃ
2054 931 2131 972 qua
2158 930 2304 969 nemo,
2333 917 2399 959 nisi
2429 916 2452 959 εἰ

1409 974 1539 1016 Nobis
1551 1003 1564 1026 ,
1589 975 1627 1015 δι
1643 988 1718 1029 pro
1733 983 1918 1029 tempore
1930 974 2125 1019 existente
2142 975 2330 1018 Romano
2343 977 2451 1017 Pon-

1409 1031 1518 1074 tifice
1558 1030 1821 1075 absolutionis
1852 1031 2119 1084 beneficium,
2146 1043 2451 1089 praeterquam..-

1406 1092 1446 1134 in
1463 1091 1603 1134 mortis
1620 1091 1796 1133 articulo
1809 1091 2062 1135 constitutus,
2077 1093 2297 1147 impetrare
2318 1095 2450 1148 possit,

1407 1151 1447 1191 8<
1474 1150 1625 1201 etiam,
1655 1150 1788 1206 quoad
1815 1150 2044 1204 Regulares
2071 1150 2307 1206 privationis
2337 1153 2450 1194 vocis

1408 1209 1574 1260 activae,
1605 1210 1642 1251 &
1673 1207 1825 1265 paffivae
1857 1210 2017 1263 poenis,
2048 1223 2122 1265 per
2149 1205 2453 1252 contrafacien-

1400 1277 1463 1309 tes
1486 1267 1621 1324 eoipso
1645 1265 1791 1322 absque
1825 1266 1902 1309 alia
1938 1266 2216 1311 declaratione
2237 1267 2449 1312 incurren-

1399 1326 1480 1376 dis,
1498 1325 1722 1380 apostolica
1738 1326 1992 1369 Auctor-itate
2004 1354 2018 1377 ‚
2034 1334 2177 1369 tenore
2197 1324 2446 1380 praesentium

1401 1385 1682 1428 interdicimus
1696 1412 1710 1435 ,
1724 1386 1762 1427 δι
1778 1385 2036 1440 prohibemus
2053 1398 2065 1426 τ
2097 1399 2176 1427 non
2190 1385 2444 1429 obstantibus

1403 1443 1766 1486 Constitutionibus
1782 1471 1797 1493 ‚
1825 1444 1865 1485 δι
1891 1443 2222 1485 Ordinationibus
2240 1445 2444 1497 Apostoli..

1401 1503 1476 1552 cis,
1495 1516 1540 1543 ac
1559 1501 1711 1545 Domfis
1725 1530 1738 1552 ‚
1753 1503 1792 1543 δι
1808 1500 1970 1543 Ordinis
1986 1499 2229 1558 hujusmodi,
2245 1503 2446 1560 etiam-ju·

1402 1572 1588 1604 ramento
1601 1587 1615 1608 ‚
1630 1558 1954 1604 Confirmanone
1968 1560 2203 1616 Apostolica
2214 1590 2229 1610 ,
2264 1559 2327 1603 vel
2344 1576 2444 1617 qua-

1404 1618 1460 1660 vis
1486 1618 1681 1663 firmitate
1719 1618 1797 1661 alia
1830 1619 2033 1662 roboratis
2064 1619 2249 1668 statutis,
2278 1620 2318 1660 δι
2339 1633 2444 1662 con-

1402 1678 1676 1722 suetudinibus
1693 1707 1708 1731 ‚
1723 1675 1958 1734 caeterisque
1974 1678 2187 1721 contrariis
2205 1677 2445 1734 quibuscun-

1400 1751 1480 1793 que
1496 1766 1508 1778 .
1542 1738 1738 1781 Volumus
1763 1747 1899 1780 autem
1915 1762 1930 1784 ,
1956 1736 2064 1790 quod
2089 1736 2285 1792 praesentis
2307 1739 2447 1791 prohi—

1403 1796 1563 1838 bitionis
1581 1798 1695 1850 copia
1721 1796 1758 1836 in
1785 1795 1911 1836 valvis
1934 1794 2045 1837 dietae
2060 1797 2248 1838 Ecclefiae
2263 1825 2278 1846 ,
2311 1796 2376 1839 seu
2392 1797 2448 1838 il-

1402 1854 1477 1897 lius
1514 1853 1720 1905 sacristiae,
1752 1863 1820 1896 aut
1852 1854 1933 1895 alio
1966 1853 2179 1910 prospicuo
2206 1855 2332 1905 loco,
2361 1869 2443 1912 quo

1400 1914 1450 1955 ab
1475 1914 1660 1956 omnibus
1682 1913 1794 1954 cerni
1820 1913 1936 1966 potiit
1954 1942 1968 1964 ,
2001 1917 2203 1969 perpetuo
2231 1912 2344 1956 affixa
2372 1930 2448 1958 re-

1402 1982 1587 2014 maneat.
1623 1977 1769 2014 Datum
1800 1973 1940 2013 Romae
1969 1972 2074 2025 apud
2109 1977 2146 2015 8.
2163 1973 2334 2014 Mariam
2353 1978 2444 2018 Ma&

1406 2029 1536 2086 iorem
1577 2030 1644 2072 sub
1681 2028 1847 2072 Annulo
1894 2029 2107 2073 piscatoris
2147 2058 2162 2080 ,
2217 2031 2294 2071 Die
2339 2045 2364 2074 v
2401 2047 2435 2074 1.

1404 2088 1500 2146 Maji
1527 2104 1660 2132 moct-
1684 2086 1948 2132 pontificatus
1966 2090 2100 2132 Nostri
2126 2090 2250 2131 Anno
2270 2087 2430 2134 sexto.⁸

1942 2209 2001 2249 M.
2014 2208 2065 2248 A.
2085 2205 2292 2249 Maraldus
2311 2235 2326 2246 .

1454 2325 1514 2368 Ex
1538 2325 1632 2379 Reg-
1658 2320 1779 2366 Arcb.
1808 2323 1953 2365 snret.
1983 2325 2099 2366 Brea.
2128 2323 2259 2381 qust.
2289 2323 2436 2381 meust,

1511 2382 1559 2430 ἐς
1574 2379 1672 2425 anni
1688 2379 1816 2437 praed.
1832 2380 1915 2441 sol.
1933 2397 1954 2439 3
1968 2394 2030 2426 ιο.

1420 2512 1634 2576 TA

423 2670 625 2710 Translatio
647 2672 798 2721 praedi&
822 2672 1032 2712 Conventus
1054 2674 1098 2711 ad
1119 2675 1236 2712 locum
1248 2673 1395 2722 Oppido
1414 2672 1615 2710 viciniorem
1639 2673 1793 2713 conceff·
1814 2675 1862 2713 est
1889 2677 2045 2714 Decreto
2070 2675 2108 2715 S.
2122 2675 2298 2722 Congreg.

1095 2722 1227 2771 Episc„
1249 2725 1282 2770 8<
1304 2724 1434 2768 Regul.
1459 2722 1643 2770 sequente:

301 2825 356 2912 S
370 2825 570 2869 ‘Daulia-ante
595 2829 865 2871 Locum-tenente
891 2828 1013 2878 ‘Burgi
1034 2829 1238 2881 Laganenfis
1262 2830 1370 2868 Dia-c.
1392 2829 1527 2868 Comen.
1542 2853 1555 2872 ‚
1576 2828 1619 2871 (δ’
1645 2829 1799 2869 Domini?
1828 2830 1909 2870 DD.
1925 2830 2168 2871 Helvetiorum
2192 2838 2255 2879 pro
2281 2828 2424 2868 lit-entia

389 2875 602 2913 conventum
621 2888 673 2916 ιε.
696 2879 948 2927 Capacinorum
961 2902 975 2922 ,
1001 2879 1040 2915 in
1060 2877 1126 2915 loco
1148 2881 1261 2930 aspero
1269 2880 1372 2931 ficum
1386 2907 1397 2923 ,
1417 2879 1460 2921 ὼ·
1484 2877 1648 2916 milliario
1686 2881 1731 2917 ab
1753 2880 1967 2919 habitatione
1990 2879 2167 2932 distantem
2186 2880 2430 2930 ,transferat-2

301 2925 340 2962 αἱ
363 2923 407 2959 ad
440 2922 546 2962 locum
571 2925 707 2976 Oppido
735 2928 963 2965 viciniorem.

398 3023 500 3059 Sacra
527 3024 767 3070 Congregatio
785 3024 1152 3069 EminemiOEmmum,
1176 3038 1216 3063 ac
1231 3027 1599 3066 Reverendiffimorum
1625 3027 1664 3065 S.
1679 3029 1724 3066 R.
1737 3028 1775 3064 E.
1788 3027 2026 3065 Cardinalium
2040 3036 2156 3074 negot.
2172 3050 2186 3071 ‚
2209 3027 2244 3064 &
2257 3025 2428 3063 Consult.

301 3070 435 3117 Epire„
461 3072 497 3110 &
530 3072 657 3117 Regul.
682 3073 856 3122 praepofita
880 3099 891 3118 ‚
930 3072 1055 3112 audiris
1067 3075 1313 3123 Superioribus
1325 3077 1494 3118 Οτάἰηῑε,
1519 3076 1646 3114 censuit
1672 3077 1814 3123 petitam
1842 3078 2096 3116 translationem
2121 3075 2262 3115 concedi
2289 3073 2381 3122 poss‘e
2410 3097 2426 3120 ,

299 3133 407 3169 prout
439 3121 564 3156 virtute
596 3122 766 3165 praesemis
793 3123 956 3167 Decreti,
979 3123 1105 3160 intuitu
1131 3124 1329 3161 meritorum
1343 3125 1515 3161 Nationis
1537 3126 1730 3164 Helveticae
1754 3126 1903 3172 gratiose
1927 3126 2109 3171 concedit,
2135 3126 2180 3162 ita
2214 3135 2328 3161 tamen
2345 3146 2359 3166 ,
2385 3133 2426 3158 ut

307 3168 484 3205 translatio
502 3179 570 3205 non
593 3169 652 3205 fiat
666 3194 679 3213 ‚
704 3171 763 3207 nili
787 3171 881 3220 prius
903 3183 1002 3208 novo
1016 3173 1207 3209 Conventa
1234 3174 1396 3210 omnibus
1419 3174 1566 3210 numeris
1583 3174 1764 3218 absoluto,
1787 3175 1823 3212 8<
1847 3176 1942 3222 quod
1957 3175 2060 3221 iplius
2075 3174 2239 3212 struaura
2253 3170 2426 3208 consuete

302 3217 507 3258 humilitati,
532 3217 565 3252 δε
584 3218 795 3265 paupertati,
820 3231 922 3266 quam
946 3221 1128 3268 profitetur
1152 3221 1348 3269 hujusmodi
1366 3224 1467 3260 ordo
1478 3247 1493 3267 ,
1516 3223 1560 3259 ad
1582 3223 1814 3274 prescriptum
1841 3224 1977 3261 suarum
1991 3222 2285 3263 constitutionum
2300 3219 2337 3256 in
2351 3231 2428 3257 om·

302 3267 402 3305 nibus
424 3267 460 3304 stt
475 3265 662 3305 conformis
677 3290 690 3305 .
714 3269 837 3306 Rome
852 3279 909 3319 29.
924 3269 1139 3320 Septembris
1156 3272 1258 3319 ¹645·

995 3417 1075 3471 M.
1094 3417 1335 3469 cardinalis
1363 3421 1561 3472 Ginettus
1575 3454 1588 3470 .

1343 3590 1398 3632 N.
1429 3586 1745 3648 Arch'epifiopur
1769 3590 1922 3632 Patrae.
1949 3589 2096 3631 sart-t.

401 3735 454 3777 fix
477 3733 613 3787 Regesto
632 3739 836 3781 Secresariae
861 3739 1176 3792 congregationis,
1200 3743 1301 3794 mens.
1314 3768 1325 3788 ‚
1349 3743 1393 3788 ὼ·
1417 3742 1504 3782 annu·
1518 3743 1631 3794 prad.

2290 3861 2365 3898 Re-
