2774 4068
335 191 500 276 126
689 243 703 262 ,ι
1075 182 1611 274 Provincia

259 307 381 358 sorum
408 306 559 344 Ordinis
583 304 751 347 Fratrum
775 303 961 346 ,mnarum
975 302 1234 352 Capacinorum
1257 311 1539 355 nuncupatorum
1559 296 1714 354 requisiti
1717 301 1879 352 fuimus,
1904 311 1946 342 ut
1972 302 2020 340 ad
2031 300 2174 341 illarum
2187 305 2420 344 executionem

264 360 372 410 juxta
383 355 500 395 Nobis
508 364 573 405 per
584 358 772 396 earundem
783 358 955 395 traditum
966 380 980 400 ,
1006 354 1049 395 ὠ·
1065 352 1232 390 directum
1242 353 1377 390 modum
1389 377 1401 393 ,
1427 351 1626 398 &formam
1633 352 1816 403 procedere
1837 353 2035 393 deberemus
2051 379 2060 389 .
2087 351 2167 394 Nos
2197 354 2279 392 verb
2293 355 2425 397 Hiero·-

268 417 389 457 nymus
414 405 626 455 ‘'Parisianus
652 404 841 452 Vicarius‚
869 401 1123 456 Commiffarius
1138 426 1152 447 ‚
1177 403 1223 445 ὠ·
1241 412 1431 451 exequutor
1454 401 1625 451 praefatus
1647 402 1920 454 commistionem,
1943 403 1987 446 (θ’
2000 403 2203 440 mandatum
2228 402 2424 454 hujusmodi

266 452 514 506 Apostolicum‚
525 455 742 502 obedientes,
768 467 810 494 ut
824 467 979 494 tenemur
993 478 1007 498 ,
1031 453 1155 501 exequi
1185 450 1337 489 volentes
1353 477 1363 492 ‚
1389 449 1530 491 Nomen
1543 473 1558 497 ,
1588 449 1747 490 Titulum
1771 475 1786 497 ,
1811 452 1856 494 ὁ·
1877 451 2200 490 Denominationem
2214 451 2425 502 supradiffiae

266 502 417 553 Ecclesia
428 529 441 548 ,
458 503 523 552 seu
538 505 684 554 Capellae
698 506 726 544 S
728 506 820 543 aneti
830 505 999 545 Severini
1014 529 1026 546 ,
1039 514 1082 539 ac
1095 514 1113 538 e
1139 503 1269 540 entiam
1271 499 1444 551 secularis
1455 499 1623 551 Ecclesiae,
1639 501 1705 551 seu
1717 500 1885 550 Cappellae
1899 527 1909 543 ,
1921 500 2082 550 illiusque
2097 500 2268 547 Remus,
2284 501 2425 540 Aucha-

265 556 377 592 ritate
391 553 595 604 Apostolico,
607 554 724 595 Nobis
734 557 775 592 in
787 556 850 592 hac
864 563 967 604 parte
978 563 1078 590 conce
1104 563 1124 587 a
1139 578 1151 596 ,
1176 552 1221 596 ὠ·
1238 552 1417 589 attributa
1430 577 1442 594 ‚
1462 550 1628 600 perpetuo
1640 550 1924 600 supprimendam
1939 574 1949 592 ‚
1966 551 2011 593 dy
2025 552 2296 598 extinguendam
2317 551 2426 588 duxi-

266 615 342 641 mus
355 628 367 648 ,
391 611 498 651 prout
518 603 633 641 eadem
647 604 864 643 authoritate
877 602 1130 653 supprimimus
1141 627 1152 644 ,
1179 602 1223 642 ὼ·
1234 601 1472 649 extinguimus
1482 627 1493 643 ‚
1518 611 1558 637 ac
1570 598 1667 638 illam
1680 610 1756 637 cum
1767 599 1923 637 omnihus
1939 623 1951 640 .
1976 598 2168 648 &singulis
2177 602 2395 650 paramentis
2411 625 2424 642 ,

268 651 452 691 Calicibus
468 676 478 691 ‚
503 653 703 699 Crucibus,
731 652 963 692 Candelabris
978 675 992 696 ‚
1017 651 1231 700 Campanis,
1256 651 1404 694 Libris,
1430 646 1523 701 Vasis
1538 673 1551 694 ,
1571 648 1738 696 universa
1762 661 1805 686 ue
1830 648 1902 684 alia
1915 646 2140 699 suppellefiiili
2168 673 2182 693 ,
2206 660 2278 688 tam
2287 650 2418 700 sacra,

265 701 372 751 quim
393 701 573 751 prophana
587 712 629 740 ex
652 715 738 740 auro
753 731 762 746 ‚
790 703 834 745 ὁ
847 705 1009 751 Argento
1020 724 1034 745 ,
1058 700 1102 743 dr
1123 699 1203 736 aliis
1216 701 1319 737 rebus
1331 698 1592 749 quibuscunque
1603 722 1616 743 ,
1627 699 1668 735 in
1678 699 1716 734 di
1747 709 1769 733 a
1782 697 1882 735 Eccle
1905 711 1925 734 a
1939 723 1952 742 ‚
1970 697 2035 746 seu
2052 697 2192 748 Capella
2220 699 2266 736 ad
2274 699 2423 749 prasens

267 750 491 802 existentibus
512 776 521 792 ,
547 752 590 793 &⁶
612 752 658 788 ad
682 751 779 789 illius
803 751 901 800 usum
913 751 1119 798 comparatis
1139 759 1287 787 exnunc
1301 773 1315 790 ‚
1337 757 1445 797 prout
1453 745 1570 797 postqu
1594 760 1625 784 m
1641 749 1680 783 in
1693 746 1841 784 Domum
1891 745 2065 795 egularem
2079 771 2092 791 ,
2108 747 2173 796 seu
2187 748 2424 794 Conventum,

266 800 351 837 diiii
364 795 516 837 Ordinis
535 800 769 850 ereiiafuerit
780 827 792 846 ‚
802 801 959 850 praefatis
971 798 1159 837 Fratribus
1171 820 1184 843 ,
1210 799 1264 837 ita
1274 825 1284 841 ‚
1299 797 1390 847 quod
1402 796 1507 834 liceat
1521 760 1736 848 poffiffionem
1760 795 1907 847 Ecclesia
1919 819 1932 840 ,
1948 796 2013 846 seu
2027 795 2197 845 Coppellae
2207 820 2220 841 ,
2245 810 2286 834 ac
2301 798 2425 835 Para·

267 858 485 893 mentorum,
512 849 836 894 Ornamentorum,
863 849 1022 888 Calicum
1036 874 1049 892 ,
1076 847 1272 892 Crucium,
1300 845 1600 886 Candelabrorum
1613 870 1627 890 ,
1654 845 1912 894 Campanarum
1930 873 1941 889 ,
1967 845 2155 883 Librorum
2170 870 2182 890 ,
2215 844 2423 896 Vasorum-ass

267 911 310 935 ac
329 897 584 947 Supelleiiilis,
609 899 653 941 &⁶
673 898 825 937 aliarum
849 911 968 937 rerum
979 897 1171 948 hujusmodi
1188 895 1322 945 perse,
1350 895 1410 932 vel
1431 895 1562 938 alium,
1579 895 1645 944 seu
1659 893 1743 930 alios
1756 906 1896 940 eorum,
1921 895 1965 938 ιβ’
1980 894 2110 932 Damas
2137 893 2327 943 Regularis
2351 897 2425 933 hu-

262 947 414 998 jusmodi
429 950 579 993 nomine,
591 948 799 998 Dioeeesani
811 948 898 988 loci,
926 947 987 986 vel
998 947 1154 996 cujusvis
1167 944 1314 982 alterius
1328 945 1545 982 authoritate
1557 942 1697 981 minimi
1708 945 1869 994 requifita
1879 968 1893 990 ,
1901 945 2046 1031 ρνιίςνὶα
2063 943 2279 982 authoritate
2300 951 2426 996 appre·⁴

268 996 420 1033 bendere
442 1020 456 1041 ,
482 998 527 1039 ὠ·
550 997 791 1048 apprehensam
810 998 975 1047 perpetui
1002 997 1182 1038 retinere,
1208 1006 1269 1032 nec
1285 1006 1354 1031 non
1382 995 1422 1030 in
1433 1006 1497 1038 ea,
1522 994 1566 1036 ὠ·
1587 993 1662 1042 ejus
1674 994 1810 1030 ambitu
1831 1005 1937 1031 unane
1989 1005 2098 1030 omum
2110 991 2322 1041 Regularem
2347 1006 2425 1033 cum

269 1045 417 1095 Ecclesia
431 1069 440 1085 .
470 1046 695 1096 campanili,
721 1048 932 1096 Campanis,
960 1044 1117 1095 Claustra
1130 1070 1143 1088 ‚
1167 1043 1360 1093 Refei'lorio
1374 1067 1384 1083 ,
1412 1043 1641 1080 Dormitorio
1655 1047 1679 1086 ,²
1696 1041 1806 1080 hortis
1821 1067 1834 1088 ,
1861 1041 2056 1080 hortaliciis
2075 1067 2087 1086 ,
2118 1042 2224 1080 Cellis
2238 1069 2247 1085 ‚
2273 1043 2420 1094 aliisque

268 1093 429 1145 Officinis
443 1120 455 1139 ,
482 1096 526 1137 (θ’
549 1096 710 1133 membris
728 1094 922 1148 neceffariis
935 1120 949 1139 ,
975 1095 1018 1138 ὠ·
1038 1093 1209 1142 consuetis
1237 1092 1284 1129 ad
1308 1091 1416 1142 instar
1439 1091 1590 1129 aliarum
1612 1091 1812 1129 ‘Domorum
1837 1091 2070 1140 Regularium
2091 1091 2240 1142 ejusdem
2270 1093 2427 1131 Ordinis

261 1152 328 1194 pro
340 1146 497 1194 pepetuis
510 1145 574 1194 usu
588 1170 601 1189 ,
628 1146 672 1187 ὠ·
684 1145 901 1183 habitatione
913 1144 1134 1192 competentis
1146 1143 1298 1187 numeri,
1311 1141 1358 1177 ad
1368 1142 1484 1179 minus
1503 1141 1681 1179 duodecim
1694 1140 1860 1179 Fratrum
1871 1141 1955 1178 diiii
1969 1141 2122 1178 Ordinis
2136 1166 2148 1186 ,
2175 1144 2238 1191 qui
2261 1144 2300 1178 in
2315 1154 2354 1179 ea
2371 1144 2431 1178 ri.

269 1203 329 1231 tus
344 1218 358 1238 ,
384 1205 493 1230 mores
505 1219 519 1238 ,
547 1194 892 1243 &consuetudinem
919 1204 1051 1230 necnon
1074 1191 1236 1241 instituta
1260 1191 1358 1242 ipstus
1370 1190 1525 1228 Ordinis
1539 1191 1712 1240 servare,
1737 1186 1951 1240 Divinisque
1970 1189 2133 1229 laudibus
2160 1192 2303 1243 insistere
2331 1192 2428 1237 debe7

267 1252 333 1279 ant
346 1267 359 1287 ,
382 1242 425 1284 ὼ·
438 1252 628 1280 teneantur
641 1270 652 1286 ,
664 1242 754 1279 ditia
767 1243 983 1280 authoritate
994 1240 1188 1291 Aposiolica
1211 1243 1317 1278 etiam
1327 1240 1489 1290 perpetuo
1505 1239 1719 1277 concedimus
1733 1267 1742 1278 .
1767 1240 1814 1278 Et
1831 1241 1970 1290 insuper
1984 1239 2111 1277 dietam
2130 1249 2333 1289 perpetuum
2349 1242 2425 1291 sim-v

261 1289 345 1342 plex
359 1316 372 1335 ,
397 1291 661 1340 &personalem
685 1291 900 1341 residentiam
924 1302 993 1327 non
1013 1292 1198 1339 requirens
1212 1288 1422 1339 Beneficium
1435 1288 1700 1340 Ecclestasticum
1722 1291 1764 1328 S.
1776 1291 1945 1327 Severini
1973 1301 2049 1327 cum
2065 1288 2203 1336 Ecclesia
2229 1291 2275 1326 ad
2291 1289 2425 1328 Altare

263 1341 296 1381 S
297 1341 326 1378 S
331 1367 338 1376 .
351 1340 565 1388 Hieronymi
578 1365 587 1380 .
611 1342 656 1383 ὠ·
669 1339 814 1391 ‘Josephi
827 1342 866 1376 in
870 1340 1026 1391 seculari
1039 1363 1051 1383 ,
1078 1339 1122 1381 ὠ·
1137 1338 1330 1387 Collegiata
1347 1337 1490 1388 Ecclesia
1503 1340 1545 1378 S.
1558 1338 1687 1377 Mariae
1700 1339 1852 1388 Majoris
1866 1348 2070 1389 nuncupata
2083 1338 2179 1375 diiiae
2197 1338 2316 1377 Terrae
2331 1339 2421 1389 His-

259 1388 371 1439 pelli,
395 1389 486 1437 quod
507 1397 572 1438 pro
593 1401 661 1427 uno
676 1390 812 1429 Clerico
824 1415 838 1435 ‚
855 1391 920 1440 seu
935 1389 1142 1437 Presbytero
1169 1390 1215 1427 ad
1227 1387 1354 1426 diiium
1368 1387 1498 1426 Altare
1505 1387 1672 1438 perpetuo
1695 1387 1916 1436 beneficiato,
1941 1390 2002 1438 qui
2015 1385 2140 1439 Miffas
2165 1389 2204 1424 in
2222 1388 2429 1439 supradiiia

264 1437 339 1488 fine
355 1438 455 1476 Cura
467 1435 612 1488 Ecclesia
622 1465 632 1480 ,
647 1440 713 1489 seu
726 1438 871 1489 Capella
881 1438 1052 1476 celebrari
1056 1438 1181 1487 solitas
1191 1465 1205 1485 ‚
1231 1450 1272 1475 ae
1285 1437 1422 1474 debitas
1432 1437 1542 1487 perse
1553 1463 1563 1479 ,
1590 1436 1650 1475 vel
1661 1436 1769 1475 alium
1784 1465 1793 1480 ,
1806 1437 1872 1487 seu
1882 1436 1968 1475 alios
1982 1436 2156 1475 celebrare
2166 1461 2179 1482 ,
2222 1440 2265 1475 'eu
2280 1438 2435 1478 celebra!

266 1487 305 1524 ri
320 1486 443 1535 facere
457 1514 468 1531 ,
495 1485 636 1536 aliaque
665 1499 770 1526 onera
784 1489 852 1540 sibi
875 1488 1114 1525 incumbentia
1135 1487 1326 1538 supportar
1340 1497 1505 1525 teneatur
1523 1515 1533 1531 ‚
1554 1487 1670 1525 eadem
1687 1486 1927 1525 Authoritate
1941 1485 2158 1538 quslolica,
2193 1499 2248 1523 me
2273 1487 2423 1538 alicujus

262 1536 469 1586 praejudicio
498 1538 667 1585 erigimus
683 1563 696 1579 ,
723 1537 767 1580 ὼ·
792 1537 1029 1589 instituimus,
1052 1535 1174 1586 illique
1219 1550 1237 1574 c
1262 1536 1393 1581 cretio,
1418 1537 1462 1579 &⁶
1482 1536 1665 1588 instituto,
1687 1545 1753 1585 pro
1777 1548 1933 1585 congrua
1958 1536 2032 1586 eJ‘us
2053 1535 2131 1572 dote
2155 1559 2168 1580 ,
2191 1547 2231 1572 ac
2256 1536 2346 1574 illud
2365 1536 2432 1585 pro·

266 1594 415 1635 tempore
438 1586 631 1623 obtinentis
648 1587 923 1638 substentatione
948 1587 1062 1623 omnia
1076 1611 1088 1631 ,
1116 1587 1160 1628 ὼ·
1190 1585 1308 1635 mgula
1334 1586 1430 1624 ditia
1443 1586 1517 1636 sine
1540 1598 1629 1624 cura
1646 1585 1795 1636 Ecclesiae
1808 1611 1821 1630 ,
1836 1585 1904 1634 seu
1925 1583 2118 1636 Cappellae,
2145 1585 2189 1626 ὁ·
2202 1583 2257 1622 illi
2283 1596 2436 1623 annexo-

269 1645 392 1672 xorum
406 1646 690 1684 quorumcunque
703 1637 935 1686 proprietates
954 1661 967 1680 ,
993 1636 1134 1675 Praedia
1149 1661 1159 1676 ,
1209 1648 1316 1679 omos,
1346 1637 1504 1674 Canones
1517 1660 1531 1682 ‚
1557 1635 1688 1684 Census
1704 1662 1713 1677 ‚
1733 1634 1974 1686 Responsiones
1990 1662 2000 1678 ,
2027 1634 2165 1682 aliaque
2179 1634 2268 1671 bona
2282 1659 2296 1679 ,
2319 1635 2363 1677 &¹
2370 1636 2435 1685 ju-

266 1696 311 1720 ra
340 1686 509 1733 universa
531 1686 571 1721 in
596 1686 857 1735 quibuscunque
872 1687 973 1723 rebus
986 1684 1220 1736 confislentia,
1247 1698 1288 1723 ac
1313 1686 1543 1733 undecunque
1561 1685 1808 1734 provenientia
1823 1708 1837 1729 ‚
1862 1696 1903 1722 ac
1952 1683 2178 1722 uomodolibet
2196 1710 2206 1726 ,
2233 1685 2277 1727 ὠ·
2304 1685 2435 1733 quovis.

266 1733 362 1770 modo
382 1743 608 1782 nuncupata3
633 1736 687 1772 ita
702 1735 793 1784 quod
814 1735 917 1772 liceat
930 1735 1145 1784 ‘Beneficium
1161 1735 1366 1785 hujusmodi,
1378 1743 1442 1783 per
1455 1732 1535 1773 Nos
1548 1734 1782 1772 Authoritate
1794 1734 1832 1771 A
1857 1732 1918 1784 osio
1932 1735 1989 1770 ica
2011 1732 2157 1771 erefflum
2171 1757 2184 1777 ,
2192 1742 2257 1783 pro
2281 1743 2431 1783 tempore

266 1782 518 1832 quomodolibet
547 1783 721 1822 obtinenti
747 1785 886 1822 illorum
915 1786 1067 1822 omnium
1093 1809 1108 1830 ,
1133 1786 1283 1835 exceptis
1320 1794 1435 1822 tamen
1456 1782 1631 1833 praediiiis
1652 1783 1824 1820 domuncu
1839 1783 1870 1818 is
1891 1807 1903 1820 .
1927 1783 1972 1825 &⁴
1992 1782 2063 1833 sisu
2089 1782 2187 1818 circa
2201 1783 2274 1832 sine
2301 1796 2427 1826 cum,¹

264 1831 457 1882 Ecclesiam,
453 1833 519 1882 seu
533 1832 1360 1884 Capellam,utpraefi’rtur,existentibus,quaesub
1372 1833 1602 1884 applicatione
1614 1833 1658 1875 (θ’
1670 1833 1951 1883 appropriatione
1961 1831 2198 1882 infrascriptis
2211 1833 2411 1883 comprehen
2420 1849 2435 1862 -

263 1880 303 1917 di
334 1907 348 1927 ‚
383 1893 448 1919 aut
471 1883 594 1919 venire
610 1894 679 1920 non
707 1885 854 1922 debeant
875 1909 888 1928 ,
916 1896 976 1921 nec
987 1887 1092 1922 etiam
1113 1884 1319 1932 censeantur
1333 1906 1346 1925 .
1366 1883 1503 1932 praevia
1513 1894 1629 1919 eorum
1686 1882 1824 1920 utinum
1848 1905 1863 1926 ,
1886 1880 2114 1927 reddituum,
2134 1888 2405 1929 proventuum-s
2419 1905 2436 1927 ,

265 1930 312 1971 ὠ·
345 1930 648 1970 emolumentorum
677 1945 959 1983 quorumcunque
986 1947 1000 1973 ς
1026 1943 1197 1983 quatenus
1218 1942 1299 1983 opus
1345 1942 1362 1971 t
1386 1957 1401 1977 ,
1425 1933 1470 1970 ab
1490 1932 1607 1969 eadem
1645 1944 1699 1969 me
1724 1943 1810 1970 cura
1826 1930 1968 1981 Ecclesia
1994 1955 2006 1977 ,
2020 1932 2085 1982 seu
2114 1931 2166 1968 Ca
2190 1930 2255 1968 ella
2279 1931 2442 1980 dismemq

265 1979 429 2018 bratione
453 2006 466 2027 ,
492 1981 700 2030 corporalem
724 2008 735 2024 ,
761 1982 886 2020 realem
908 2010 918 2026 ,
946 1983 990 2025 ὠ·
1015 1981 1178 2020 actualem
1199 1980 1287 2034 posse
1311 1993 1417 2019 ionem
1462 1993 1500 2019 er
1515 1981 1575 2030 se,
1601 1980 1661 2018 vel
1669 1981 1801 2026 alium,
1819 1982 1884 2030 seu
1908 1979 1994 2018 alios
2021 1981 2094 2032 ejus
2110 2005 2122 2024 ‚
2148 1939 2192 2024 ιζ’
2217 1980 2299 2017 diiii
2316 1980 2441 2024 ‘'Bene-¹

257 2027 340 2076 ficii
364 2032 523 2075 nomine,
535 2033 681 2081 propria
693 2032 909 2070 authoritate
930 2032 1185 2081 apprehendere
1212 2058 1222 2072 ‚
1256 2032 1299 2074 ὠ·
1325 2030 1533 2080 appreensa
1551 2031 1717 2080 perpetuo
1754 2033 1907 2069 retinere
1927 2055 1941 2076 ,
1973 2043 2035 2068 nec
2069 2043 2139 2067 non
2155 2026 2295 2080 fruiius
2320 2057 2330 2072 ,
2356 2029 2443 2067 νεὼ.

265 2076 363 2116 ditus
387 2103 401 2123 ,
418 2079 505 2129 jura
528 2105 542 2126 ‚
568 2081 792 2119 obventiones
809 2107 819 2123 ,
845 2083 889 2124 ὠ·
910 2080 1134 2119 emolumenta
1155 2080 1350 2130 hujusmodi
1367 2081 1570 2129 percipere,
1596 2081 1758 2128 exigere,
1777 2079 1896 2118 levare
1921 2104 1935 2125 ,
1960 2089 2192 2129 recuperare,
2217 2079 2329 2117 locare
2345 2106 2354 2121 ‚
2381 2083 2444 2116 ar->

263 2128 418 2166 rendare
433 2153 444 2169 ‚
469 2130 513 2170 &¹
536 2131 576 2166 in
590 2130 674 2179 suos
699 2129 781 2181 usus
806 2155 820 2176 ,
846 2131 890 2172 ὼ·
911 2130 1102 2168 utilitatem
1126 2140 1330 2168 convertere
1355 2156 1365 2172 ‚
1391 2131 1497 2167 etiam
1522 2129 1718 2179 Dioecesani
1749 2129 1816 2166 loci
1842 2154 1855 2173 ,
1881 2128 1941 2167 vel
1962 2130 2119 2180 cujusvis
2146 2127 2294 2166 alterius
2332 2131 2440 2175 licens

266 2177 324 2216 tici
363 2176 502 2215 minimi
540 2180 702 2230 requifita
736 2207 746 2222 ,
795 2179 891 2217 ditia
916 2181 1154 2219 Authoritate
1187 2179 1381 2230 Apostolica
1415 2178 1539 2216 itidem
1571 2178 1736 2228 perpetuo
1772 2179 1982 2227 applicamus
2002 2204 2012 2219 ,
2061 2180 2105 2221 ῥ’
2143 2179 2403 2228 appropriamus
2424 2182 2443 2221 ζ·

266 2238 308 2263 ac
339 2227 471 2277 easdem
494 2229 635 2267 Literas
650 2230 859 2280 Apostolicas
878 2230 1038 2279 semper,
1063 2230 1106 2272 ὠ·
1127 2229 1293 2278 perpetuo
1324 2227 1462 2264 validas
1487 2255 1496 2270 ‚
1522 2229 1566 2270 &⁴
1589 2228 1732 2278 efficaces
1756 2228 1841 2280 effe,
1866 2228 1910 2269 ὼ
1940 2227 2020 2276 fore
2044 2252 2057 2272 ,
2084 2228 2231 2276 suosque
2262 2227 2439 2277 plenarios

267 2276 313 2326 gb·
336 2279 490 2325 integros
516 2277 648 2329 effefiius
663 2279 819 2327 sortiri,
845 2292 956 2329 neque
971 2280 1041 2330 sub
1066 2280 1190 2329 quovis
1205 2278 1393 2328 fimilium,
1418 2277 1478 2314 vel
1497 2277 1703 2328 difflmilium
1729 2280 1933 2326 gratiarum
1969 2278 2249 2315 revocationibus
2263 2301 2277 2322 ‚
2302 2277 2442 2315 limita:

267 2326 451 2371 tionibus,
474 2329 518 2370 &¹
540 2328 822 2376 derogationibus
838 2354 850 2374 ,
876 2339 941 2367 aut
965 2329 1046 2366 aliis
1068 2329 1261 2366 contrariis
1285 2326 1559 2378 dispositionibus
1573 2335 1637 2376 per
1671 2325 1843 2364 Romanos
1872 2324 2058 2374 Pontifices
2086 2336 2150 2376 pro
2180 2335 2327 2376 tempore
2366 2329 2441 2365 exi·

259 2374 417 2426 flentes,
443 2375 565 2414 Sedem
590 2390 633 2414 ue
659 2376 900 2428 -Apostolicam
915 2378 986 2427 sub
1021 2378 1290 2428 quibuscumque
1313 2378 1501 2414 verborum
1524 2376 1810 2427 expreffi'onibus,
1834 2377 1878 2419 ὁ·
1897 2376 2044 2426 formis,
2070 2386 2135 2414 aut
2159 2388 2235 2413 cum
2258 2376 2447 2426 quibusvis¹

267 2423 460 2473 clausulis,
488 2426 532 2468 ὼ·
594 2428 719 2463 ecretis
741 2437 804 2476 pro
825 2437 972 2477 tempore
994 2427 1244 2476 quomodolibet
1261 2426 1367 2475 faiiis
1391 2425 1656 2476 comprehendi,
1674 2425 1748 2462 .vel
1777 2426 1972 2475 confundi,
1989 2425 2054 2475 sed
2075 2427 2119 2462 ab
2138 2425 2210 2462 illis
2226 2425 2359 2474 semper
2381 2437 2442 2463 ese·

267 2475 367 2523 cipi,
392 2475 436 2516 &³
465 2476 598 2524 quoties
618 2474 685 2512 illae
711 2478 949 2521 emanahunt,
974 2478 1077 2515 toties
1101 2478 1140 2512 in
1158 2475 1367 2526 prisiinum‚
1397 2475 1441 2517 (5·
1457 2473 1703 2523 ‘validiffimum
1716 2474 1865 2525 statum,
1890 2475 2007 2511 eadem
2018 2474 2240 2512 Aufiioritate
2260 2473 2443 2527 eApostoli.

268 2535 311 2560 ca
339 2523 566 2573 restituimus,
595 2525 640 2567 (θ’
660 2524 817 2574 plenarii
841 2528 1121 2575 reintegramus,
1146 2538 1187 2562 ac
1207 2526 1360 2562 denovo
1385 2525 1512 2566 etiam,
1527 2524 1597 2572 sub
1611 2536 1822 2573 quacumque
1846 2522 2022 2574 posteriori
2034 2524 2131 2562 Data
2145 2534 2230 2572 ,per
2242 2522 2447 2576 Religiosos

264 2573 444 2623 praedifflos
469 2574 750 2624 quandocumque
772 2575 931 2623 eligenda
960 2574 1124 2627 conceffas
1145 2572 1205 2626 effe
1218 2599 1230 2619 ,
1257 2575 1300 2616 ὅς’
1329 2573 1430 2622 fore:
1448 2575 1562 2624 sicque
1595 2582 1660 2622 per
1692 2574 1922 2623 quast-umque
1947 2571 2095 2622 Judices
2124 2573 2341 2610 Ordinarios
2354 2599 2367 2618 ,
2393 2574 2442 2618 όν,

267 2621 455 2671 Delegatos
471 2646 484 2667 ,
507 2625 613 2660 etiam
630 2624 825 2711 C'ajeqsarum
851 2626 959 2663 Sacri
981 2625 1121 2663 Palatii
1145 2623 1346 2674 ‹Apostolici
1373 2621 1584 2660 eAuditores
1598 2647 1611 2667 ,
1637 2623 1681 2665 (ξ’
1703 2624 1743 2660 S.
1757 2621 1860 2661 R0E.
1877 2621 2086 2660 Cardinales
2103 2622 2287 2672 judicari,
2311 2623 2356 2665 ὰ
2377 2623 2447 2664 ἄμ,

261 2671 370 2720 finiri
393 2672 537 2711 debere,
550 2672 641 2709 difia
716 2673 971 2712 ufiioritateeA
989 2674 1121 2725 ostolica
1132 2674 1370 2710 decernimus:
1398 2685 1466 2708 non
1485 2671 1693 2723 obstantibus
1716 2673 1895 2716 omnibus,
1921 2683 1996 2721 quae
2008 2673 2047 2707 in
2060 2671 2160 2708 diiiis
2182 2672 2315 2710 Literis
2330 2672 2448 2722 vipoi

262 2720 393 2772 stolicis
406 2722 575 2771 praefatus
601 2723 832 2774 Sanfiiffimus
852 2724 900 2761 D.
916 2683 986 2763 ΝΡ

271 2769 450 2820 Ecclesiam
475 2772 517 2810 S.
543 2771 671 2809 Maria
697 2772 851 2821 Majoris
875 2773 958 2810 dicii·
979 2773 1135 2824 Oppidi,
1163 2775 1202 2809 in
1224 2784 1294 2821 qua
1320 2783 1470 2809 maxima
1490 2769 1610 2820 populi
1634 2770 1822 2810 multitudo
1846 2780 2059 2808 convenerat
2079 2794 2094 2816 ,
2127 2771 2171 2813 (ἶς’
2204 2771 2334 2808 ibidem
2369 2773 2448 2809 itt-e*

268 2819 404 2860 ,Altare
426 2820 562 2871 Majori
589 2819 695 2873 Miffci
711 2822 859 2872 solemni
882 2822 1057 2861 celebrata
1070 2852 1081 2868 ,
1096 2823 1246 2863 Crucem
1272 2820 1300 2857 li
1324 2833 1422 2858 neam
1444 2833 1606 2869 magnam
1626 2821 1756 2859 ibidem
1774 2828 2007 2870 praeparatam
2020 2843 2035 2864 ,
2057 2832 2135 2858 cum
2148 2819 2331 2870 aspersione
2346 2832 2444 2871 aquae

273 2869 454 2907 benediffiae
468 2895 481 2914 ,
509 2867 730 2922 &⁸5ncensb,
764 2874 1086 2911 intervenientibus
1111 2872 1269 2911 omuibus
1280 2834 1587 2920 filemnitatibus,
1614 2871 1657 2913 &⁶
1679 2872 1812 2908 ritibus
1832 2871 2058 2920 opportunis,
2082 2870 2213 2920 &ipis
2228 2869 2453 2918 observatis,

273 2917 405 2969 Christi
430 2917 586 2958 Nomine
609 2921 796 2966 invocato,
825 2922 1062 2961 benediximus
1075 2947 1088 2968 ,
1115 2933 1190 2972 quae
1209 2920 1321 2972 postea
1342 2920 1616 2969 praecedentibus
1640 2920 1893 2971 Confratribus
1915 2920 2131 2958 Societatum
2175 2919 2331 2958 aicorum
2359 2919 2444 2959 diiii

271 2967 450 3019 Opppidi,
477 2981 518 3006 ac
541 2967 728 3009 Fratribus
753 2971 906 3009 Ordinis
932 2971 1117 3010 Minorum
1132 2969 1447 3010 Conventualium.
1475 2970 1519 3012 ὁ·
1541 2969 1811 3019 Observantiae,
1833 2979 1938 3019 atque
1960 2969 2244 3018 Captianorum,
2268 2975 2342 3012 una
2367 2981 2445 3007 cam

274 3027 346 3056 toto
374 3016 498 3059 ctera,
521 3018 565 3061 (θ’
592 3020 767 3070 Capitulis
790 3021 975 3071 utriusque
998 3021 1198 3071 Collegiatae
1216 3019 1296 3069 fuit
1313 3018 1392 3069 fer&
1425 3027 1489 3068 per
1513 3029 1624 3058 totum
1646 3018 1772 3057 dictum
1799 3018 1976 3069 Oppidum
1997 3017 2310 3070 procefflonaliter,
2334 3023 2378 3066 ό·
2388 3020 2446 3070 so·

275 3066 436 3104 lemniter
460 3080 482 3104 a
494 3078 660 3118 portata·
686 3071 846 3109 ‘Domum
870 3079 1041 3120 pervento
1063 3071 1111 3108 ad
1130 3069 1254 3107 difiam
1275 3068 1449 3120 Ecclesiam
1473 3093 1486 3113 ‚
1505 3069 1573 3119 seu
1600 3068 1796 3119 cappellam
1828 3070 1870 3108 S.
1895 3068 2064 3107 Severini
2085 3091 2100 3112 ,
2123 3069 2164 3105 in
2178 3068 2275 3117 facie
2297 3070 2445 3122 ejusdem

270 3115 422 3167 'Ecclefiae
447 3130 464 3154 e
479 3126 584 3156 evata
597 3143 611 3163 ,
637 3118 680 3160 ὅς’
700 3120 866 3170 plantata
883 3121 989 3170 fuit:
1015 3119 1144 3172 ‘Postea
1170 3128 1252 3156 ante
1268 3117 1365 3167 fores
1387 3117 1535 3167 ejusdem
1570 3119 1717 3170 Ecclesia
1733 3144 1745 3163 ,
1770 3118 1925 3172 adflante
1939 3115 2100 3176 similiter
2123 3115 2283 3165 fidelium
2311 3119 2442 3169 copiosa

273 3165 527 3212 multitudine,
543 3167 660 3217 saeris
686 3169 834 3220 vestibus
862 3170 1006 3212 induti,
1033 3175 1120 3207 cum'
1135 3167 1317 3218 aspersione
1331 3168 1493 3218 similiter
1505 3181 1603 3218 aquae
1624 3168 1831 3209 benedicta,
1855 3169 1900 3211 ὼ·
1933 3165 2091 3254 ιησεῦβ,
2117 3168 2441 3207 intervententibus

274 3217 432 3254 omnibus
445 3241 459 3262 ‚
483 3218 527 3259 θ’
547 3217 816 3267 quibuscumque
830 3219 1113 3268 Jblemnitatibus
1126 3242 1137 3261 ‚
1161 3219 1205 3260 (θ’
1228 3218 1359 3255 ritibus
1373 3220 1595 3268 opportunis,
1619 3218 1757 3268 ipsisque
1770 3217 1961 3268 observatis
1973 3241 1988 3262 ,
2036 3227 2123 3254 enuo
2137 3215 2266 3268 Christi
2287 3217 2443 3258 Nomine

964 2753 971 2762 .
999 2724 1126 2775 obflare
1149 2722 1282 2760 noluit.
1314 2722 1460 2780 Qbus
1481 2720 1630 2771 perafflis
1653 2722 1838 2772 acceffimus
1852 2721 1899 2758 ad
1922 2719 2169 2769 Collegiatam.
2192 2721 2236 2763 (θ’
2249 2720 2444 2773 secularem

276 3267 438 3304 invocato
452 3291 465 3311 ,
491 3266 538 3303 ad
562 3266 720 3305 honorem
733 3269 841 3306 Omni
865 3270 990 3307 otentis
1016 3270 1124 3312 Dei,
1160 3267 1300 3318 ejusque
1325 3266 1561 3354 Gloriokiffsmae
1587 3269 1723 3307 Matris
1748 3265 1914 3316 Virginis
1945 3265 2074 3304 Mariae
2099 3265 2247 3304 Crucem
2259 3267 2405 3317 fiximus
2429 3292 2444 3315 ,

275 3315 320 3370 ἐς]
340 3317 492 3365 primum
514 3315 662 3366 lapidem
688 3319 728 3354 in
746 3278 978 3367 fundamento
1004 3318 1179 3370 Ecclesia,
1202 3318 1246 3360 ὠ·
1270 3317 1400 3355 Domus
1464 3330 1481 3355 e
1504 3317 1617 3356 alaris
1652 3316 1861 3365 ‘edificanda
1874 3340 1888 3361 ,
1905 3315 1976 3364 sub
2000 3315 2240 3360 invocatione,
2269 3317 2313 3360 ὼ·
2334 3317 2440 3356 titulo

277 3364 425 3449 Jusdem
449 3367 491 3406 S.
519 3366 689 3403 Severini
707 3367 882 3418 posuimus
897 3392 908 3402 .
934 3368 978 3404 ln
999 3380 1146 3418 quorum
1159 3366 1310 3404 omnium
1333 3331 1577 3420 pramiffffrum
1599 3365 1736 3411 Fidem,
1759 3367 1805 3410 ὰ·
1833 3364 2072 3418 Testimonium
2086 3362 2270 3413 presentes
2294 3364 2445 3418 Nostrae

294 3415 419 3465 ,iteras
444 3416 568 3454 exinde
587 3414 691 3463 fieri,
717 3417 762 3459 ὠ·
779 3425 844 3466 per
871 3417 1137 3468 infrascriptum
1161 3416 1280 3455 Curia
1304 3417 1510 3466 Epist-opalis
1529 3415 1726 3457 Notarium
1741 3443 1751 3459 ‚
1775 3413 2115 3460 &Cancettara‘um
2128 3413 2171 3450 de
2195 3415 2245 3450 eis
2279 3426 2441 3464 rogatum

280 3461 472 3512 subscribi,
488 3466 662 3516 sigillique
677 3467 821 3517 praefati
847 3464 976 3516 Illustri
999 3469 1057 3504 imi
1068 3493 1083 3514 ,
1111 3467 1156 3510 (θ’
1178 3464 1463 3516 Reverendiffimi
1486 3467 1535 3505 D.
1558 3466 1749 3505 Laurentii
1773 3464 1948 3517 Castrucii
1971 3461 2126 3511 Episcopi
2142 3485 2156 3506 ,
2178 3473 2244 3511 quo
2269 3465 2310 3501 in
2343 3465 2448 3503 imili-

284 3511 347 3548 bus
370 3515 486 3551 utitur
502 3516 719 3567 ,appensione
742 3516 880 3554 munire
899 3519 941 3567 ju
966 3529 1050 3554 emus
1063 3543 1073 3561 ,
1093 3517 1138 3560 cb·
1152 3516 1300 3566 fecimus
1314 3542 1324 3553 .
1351 3517 1485 3555 Datum
1499 3517 1539 3553 in
1563 3515 1650 3553 ditio
1718 3515 1801 3564 pido
1824 3510 1975 3564 Hispelli
1993 3509 2187 3560 spoletanae
2198 3469 2352 3607 Dioecssls
2366 3517 2450 3553 An-

282 3570 326 3594 no
352 3559 372 3596 a*
399 3560 610 3603 Nativitate
637 3566 795 3602 ‘Domini
814 3565 977 3617 millefimo
995 3566 1229 3616 sexcentefimo
1251 3567 1290 3602 vi
1314 3566 1408 3617 esimo
1434 3567 1570 3610 tertio,
1609 3563 1689 3601 Indi
1720 3565 1797 3602 ione
1808 3563 1911 3614 sexta
1925 3583 1938 3605 ,
1956 3559 2014 3597 dic
2042 3559 2127 3600 veri
2148 3563 2258 3603 sertia

283 3608 382 3652 bris,
405 3609 634 3661 Ponsfficatts
658 3615 729 3655 SS.
747 3616 787 3652 in
815 3615 948 3668 Christo
967 3616 1116 3661 Patris,
1145 3615 1190 3659 (¹7
1210 3613 1259 3653 D.
1319 3616 1404 3658 (D.
1418 3615 1559 3658 vrbani
1577 3613 1690 3666 'Papa
1704 3614 1828 3656 ,Anno
1848 3611 1987 3664 primo·
2334 3577 2447 3607 ovem·

577 3722 711 3774 Autog.
727 3725 768 3762 in
781 3725 911 3767 eArch.
924 3725 1128 3767 Conventus
1138 3748 1151 3759 .

2304 3878 2399 3930 Syn·
