2774 4068
415 238 585 321 134

357 340 439 371 non
458 328 663 377 habeant,
695 325 761 369 nifi
791 326 849 369 eis
875 326 1026 370 dietum
1052 329 1262 385 antiquum
1287 331 1379 372 Mo—

358 385 578 427 nasterium
597 385 777 429 vendere
799 386 970 434 liceret,
990 388 1030 427 &
1051 387 1074 428 si
1088 389 1147 432 eis
1163 398 1262 430 tunc
1280 403 1382 443 prae·

357 445 446 490 sens
483 443 679 496 emendi,
709 447 750 486 δι
787 460 905 500 quam
933 446 971 489 in
1003 459 1193 504 promptu
1230 448 1381 491 habent

356 503 568 559 antiquum
593 504 883 547 monasterium
916 503 1143 560 hujusmodi
1174 505 1379 549 vendendi

357 561 517 605 occafio
545 561 769 606 tolleretur
795 590 808 611 a
839 563 946 606 alter
974 563 1067 607 litus
1096 566 1144 609 ad
1183 565 1379 608 fabricam

362 620 598 666 Monasterii
629 631 772 678 aptus,
803 624 842 664 &
869 623 1042 679 praediffi
1070 624 1221 681 antiqui
1236 628 1380 668 Mona-

367 680 699 736 steriiEmptor,
729 696 848 737 quem
877 681 956 738 jam
983 682 1381 737 invenerantxhaud

360 737 488 781 facile
504 739 543 780 in
561 739 761 794 posterum
784 741 1068 795 reperiretur3
1103 745 1141 785 &
1166 754 1384 799 propterea

358 795 596 848 Abbatiisa,
630 800 670 839 δε
697 802 936 842 Conventus
960 802 1166 855 praedictus
1189 831 1202 851 ,
1234 802 1387 844 dictum

359 858 652 901 Monasterium
678 866 795 899 vetus
828 859 1020 908 meliori,
1042 872 1126 917 ’qua
1154 859 1238 902 fieri
1255 861 1387 915 potest

358 915 598 959 conditione
615 916 793 959 vendere
810 945 823 966 ,
854 917 1021 960 &ficum
1048 921 1278 973 pradictum
1307 933 1387 961 una

359 990 450 1018 cum
461 974 653 1026 aedificiis,
674 976 711 1016 in
737 990 786 1018 eo
802 975 930 1024 fotian
945 980 1089 1021 erectis
1105 1006 1117 1029 ,
1132 977 1180 1021 ad
1203 977 1386 1020 effectum

359 1034 466 1076 ineo
488 1047 610 1076 unum
635 1034 923 1077 Monasterium
958 1033 1181 1079 fabricandi
1220 1051 1387 1087 emere,

359 1092 623 1151 pretiumque
663 1107 714 1135 ex
744 1094 984 1136 venditione
1017 1095 1244 1151 hujusmodi
1275 1095 1385 1138 redi-

361 1151 542 1208 gendum
571 1153 612 1193 in
626 1151 868 1193 solutionem
896 1151 987 1195 finis
1005 1155 1197 1203 emendi,
1228 1156 1385 1197 &sum-

358 1221 452 1267 ptus
481 1208 639 1252 fabrica:
669 1211 760 1252 novi
779 1212 1010 1254 Monasterii
1035 1213 1263 1267 hujusmodi
1284 1228 1387 1256 con—

358 1278 527 1311 vertere
552 1268 874 1324 proposuerant,
910 1270 947 1312 id
966 1280 1100 1314 tamen
1119 1269 1253 1314 facere
1277 1271 1384 1328 posse

358 1327 599 1370 dubitabant
618 1356 633 1378 ,
665 1329 773 1370 Sede
788 1327 1022 1384 Apostolicai
1049 1330 1223 1387 desuper
1244 1332 1384 1374 incon-

358 1383 464 1429 sulta
485 1413 499 1435 ,
530 1386 570 1425 &
596 1399 671 1440 pro
697 1396 814 1442 parte
843 1388 1046 1431 modernae
1068 1390 1275 1434 Abbatiffae
1301 1421 1316 1441 ,
1345 1392 1385 1432 δε

357 1441 600 1488 Conventus
616 1445 847 1501 praedic‘tum
862 1447 992 1490 Nobis
1011 1450 1220 1492 humiliter
1235 1451 1384 1506 suppli—

357 1513 521 1550 catum,
554 1512 600 1546 ut
619 1505 675 1547 eis
701 1505 742 1546 in
770 1505 963 1560 praemiffis
991 1509 1219 1563 opportune
1244 1509 1383 1564 provi·

357 1561 488 1612 dere,
502 1561 555 1603 de
580 1562 831 1619 benignitate
847 1564 1080 1620 Apostolica
1100 1567 1355 1624 dignaremur
1369 1597 1380 1608 .

353 1623 443 1663 Nos
462 1618 822 1677 supplicationibus
845 1623 1068 1679 hujusmodi
1082 1638 1381 1678 annuentes,ex

358 1689 460 1720 voto
478 1680 783 1723 Venerabilium
802 1684 986 1726 Fratrum
1013 1685 1252 1729 Nostrorum
1280 1690 1381 1729 San-

358 1741 428 1779 &ae
459 1739 651 1781 Romanae
685 1740 871 1782 Ecclefiae
901 1742 1180 1788 cardinalium
1208 1745 1380 1800 negotiis

352 1795 627 1851 Regularium
642 1801 943 1854 praepofitorum
960 1832 975 1852 ,
992 1811 1088 1846 tunc
1103 1803 1287 1846 existenti
1311 1803 1383 1846 Vi-

354 1857 470 1897 cario
492 1858 746 1899 Venerabilis
775 1860 927 1902 Fratris
941 1861 1078 1904 Nostri
1101 1861 1284 1918 Episcopi
1308 1864 1381 1904 Pe-

352 1913 477 1955 rufini
503 1915 545 1955 in
563 1915 831 1970 spiritualibus
846 1920 1066 1972 Generali,
1093 1934 1167 1975 per
1182 1920 1277 1964 alias
1304 1935 1380 1964 no·

353 1972 451 2014 stras
474 1972 634 2015 litteras
657 1976 843 2018 dedimus
867 1977 907 2018 in
931 1980 1154 2030 mandatis,
1183 1991 1378 2035 quatenus

354 2030 527 2072 constito
544 2033 613 2074 fibi
627 2033 811 2089 legitime
822 2035 874 2078 de
888 2038 1088 2092 praemiffis
1103 2068 1116 2090 ,
1130 2038 1278 2081 eisdem
1296 2039 1373 2082 Ab·

351 2088 498 2131 batiffae
524 2119 537 2141 ,
568 2093 606 2132 &
633 2094 870 2136 Conventui
899 2120 913 2140 ³
947 2098 1053 2139 utin
1086 2097 1273 2153 praedieto
1303 2097 1376 2140 fitu

350 2148 530 2190 emendo
559 2164 682 2193 unum
706 2153 992 2207 Monasterium
1017 2156 1255 2200 Monialium
1281 2171 1375 2199 cum

351 2207 538 2249 Ecclefia
554 2238 569 2259 ,
602 2208 667 2251 seu
684 2210 883 2266 Capella,
907 2216 1151 2270 Campanis,
1183 2214 1374 2259 Refecto-

349 2268 444 2314 rio,
478 2267 674 2310 Claustris
693 2298 706 2320 ‚
738 2272 1028 2322 Dormitorio,
1059 2275 1231 2326 Hortis,
1263 2277 1369 2318 Hor-

352 2324 499 2366 talitiis
517 2353 531 2375 ,
565 2327 731 2383 aliisque
745 2330 935 2372 membris
950 2362 965 2383 ‚
996 2334 1035 2374 &
1049 2332 1217 2376 officinis
1233 2335 1367 2376 neces—

350 2382 463 2424 sariis
479 2410 492 2433 ,
524 2385 562 2426 &
584 2387 797 2441 oportunis
823 2402 899 2443 pro
914 2393 1121 2446 perpetuis
1137 2407 1273 2435 earum
1289 2421 1302 2443 ,
1332 2395 1371 2434 &

350 2442 521 2484 aliarum
552 2444 790 2488 Monialium
815 2460 888 2501 pro
902 2459 1090 2503 tempore
1118 2452 1370 2506 recipienda,

348 2515 440 2542 rum
463 2501 535 2542 usu
550 2531 563 2551 ,
595 2504 634 2543 &
651 2503 899 2549 habitatione
913 2508 1111 2560 construi,
1127 2508 1194 2552 seu
1210 2507 1374 2552 aedificia

351 2559 391 2601 in
410 2573 461 2601 eo
487 2559 680 2603 exstructa
707 2562 757 2603 ad
790 2563 958 2607 formam
980 2568 1211 2611 Monasterii
1245 2568 1375 2626 hujus-

355 2617 575 2660 modicum
598 2620 828 2675 supradiffis
849 2627 1032 2668 omnibus
1051 2627 1193 2670 reduci
1214 2626 1346 2670 facere
1360 2656 1374 2679 ,

350 2677 388 2717 &
427 2676 476 2719 ad
519 2676 618 2719 illud
651 2707 665 2730 ,
712 2681 916 2735 postquam
956 2683 1004 2738 sic
1047 2688 1375 2739 constructum,

349 2736 390 2775 δι
404 2736 612 2778 νεάυὲὶυη]
626 2766 641 2787 ,
670 2753 715 2780 ac
730 2738 868 2783 debita
886 2771 900 2792 ,
925 2743 1237 2787 &convenienti
1253 2745 1375 2787 Clau-

349 2792 439 2835 sura
475 2796 674 2837 munitum
706 2795 843 2850 foret,
877 2801 950 2843 una
978 2817 1070 2845 cum
1097 2805 1279 2847 omnibus
1311 2818 1375 2845 re-

350 2853 456 2903 bus,
490 2854 604 2896 bonis
634 2884 646 2906 ,
677 2857 716 2897 δε
745 2859 996 2910 pertinentiis
1027 2862 1099 2906 suis
1123 2894 1138 2914 ,
1173 2878 1218 2905 ac
1242 2864 1378 2905 oneri-

349 2910 428 2953 bus
467 2911 577 2953 dioo
616 2916 749 2957 veteri
788 2919 1033 2962 Monasterio
1055 2948 1070 2970 ,
1116 2922 1375 2975 quomodoli-

349 2971 419 3013 bet
460 2971 785 3016 incumbentibus
812 3005 826 3027 ‚
855 2991 900 3019 ac
932 2977 1037 3021 iacta
1063 3009 1077 3030 ,
1108 2984 1147 3023 ἃ.
1173 2983 1373 3036 ριόίεηε.)

346 3028 657 3084 suppellectile,
686 3033 724 3076 se
752 3032 815 3086 se,
840 3035 1007 3080 servatis
1022 3038 1226 3082 servandis
1251 3038 1381 3083 trans-

345 3083 462 3131 ferre
486 3117 501 3138 ,
542 3090 690 3133 dietum
727 3103 862 3135 autem
902 3107 1018 3140 vetus
1048 3099 1379 3142 monasterium-2

345 3146 584 3189 Monialium
609 3152 686 3194 unit
702 3165 790 3193 cum
808 3152 916 3197 illius
932 3158 1110 3200 Eccleiia
1122 3187 1136 3209 ,
1149 3157 1213 3201 seu
1227 3159 1380 3215 Capel-

348 3206 386 3247 la
401 3234 412 3255 ,
428 3219 473 3246 ac
489 3207 674 3249 omnibus
690 3212 973 3256 construetur-is
990 3245 1002 3266 ,
1019 3215 1193 3259 aedificiis
1209 3220 1271 3268 ,δε
1285 3233 1377 3273 per·-

344 3266 569 3306 tinentibus
586 3264 661 3308 suis
677 3269 994 3327 quibuscunque,
1006 3275 1150 3330 praevia‘i
1166 3276 1352 3319 Ecclefiae
1365 3305 1379 3327 ,

341 3323 408 3389 seu
426 3324 608 3389 Capella·
622 3325 846 3379 huiusmodi
866 3359 877 3380 ,
892 3334 931 3373 <St
945 3345 1136 3389 quantum
1149 3349 1250 3392 opus
1266 3333 1379 3387 esset,

345 3381 444 3423 duih
474 3384 627 3426 veteris
645 3387 876 3430 Monasterii
904 3392 953 3432 ad
979 3393 1195 3447 prosanOS,
1220 3408 1299 3436 non
1317 3405 1377 3436 ta-

344 3455 436 3482 men
466 3440 646 3485 sordidos
672 3443 761 3487 usus
790 3447 1023 3494 reductione
1046 3479 1059 3500 ,
1091 3467 1247 3496 necnon
1285 3453 1375 3495 offi-

345 3501 420 3540 bus
439 3512 693 3544 mortuorum
711 3532 724 3553 ‚
752 3507 830 3549 una
853 3508 974 3550 etiam
1004 3525 1096 3553 cum
1130 3510 1376 3568 superficie)

345 3566 463 3621 terrae
496 3560 591 3602 alibi
606 3563 818 3606 collocatis
834 3592 848 3613 ,
879 3568 1051 3622 personae
1068 3599 1081 3621 ,
1114 3570 1180 3614 seu
1198 3570 1373 3626 personis

343 3613 448 3655 111ud
465 3631 602 3662 emere
621 3622 798 3675 volenti,
816 3622 883 3668 seu
902 3627 1133 3672 volentibus
1147 3657 1161 3679 ,
1185 3645 1267 3686 quae
1282 3631 1373 3687 post

343 3671 547 3738 sellionem
572 3693 713 3722 eorum
731 3694 849 3726 antea
868 3699 951 3727 non
973 3687 1260 3742 adipisceretur
1276 3718 1289 3740 ,
1306 3689 1371 3733 seu

343 3731 659 3799 adipiscerentur
672 3768 684 3788 ,
696 3743 813 3794 quam
828 3757 978 3787 novum
994 3747 1278 3790 Monasterium
1299 3750 1374 3791 hu-

342 3789 514 3847 jusmodi
540 3796 839 3858 constructum,
869 3818 913 3846 ac
938 3806 1123 3850 omnibus
1139 3806 1216 3850 suis
1232 3821 1372 3852 nume·

1161 208 1712 298 Provincia

1443 327 1500 368 ris
1514 329 1736 369 absolutum
1753 325 1889 376 soret,
1917 322 2106 376 meliori,
2121 336 2196 381 qua
2219 322 2308 368 fieri
2324 325 2482 383 posset,

1442 385 1680 428 conditione
1706 384 1810 437 unzi,
1839 385 1902 427 vel
1929 386 2109 440 pluribus
2130 384 2283 427 vicibus
2300 385 2483 429 vendere

1441 445 1482 486 &
1507 451 1687 499 pretium
1722 445 1816 488 inde
1844 442 2115 499 redigendum
2146 443 2187 484 in
2226 444 2480 500 emptionem

1443 501 1533 545 sitfis
1554 503 1716 546 emendi
1730 533 1746 554 ,
1778 516 1822 545 ae
1843 501 2022 558 sumptus
2046 501 2207 544 fabricae
2225 502 2320 544 dicti
2339 506 2483 547 Mona·-

1440 561 1550 604 sterii
1571 564 1667 605 novi
1694 573 1959 611 convertere,
1976 562 2108 603 libere
2130 587 2144 611 ,
2169 561 2339 603 &licite
2368 560 2484 605 vale-

1442 632 1563 672 rent,
1587 622 1794 665 licentiam
1820 648 1834 669 ,
1862 621 1899 660 &
1937 617 2178 661 facultatem
2214 620 2482 677 Apostolicb

1444 681 1700 723 Au&oritate
1717 678 1968 721 concederet
1984 706 1998 728 ,
2011 679 2352 732 &impertiretur
2367 709 2378 720 .
2395 681 2484 722 Vo-

1447 740 1579 781 lentes
1598 741 1704 782 inter
1719 748 1866 780 caetera
1884 765 1897 787 ,
1927 735 2036 792 quod
2051 735 2278 781 dominium
2291 768 2307 791 ,
2330 741 2371 780 δι
2386 735 2485 779 Pos-

1447 795 1555 840 sessio
1583 797 1736 840 veteris
1752 795 1984 840 Monasterii
2001 822 2016 846 ,
2037 805 2082 836 ut
2098 797 2254 850 petitur
2267 825 2282 848 ,
2298 797 2485 841 venden-

1448 856 1490 898 di
1518 857 1555 898 in
1587 859 1857 912 Emptorem‚
1888 853 1953 895 seu
1979 855 2196 909 Emptores
2222 865 2340 899 antea
2361 870 2479 898 non.»

1448 914 1743 959 transferretur
1757 943 1771 966 ,
1803 917 1921 969 quam
1936 926 2087 956 novum
2102 913 2396 958 Monasterium
2412 916 2487 957 hu.

1446 972 1619 1031 jusmodi
1643 974 1827 1017 omnibus
1855 970 1932 1016 suis
1955 972 2135 1015 numeris
2160 972 2392 1017 absolutum
2408 1002 2422 1024 ,
2444 975 2485 1016 δι

1447 1033 1487 1073 in
1525 1032 1625 1075 illud
1655 1032 1860 1074 Abbatissa
1883 1060 1897 1083 ,
1931 1032 1971 1073 &
1997 1029 2199 1074 Moniales
2223 1032 2418 1084 realiter,
2445 1034 2487 1074 &

1446 1104 1535 1133 curn
1563 1091 1706 1134 etl-'estu
1745 1090 1945 1134 translatae
1970 1090 2194 1146 respeetive
2222 1088 2358 1133 forent
2375 1118 2390 1142 ,
2415 1090 2487 1133 sed

1446 1149 1611 1193 interim
1638 1148 1846 1194 Abbatiffa
1861 1177 1875 1199 ,
1898 1151 1936 1191 &
1954 1150 2154 1192 Moniales
2168 1149 2210 1191 in
2234 1148 2344 1191 disto
2361 1159 2485 1192 vete·

1445 1209 1479 1250 ri
1511 1210 1761 1255 Monasterio
1798 1209 1870 1252 sub
1901 1209 2082 1251 clausura
2111 1216 2409 1259 remanerent,
2439 1217 2485 1249 ut

1446 1268 1587 1323 prius,
1609 1278 1730 1325 prout
1759 1268 1798 1310 in
1824 1267 1940 1310 distis
1975 1268 2127 1309 litteris
2158 1267 2320 1322 plenius
2349 1267 2487 1309 conti-

1445 1337 1589 1369 netur.
1604 1330 1711 1371 Cum
1728 1328 1980 1376 autem,s1cut
2000 1326 2182 1369 exhibita
2201 1326 2332 1369 Nobis
2357 1339 2487 1381 nuper

1446 1400 1522 1441 pro
1559 1395 1677 1441 parte
1711 1386 1955 1430 dile-starum
1985 1384 2024 1428 in
2056 1383 2220 1428 Christo
2252 1384 2483 1429 Filiarum...

1446 1446 1645 1488 modernae
1659 1442 1869 1488 Abbatiffae
1885 1474 1900 1497 ,
1926 1446 1966 1486 δι
1989 1441 2230 1488 Conventus
2254 1444 2350 1487 disti
2376 1443 2488 1486 anti-

1444 1505 1512 1560 qui
1530 1503 1756 1546 monnsterii
1781 1503 1926 1559 petitio
1949 1504 2370 1553 continebat,earum
2390 1506 2487 1545 Mo-

1441 1562 1659 1605 nasterium
1686 1564 1922 1617 praedidstum
1947 1561 2025 1618 jam
2051 1561 2073 1603 a
2100 1561 2269 1603 biennio
2299 1561 2484 1609 circiter,

1442 1622 1582 1677 pretio
1607 1621 1933 1678 octingentorum
1961 1620 2168 1664 scutorum
2191 1619 2299 1662 inter
2321 1631 2388 1661 eas
2405 1647 2420 1670 ,
2445 1619 2487 1660 δε

1445 1680 1553 1724 illius
1571 1683 1810 1736 Emptorem
1823 1690 2044 1728 convento,
2062 1679 2241 1723 vendere
2255 1679 2485 1726 tractarint,

1442 1740 1675 1796 dictumque
1697 1741 1872 1794 pretium
1901 1739 1980 1782 una
2005 1752 2096 1781 cum
2124 1736 2362 1793 quibusdam
2393 1737 2484 1779 aliis

1443 1799 1624 1854 pecuniis
1641 1826 1656 1849 ,
1681 1811 1781 1854 quas
1809 1797 1860 1840 ad
1887 1811 1983 1841 eum
2009 1795 2196 1839 effaetum
2224 1797 2261 1838 in
2290 1805 2485 1852 promptu

1441 1858 1617 1907 habent,
1635 1857 1675 1899 in
1694 1857 1943 1912 emptionem
1960 1857 2056 1899 dic'ti
2075 1853 2166 1897 fiius
2184 1882 2199 1905 ,
2225 1869 2269 1898 ac
2286 1852 2485 1897 fabricam

1441 1915 1536 1958 dicti
1554 1916 1648 1959 novi
1664 1916 1895 1959 Monasterii
1920 1924 2164 1958 convertere
2182 1914 2453 1956 deliberarint
2470 1941 2485 1965 ,

1440 1975 1591 2017 dietum
1610 1976 1711 2019 vero
1726 1976 1939 2031 negotium
1952 2002 1966 2027 ,
1997 1974 2125 2016 stante
2147 1973 2385 2015 conditione
2401 2000 2415 2024 ,
2443 1973 2484 2013 &

1440 2033 1612 2078 decreto
1650 2034 1875 2088 suspensum
1920 2031 2045 2076 fuerit
2074 2060 2088 2084 ,
2134 2033 2214 2074 una
2251 2046 2346 2073 cum
2391 2045 2483 2073 om-

1437 2093 1555 2137 nibus
1595 2094 1716 2136 rebus
1744 2123 1757 2144 ,
1809 2094 1923 2135 bonis
1954 2121 1969 2143 ,
2003 2093 2044 2133 &
2082 2090 2339 2146 pertinentiis
2367 2090 2477 2140 suis,

1437 2167 1482 2194 ac
1510 2153 1701 2195 oneribus
1727 2152 1836 2194 dieto
1861 2150 2138 2201 Monasterio,
2160 2148 2485 2206 quomodolibet

1436 2213 1760 2254 incumbentibus
1774 2239 1788 2262 ,
1812 2224 1857 2252 ac
1873 2210 1979 2253 sacra
1991 2238 2005 2262 ,
2021 2211 2060 2251 &
2076 2211 2283 2264 prophana
2298 2206 2482 2264 supelle-

1435 2271 1548 2323 «stile,
1567 2269 1836 2322 sese‚servatis
1855 2267 2054 2313 servandis
2069 2265 2312 2318 transferre,
2326 2267 2486 2309 dictum

1431 2341 1567 2373 autem
1586 2340 1702 2372 vetus
1719 2327 2005 2371 Monasterium
2020 2356 2034 2379 ,
2052 2328 2131 2371 una
2156 2340 2249 2368 cum
2267 2325 2451 2368 Ecclefia
2465 2354 2482 2376 ‚

1436 2387 1504 2431 seu
1518 2389 1713 2443 Capella,
1739 2402 1785 2430 ac
1811 2388 1996 2430 omnibus
2024 2383 2480 2436 structuris,aedificiis‚

1434 2449 1474 2488 δε
1490 2446 1746 2501 pertinentiis
1765 2446 1841 2488 suis
1866 2444 2171 2501 quibuscunque
2188 2473 2202 2497 ,
2234 2442 2381 2500 praevia
2397 2446 2481 2485 Ec·-

1436 2505 1586 2556 clefiae,
1612 2504 1679 2548 seu
1693 2504 1897 2560 Cappellae
1917 2503 2176 2560 hujusmodi,
2207 2505 2247 2545 &
2274 2513 2477 2558 quatenus

1435 2577 1533 2619 opus
1547 2566 1594 2607 fit
1607 2592 1621 2614 ,
1653 2565 1748 2607 dieti
1770 2563 1921 2606 veteris
1940 2561 2174 2604 Monasterii
2187 2561 2237 2603 ad
2255 2558 2450 2615 profanos
2463 2586 2479 2610 ,

1434 2637 1514 2664 non
1543 2634 1678 2666 tamen
1703 2621 1882 2664 sordidos
1910 2619 1998 2663 usus
2022 2620 2288 2671 reductione,
2310 2631 2475 2661 necnon

1435 2681 1579 2725 osfibus
1605 2692 1860 2724 mortuorum
1892 2681 1968 2724 una
1994 2693 2086 2721 cum
2114 2676 2326 2733 superficie
2355 2689 2474 2721 terrae

1437 2741 1534 2784 alibi
1567 2740 1781 2783 collocatis
1808 2735 1984 2794 personae
2011 2768 2026 2790 ‚
2068 2735 2134 2779 seu
2165 2737 2342 2794 personis
2370 2734 2476 2780 illud

1439 2814 1576 2844 emere
1605 2801 1757 2843 volenti
1785 2827 1798 2850 ,
1838 2796 1901 2841 seu
1932 2795 2162 2840 volentibus
2180 2825 2194 2848 ,
2219 2810 2306 2852 quae
2335 2792 2479 2852 posset}

1440 2859 1586 2902 fionem
1602 2873 1743 2902 eorum
1768 2869 1888 2900 antea
1920 2871 1997 2898 non
2015 2855 2283 2910 adipiscatur,
2306 2854 2373 2896 seu
2391 2850 2478 2897 adi-

1419 2918 1639 2975 -piscantur
1661 2947 1675 2968 ,
1702 2918 1818 2974 quam
1847 2930 1998 2958 novum
2027 2914 2317 2970 Monasterium
2348 2910 2480 2971 hujus-

1439 2978 1546 3019 modi
1571 2977 1844 3019 construftum
1870 3004 1883 3027 ,
1915 2976 1954 3016 δι
1977 2973 2162 3017 omnibus
2193 2973 2268 3016 suis
2299 2971 2474 3015 numeris

1436 3036 1662 3080 absolutum
1689 3035 1841 3086 fuerit,
1860 3034 2046 3085 meliori,
2074 3048 2151 3088 qua
2175 3030 2264 3075 fieri
2290 3031 2476 3088 poterit,

1440 3095 1700 3144 conditione,
1732 3093 1806 3136 una
1822 3123 1837 3143 ,
1870 3093 1935 3137 vel
1951 3093 2130 3149 pluribus
2148 3092 2298 3135 vicibus
2323 3089 2478 3132 vende-

1440 3169 1514 3207 re,
1546 3156 1585 3196 &
1609 3156 1782 3210 pretium
1808 3153 1904 3197 inde
1926 3151 2197 3206 redigendum
2229 3151 2266 3192 in
2300 3148 2477 3205 emptio-

1444 3229 1535 3257 nem
1568 3214 1658 3256 fitus
1688 3213 1880 3260 emendi,
1912 3226 1956 3254 ac
1983 3212 2159 3266 sumptus
2187 3207 2343 3251 fabricae
2370 3206 2470 3249 novi

1443 3273 1676 3316 Monasterii
1712 3270 1937 3327 hujusmodi
1961 3280 2224 3313 convertere:
2255 3269 2318 3310 Ac
2355 3276 2475 3308 tam...

1438 3332 1528 3387 ipfis
1553 3331 1788 3381 Abbatiffae,
1810 3332 1847 3372 δι
1873 3327 2136 3377 Conventui,
2164 3327 2281 3382 quam
2308 3322 2471 3381 quibus-

1440 3394 1498 3434 vis
1527 3392 1615 3433 aliis
1645 3389 1851 3445 personis,
1883 3402 1974 3430 cum
1999 3386 2137 3443 quibus
2174 3386 2291 3439 super
2334 3383 2475 3425 vendi-

1436 3453 1547 3494 tione
1567 3448 1790 3503 hujusmodi
1807 3447 2094 3490 concordatum
2121 3444 2242 3488 suerit
2257 3471 2271 3494 ,
2297 3451 2342 3484 ut
2357 3441 2475 3498 quas-

1433 3524 1589 3564 cunque
1608 3509 1824 3562 scripturas
1843 3505 2019 3561 publicas
2040 3533 2053 3555 ,
2083 3505 2121 3544 &
2148 3504 2325 3558 privatas
2351 3500 2471 3544 desu-

1435 3585 1508 3625 per
1525 3567 1756 3610 necessarias
1769 3595 1783 3616 ‚
1817 3568 1853 3608 &
1869 3574 2116 3618 opportunas
2132 3591 2147 3612 ,
2174 3575 2264 3603 cum
2287 3560 2471 3602 omnibus

1433 3627 1646 3682 &singulis
1664 3626 1814 3678 pactis,
1846 3622 2159 3676 obligationibus
2174 3650 2188 3671 ,
2216 3619 2471 3675 hipothecis,

1432 3688 1636 3737 decretis,
1668 3680 2037 3731 declarationibus,
2066 3680 2229 3736 aliisque
2254 3677 2440 3721 clausulis
2457 3705 2471 3728 ,

1432 3749 1472 3788 &
1495 3746 1667 3788 cautelis
1694 3737 1953 3788 necessariis,
1985 3741 2022 3781 &
2048 3738 2318 3795 opportunis,
2345 3737 2468 3779 licitis

1433 3817 1568 3850 tamen
1584 3833 1598 3858 ,
1624 3806 1664 3848 &
1682 3797 1882 3850 honestis,
1911 3797 1964 3841 de
1981 3799 2127 3855 quibus
2150 3799 2258 3842 inter
2286 3811 2355 3841 eos
2371 3810 2472 3838 con-

2318 3868 2417 3898 ven·
