2762 4108
1119 214 1732 303 lombardiae.

302 395 514 447 Hortum
530 424 548 449 ‚
587 388 699 439 aliis
722 400 803 456 pet
827 384 1175 439 Testamentum
1208 394 1333 440 Con·

371 461 544 515 stantia
557 456 751 510 Zobolae
769 456 1047 527 Pauperibus
1063 456 1232 508 Christi
1251 462 1335 526 hy·

371 526 600 603 pothetice
613 525 823 578 relistum
840 565 856 588 ,
879 528 906 578 ὲ
925 530 1113 579 Comite
1129 531 1332 580 Horatio

373 599 638 668 Malegutio
649 598 870 659 Haerede,
881 598 1115 650 Fratribus
1132 617 1216 668 pro
1234 598 1332 650 fun-

375 671 556 722 datione
592 666 773 719 Domt‘is
789 706 805 729 ,
847 669 896 722 ἃ
926 668 1135 722 Ecclesiae
1164 672 1331 741 Rhegii

372 738 492 793 tradi
508 773 526 798 ,
557 737 784 810 Episcopo
802 743 912 793 Loci
929 742 1183 792 committit
1196 777 1208 790 .

303 944 343 988 Δ
357 948 478 997 tergo
494 968 505 981 .
530 940 748 987 Venerabili
761 939 1106 998 Fratri,Epffcopo
1132 939 1334 997 Regiensr’.

305 1131 818 1185 GREGORIUS
892 1130 1106 1183 PAPA
1179 1130 1338 1179 X111-

310 1268 545 1316 Venerabilis
564 1268 716 1314 Frater
730 1294 745 1320 ‚
770 1268 947 1312 salutem
959 1296 975 1320 ,
1005 1266 1061 1319 ὰ
1075 1264 1334 1326 Apostolicam

647 1325 955 1371 Beni-diffisum
964 1356 976 1370 .

397 1445 532 1500 Xponi
550 1444 678 1489 Nobis
704 1458 836 1502 nuper
861 1445 962 1490 fecit
990 1443 1173 1489 Dilectus
1206 1444 1329 1490 Filius

294 1449 392 1605 E
424 1505 620 1548 Horatius
636 1532 651 1557 ,
664 1515 782 1548 natus
795 1505 998 1562 quondam
1012 1505 1227 1549 Annibalis
1241 1507 1326 1547 Ma*

314 1563 441 1619 egutii
458 1564 634 1620 Regien.
655 1563 763 1620 quod
791 1562 1105 1619 aliisquondam
1124 1560 1324 1608 Constan-

296 1622 352 1664 tia
370 1620 529 1665 Zobola
546 1652 560 1671 ‚
590 1622 689 1664 dum
705 1622 806 1666 vixit
818 1623 959 1666 relicta
984 1622 1186 1680 quondam
1201 1619 1323 1679 Sigis-

296 1681 608 1732 mundi‚etiam
624 1681 867 1736 Malegutii‚
898 1682 1061 1724 Putitii
1076 1683 1252 1737 Regien.
1283 1682 1322 1723 in

295 1739 365 1783 suo
379 1739 525 1783 ultimo
537 1768 553 1792 ,
581 1739 689 1796 quod
703 1739 904 1788 condidit,
921 1741 1183 1782 Testamento
1197 1766 1210 1789 ,
1236 1742 1324 1782 Hae-

295 1798 444 1842 redem
458 1799 528 1841 fibi
541 1798 810 1842 universalem
827 1797 997 1842 instituit
1022 1798 1172 1841 dietum
1197 1799 1326 1841 Anni-

296 1857 429 1901 balem
443 1885 458 1911 ,
489 1858 605 1914 ipiius
627 1856 868 1913 Sigismundi
883 1859 1068 1901 Fratrem
1080 1886 1094 1909 ‚
1108 1856 1324 1913 dictique„

294 1916 510 1960 Annibalis
530 1917 685 1969 Filios,
714 1918 754 1958 δι
778 1915 1082 1959 Descendentes
1109 1915 1148 1958 in
1174 1928 1324 1972 perpe·

296 1987 441 2028 tuum,
474 1988 567 2018 curn
584 1974 903 2033 legatisdiverfis
923 1975 974 2018 ad
1004 1975 1194 2018 summam
1218 1974 1322 2016 duo·

291 2047 382 2079 rum
397 2034 569 2077 millium
582 2033 787 2077 scutorum
801 2032 1110 2078 ascendentibus
1122 2064 1137 2086 ‚
1168 2033 1231 2076 vel
1249 2045 1321 2076 ex-

291 2092 552 2143 cedentibus,
586 2093 724 2137 volens
739 2121 755 2146 ,
784 2094 825 2135 δι
843 2092 1063 2145 mandans,
1093 2092 1202 2150 quod
1220 2089 1323 2133 defi-

290 2151 430 2195 ciente
443 2152 550 2195 linea
564 2149 717 2208 praesati
728 2151 1170 2204 Annibalis,haereditas
1188 2151 1320 2206 ipsius,

291 2224 380 2267 quae
393 2209 567 2254 consistit
584 2212 624 2253 in
649 2224 727 2254 una
741 2208 975 2265 polseffione
1002 2212 1042 2253 in
1057 2210 1168 2253 Villa
1182 2211 1319 2265 Arge-

290 2269 332 2312 ni
344 2296 359 2319 ‚
380 2269 556 2325 Regien.
575 2269 772 2311 Dioeeeiis
788 2295 802 2318 ,
821 2267 916 2309 &in
930 2282 1012 2310 uno
1027 2269 1147 2311 horto
1161 2293 1176 2315 2
1193 2269 1233 2309 in
1249 2268 1319 2310 Ci-

293 2328 422 2371 vitate
441 2327 631 2383 Regienfi
647 2327 686 2369 in
703 2325 847 2383 vicinia
859 2328 989 2370 Sancti
1004 2326 1118 2370 Blalii
1131 2354 1146 2378 ‚
1174 2326 1215 2369 δι
1244 2326 1317 2370 in.›

291 2387 357 2430 via
374 2413 389 2437 ‚
417 2398 504 2442 quae
516 2386 669 2430 dicitur
681 2384 878 2429 Tiradora
892 2415 910 2437 ,
936 2390 1049 2443 Juxta
1077 2386 1164 2430 suos
1191 2382 1317 2427 confi·

292 2458 394 2496 ncs,
425 2444 602 2488 donetur
616 2444 863 2499 Pauperibus
894 2443 1069 2495 Christi,
1099 2444 1318 2487 declaran-

290 2504 354 2545 dis
380 2516 453 2559 per
467 2500 555 2546 fflos
590 2499 1023 2555 fideicommiffarios3
1055 2501 1189 2559 polica
1217 2502 1339 2544 vero-

291 2562 400 2605 idem
417 2562 622 2610 Annibal,
649 2561 791 2605 solutis
818 2560 873 2603 de
902 2559 981 2604 suis
1007 2562 1180 2618 propriis
1205 2559 1320 2604 bonis

289 2620 369 2665 illis
384 2620 532 2676 legatis
556 2620 733 2663 duorum
761 2618 934 2663 millium
961 2620 1188 2670 scutorum,
1209 2618 1319 2661 suum

289 2680 479 2723 ultimum
496 2679 681 2722 condidit
701 2680 1000 2724 Testamentum
1018 2705 1033 2729 ‚
1059 2679 1099 2721 in
1121 2690 1202 2734 quo
1217 2676 1318 2720 duos

289 2738 374 2794 ejus
408 2737 561 2787 Filios,
593 2737 788 2780 videlicet
827 2738 977 2781 dietum
1005 2738 1250 2787 Horatium,
1279 2736 1321 2778 δι

288 2795 493 2853 quondam
509 2795 755 2839 Flaminium
770 2824 784 2847 ,
812 2795 901 2839 suos
929 2796 1098 2838 instituit
1122 2793 1316 2839 Haeredes

290 2852 564 2906 universales,
596 2855 737 2897 volens
752 2884 767 2906 ,
788 2856 828 2896 &
844 2853 1058 2905 mandans,
1087 2853 1199 2911 quod
1227 2850 1315 2908 ipiis

289 2911 589 2957 decedentibus
599 2911 746 2969 absque
761 2913 853 2956 filiis
865 2940 880 2965 ,
908 2913 974 2955 seu
992 2911 1158 2959 illorum
1177 2911 1315 2954 linet..

289 2970 547 3020 deficiente,
578 2967 786 3026 pofl‘effio,
815 2973 854 3014 δι
880 2970 1022 3013 hortus
1059 2968 1313 3025 hujusmodi,

287 3031 401 3089 prius
414 3029 681 3075 constantie,
708 3028 910 3072 deberent
920 3027 1107 3085 poffideri
1120 3031 1143 3074 ὁ
1160 3025 1319 3085 quibus·

286 3091 380 3134 dam
397 3087 848 3143 suisConi‘anguineiS‚&
862 3087 936 3129 hoe
949 3085 1155 3144 quousque
1167 3087 1227 3129 eis
1241 3083 1316 3128 sol·

286 3156 487 3192 verentur
499 3144 660 3201 praesata
669 3147 754 3190 duo
766 3145 889 3188 millia
902 3143 1064 3188 scutorfi
1080 3173 1095 3196 ,
1105 3158 1176 3200 per
1189 3142 1315 3199 ipffim

285 3207 560 3255 Annibalem,
587 3218 662 3260 pro
689 3202 855 3256 diver-iis
882 3202 1062 3259 ejusdem
1075 3202 1315 3248 Constantia

286 3264 611 3324 legatissolutis,
643 3274 684 3304 ut
703 3264 843 3318 iitpra:
870 3275 950 3319 qua
973 3264 1119 3307 summa
1135 3258 1309 3318 praesatis

284 3321 606 3378 Consanguineis
633 3324 683 3365 stc
715 3321 842 3365 soluta
856 3346 871 3368 a
901 3331 1000 3364 tunc
1032 3320 1234 3378 posseffim
1269 3320 1308 3364 δι

286 3386 430 3426 hortus
441 3382 613 3438 praedit‘ti
632 3381 892 3437 pervenirent
907 3379 957 3422 ad
972 3380 1171 3436 Pauper-es
1184 3378 1313 3423 Chri·

285 3440 363 3493 sti,
393 3441 609 3497 eligendos
628 3454 702 3495 per
728 3439 854 3482 dieios
883 3436 1312 3486 fideicommiffnrim

288 3498 405 3556 juxta
419 3497 592 3543 formam
625 3498 871 3542 Testamenti
907 3498 1018 3541 dioc
1044 3496 1314 3548 constantie,

289 3558 332 3599 δι
352 3557 450 3600 aliis
466 3587 481 3610 ,
508 3568 631 3614 prout
648 3558 810 3601 indictis
829 3556 1096 3600 Testamentis
1110 3581 1125 3604 ·,
1141 3553 1313 3598 feuillo-

288 3628 382 3659 rum
399 3615 675 3661 instrumentis
691 3616 911 3673 respective
937 3613 1094 3672 plenius
1109 3612 1313 3657 contineri

287 3674 439 3718 dicitur
455 3705 466 3716 .

345 3734 453 3775 Cum
471 3742 635 3783 autem,
669 3732 767 3776 ficut
778 3733 921 3776 eadem
945 3733 1139 3788 expolitio
1155 3727 1315 3785 subjun-

285 3792 439 3847 gebat,
469 3804 574 3834 nunc
592 3792 805 3848 cupientes
825 3794 982 3836 Fratres
998 3792 1163 3835 Ordinis
1176 3794 1314 3845 Capu-

1395 337 1579 376 cinorum
1603 335 1645 377 in
1668 333 1773 375 dieta
1787 332 1973 378 civitate
1988 335 2175 392 Regienfi
2192 254 2425 382 ῃονξωςὼῦ

1395 391 1619 436 Ecclefiam
1633 421 1647 443 ,
1666 394 1717 434 ,δι
1749 395 1924 436 Domum
1963 392 2123 437 fundari
2146 424 2161 446 ‚
2203 410 2249 439 ac
2289 396 2393 453 erigi
2409 422 2423 448 ,

1392 452 1545 508 ipsique
1561 463 1640 494 non
1659 451 1878 502 babentes,
1909 463 1984 492 nec
2012 453 2266 497 invenientes
2294 456 2422 499 alium

1393 510 1529 553 locum
1551 522 1626 565 pro
1650 508 1881 564 hujusmodi
1909 507 2087 551 edificiis
2112 513 2422 564 construendis,

1392 570 1459 611 nifi
1477 565 1686 622 prefatum
1703 570 1866 612 hortum
1879 595 1895 619 ,
1908 568 2145 623 rogaverint
2160 569 2314 613 dietum
2331 574 2421 615 Ho-

1395 625 1686 680 ratium,ipfius
1701 625 1913 672 Annibalis
1928 626 2071 669 Filium
2083 654 2099 677 ,
2120 627 2161 668 &
2175 627 2393 672 Haeredem
2405 657 2420 679 ,

1392 695 1437 727 ut
1454 682 1578 740 ipsum
1593 683 1759 725 hortum
1775 685 1940 728 illorum
1956 685 2189 741 Religioni,
2216 684 2282 728 seu
2300 691 2412 730 Con-

1392 741 1621 799 gregationi
1636 754 1773 785 amore
1795 744 1871 786 Dei
1884 742 2069 795 donare,
2099 743 2303 787 &offerre
2333 746 2423 788 vel·

1393 802 1452 844 let
1474 828 1487 851 ‚
1512 798 1720 855 dictusque
1739 802 1936 844 Horatius
1952 802 2207 845 considerans
2242 801 2424 847 salutife-

1392 873 1480 904 rum
1495 855 1628 900 effein
1643 859 1771 901 Coelo
1792 861 2094 912 thesaurizare,
2127 863 2196 916 piae
2220 860 2424 905 illorum.»

1394 916 1581 975 petitioni
1596 915 1853 960 libentiilimie
1868 919 2033 971 annuit,
2063 919 2164 961 nihil
2191 919 2245 962 de
2261 918 2356 969 suo,
2382 922 2423 962 &

1399 976 1616 1028 filiorum,
1644 975 1686 1016 δι
1711 975 2056 1020 Descednentium
2079 976 2244 1021 suorum
2272 979 2420 1020 damno

1395 1035 1605 1092 cogitans:
1632 1034 1703 1091 qui
1717 1036 1936 1088 Horatius,
1966 1037 2151 1094 quamvis
2167 1038 2291 1080 etiam
2317 1037 2418 1079 huc-

1396 1094 1518 1149 usque
1532 1092 1682 1137 squtus
1694 1119 1710 1147 ,
1740 1095 1779 1136 &
1794 1095 1872 1138 stne
1885 1093 1977 1137 filiis
1990 1095 2134 1139 existat
2147 1123 2162 1148 ,
2193 1096 2339 1139 habilis
2357 1106 2422 1137 ta-

1394 1166 1485 1197 men
1498 1152 1555 1195 est
1567 1151 1620 1194 ad
1635 1153 1863 1196 babendum
1876 1182 1892 1205 ,
1920 1156 1962 1197 δι
1976 1153 2275 1212 procreandum
2289 1182 2304 1206 ‚
2329 1152 2424 1206 sed,

1393 1226 1484 1270 quta
1505 1211 1812 1269 dubitat,quod
1829 1240 1843 1263 ‚
1861 1212 1886 1254 sr
1910 1213 1994 1270 ipse
2022 1212 2231 1271 praefatum
2255 1216 2421 1255 hortum

1393 1274 1508 1315 daret
1524 1268 1678 1313 eisdem
1691 1271 1910 1328 Capucinis
1926 1302 1941 1323 ,
1971 1274 2012 1315 ἃ
2038 1272 2175 1329 postea
2194 1273 2275 1315 fine
2307 1266 2421 1315 Filiis

1390 1329 1645 1395 decederet,
1667 1329 1966 1386 Confinguinei
1982 1332 2096 1388 ipsius
2109 1332 2252 1388 pollicit
2268 1330 2423 1376 adire-2

1388 1389 2422 1500 :1¹:13zifii‘a‘z‘tz,3132525522'125‘3'3222':3³33)ss

1386 1503 1553 1564 praefatae
1568 1506 1809 1549 Constantiae
1824 1505 1985 1562 poffent.
2011 1508 2124 1551 nolle
2152 1509 2307 1550 habere
2335 1510 2423 1550 Ca·

1413 1567 1555 1609 ucinos
1573 1578 1647 1620 pro
1662 1566 1907 1622 Pauperibus
1924 1567 2104 1617 Christi,
2136 1565 2204 1608 sed
2230 1566 2279 1608 ad
2305 1564 2418 1609 suum

1401 1626 1546 1667 ibitum
1563 1623 1633 1666 illa
1646 1625 1749 1667 bona
1761 1623 2020 1681 dispensare,
2053 1625 2162 1667 unde
2187 1626 2228 1667 in
2252 1638 2305 1666 eo
2324 1624 2419 1667 casu

1382 1683 1691 1737 expellerentur
1723 1683 1823 1726 dicti
1858 1685 2059 1740 Capueini
2098 1684 2149 1726 ab
2187 1682 2416 1742 hujusmodi

1385 1745 1508 1787 horto
1523 1770 1534 1781 .

1500 1803 1727 1855 Propterea
1745 1800 1853 1844 idem
1869 1802 2067 1845 Horatius
2084 1803 2252 1856 cupiens
2266 1802 2308 1844 in
2332 1801 2417 1843 vita

1383 1860 1477 1912 sua,
1500 1873 1579 1901 non
1595 1861 1783 1902 obstante
1794 1875 2054 1917 quocumque
2070 1860 2220 1904 damno
2249 1860 2345 1907 suo-r
2371 1872 2418 1903 ac

1383 1920 1471 1978 ejus
1488 1919 1682 1961 Filiorum
1696 1944 1711 1967 ,
1745 1920 1785 1960 δι
1803 1921 2148 1965 Descendentium
2160 1949 2177 1971 ,
2191 1920 2309 1964 dictis
2331 1921 2419 1961 Ca-

1384 1978 1541 2034 pucinis
1569 1977 1831 2030 satisfacere3
1865 1979 2028 2022 hortum
2058 1979 2187 2034 ipsum
2221 1978 2420 2023 eisdem.»

1382 2034 1603 2091 Ca'pucinis
1612 2035 1711 2078 dare
1724 2062 1739 2084 ,
1768 2036 2091 2092 consanguineis
2107 2040 2208 2082 vero
2219 2049 2295 2093 pro
2312 2036 2423 2079 sum·

1383 2109 1447 2138 ma
1462 2093 1636 2136 duorum
1653 2094 1824 2137 millium
1840 2094 2043 2138 scutorum
2059 2097 2110 2139 ab
2124 2095 2201 2151 ipsa
2217 2093 2419 2150 poffeffio—

1379 2169 1431 2197 ne
1448 2150 1819 2203 extrahendorum,
1851 2166 1897 2195 ac
1916 2157 2158 2211 pauperibus
2170 2152 2325 2197 Christi
2342 2165 2418 2208 pro

1381 2212 1541 2256 reliduo
1560 2210 1679 2267 pretii
1707 2210 1819 2252 dicte
1847 2211 2084 2266 posseffionis
2108 2211 2239 2256 talem
2267 2212 2421 2254 cautio-

1381 2285 1475 2315 nem
1489 2299 1503 2322 ,
1528 2281 1573 2312 ut
1591 2269 1722 2311 statim
1735 2268 1957 2313 deficiente
1975 2270 2062 2328 ejus
2081 2271 2188 2316 linea
2203 2298 2219 2318 ,
2244 2271 2420 2313 &Con-

1378 2329 1609 2384 sanguineis
1623 2328 1700 2383 ipsa
1718 2327 1799 2370 duo
1815 2329 1940 2372 millia
1958 2328 2162 2373 scutorum
2176 2328 2416 2375 solvantur.

1381 2392 1419 2432 δι
1448 2386 1702 2444 Pauperibus
1720 2387 1870 2430 Christi
1910 2400 1983 2443 per
2008 2384 2414 2432 fideicommiss'arios

1381 2447 1496 2489 dietae
1510 2444 1755 2490 Constantiae
1772 2446 1972 2488 refiduum
1997 2448 2118 2502 pretii
2133 2447 2246 2490 dietae
2269 2444 2414 2503 posses·

1381 2506 1495 2550 fionis
1512 2504 1776 2548 distribuatur
1790 2531 1804 2556 ‚
1833 2505 2011 2561 praebere
2023 2505 2208 2549 intendat
2223 2534 2235 2547 .

1422 2564 1658 2621 Sed-,quia
1689 2563 1816 2606 stante
1841 2562 2105 2608 'testamento
2116 2563 2287 2620 praesatae
2303 2565 2419 2606 Con-

1379 2623 1555 2674 stantiae,
1589 2623 1628 2664 in
1643 2636 1726 2675 quo
1743 2621 1820 2676 ipsa
1839 2621 2048 2665 Testatrix
2070 2623 2187 2673 vult,
2219 2623 2412 2665 hortum..

1378 2679 1504 2738 ipsum
1519 2708 1534 2732 ,
1562 2678 1783 2722 deficiente
1800 2678 1904 2720 linea
1922 2678 2017 2720 dieti
2045 2681 2204 2721 Horatii
2226 2679 2410 2721 distribui

1378 2739 1623 2797 pauperibus
1654 2735 1803 2779 Christi
1820 2762 1835 2785 ‚
1858 2735 2029 2779 arbitrio
2043 2737 2204 2779 suorum
2217 2750 2413 2793 quorum-

1375 2797 1470 2840 dam
1487 2791 1964 2839 Fideicommiisariorum
1975 2823 1989 2847 ,
2003 2794 2112 2838 suum
2126 2824 2139 2847 ,
2153 2797 2193 2837 &
2207 2796 2409 2839 dictorum

1374 2854 1679 2909 Capucinorum
1706 2853 1778 2895 hac
1797 2853 1836 2895 in
1856 2864 1973 2907 parte
1990 2864 2165 2910 nequeat
2181 2851 2410 2908 adimplere

1374 2913 1620 2959 deiiderium
1635 2940 1648 2963 ,
1669 2911 1736 2955 niii
1751 2923 1824 2967 per
1842 2914 1926 2953 Nos
1954 2911 2008 2955 de
2035 2924 2268 2969 opportuno
2292 2908 2409 2966 super

1377 2974 1455 3015 hoc
1473 2970 1735 3027 provideatur
1752 2968 1963 3020 remedio,
1992 2970 2150 3014 idcireo
2172 2969 2251 3027 ipse
2270 2970 2403 3012 Hora·

1377 3034 1454 3073 tius
1472 3030 1598 3074 Nobis
1613 3027 1820 3071 humiliter
1836 3026 2047 3083 supplicari
2059 3026 2158 3071 fecit
2179 3058 2193 3080 ,
2215 3038 2410 3083 quatenus

1375 3092 1446 3132 fibi
1465 3093 1580 3144 snper
1595 3087 1655 3129 his
1668 3088 1896 3142 opportune
1910 3086 2204 3143 provides-me
2219 3086 2406 3141 benigni·

1374 3160 1460 3192 tate
1475 3146 1704 3204 Apostolica
1718 3145 2002 3201 dignaremur.

1436 3210 1525 3251 Nos
1551 3204 1602 3250 de
1629 3203 1826 3260 praemissis
1849 3215 2006 3248 certam
2030 3204 2218 3247 notitiam
2244 3217 2321 3246 non
2337 3204 2407 3245 ha-

1376 3267 1545 3315 bentes,
1574 3277 1619 3307 ac
1636 3262 1732 3306 dieti
1748 3264 1994 3307 Testamenti
2010 3291 2025 3313 ,
2057 3262 2120 3305 seu
2135 3263 2240 3306 illius
2258 3260 2408 3304 instru-

1373 3324 1500 3368 menti
1516 3334 1700 3368 tenorem
1715 3347 1730 3370 ‚
1758 3333 1918 3366 necnon
1934 3320 2185 3379 poisessiones
2199 3350 2214 3372 ,
2244 3322 2281 3362 &
2298 3321 2406 3363 horti

1372 3382 1651 3441 predictorum
1686 3380 1917 3425 lituationes
1934 3409 1949 3431 ‚
1979 3379 2184 3431 confines,
2228 3377 2406 3436 qualita-

1373 3452 1432 3486 tes
1449 3470 1464 3494 ,
1493 3441 1764 3498 quantitates,
1783 3439 2001 3490 vocabula,
2034 3437 2406 3490 denominationes,

1377 3504 1416 3545 δι
1449 3530 1461 3543 .
1492 3528 1504 3540 .
1538 3528 1549 3541 .
1582 3528 1592 3541 .
1624 3500 1750 3541 etiam
1782 3511 1934 3541 annuos
1959 3498 2118 3541 valores
2146 3495 2402 3552 presentibus

1373 3573 1451 3616 pro
1465 3556 1655 3614 eapreffis
1672 3558 1810 3603 haberi
1830 3556 2013 3600 volentes
2025 3581 2040 3604 ‚
2072 3555 2295 3612 hujusmodi
2313 3554 2403 3612 sup-

1375 3617 1660 3674 plicationibus
1673 3616 1854 3659 inclinati
1871 3643 1885 3666 ‚
1916 3615 2180 3658 Fraternitati
2195 3614 2291 3659 Tuoe
2304 3629 2403 3672 prae-

1374 3674 1554 3719 sentibus
1568 3676 1857 3717 committimus
1869 3701 1883 3724 ‚
1911 3674 1950 3714 8<
1965 3672 2200 3718 mandamus
2216 3704 2231 3727 ‚
2258 3685 2404 3730 quate·

1374 3748 1447 3778 nus
1466 3760 1480 3782 ,
1512 3733 1533 3774 si
1552 3733 1738 3789 premissa
1757 3733 1885 3775 Nobis
1898 3733 2076 3787 exposita
2089 3758 2105 3782 2
2135 3733 2190 3778 ita
2209 3734 2289 3777 effe
2306 3734 2399 3775 Tibi

1375 3792 1559 3850 legitime
1589 3791 1844 3844 constiterit,
1871 3790 2007 3834 eidem
2034 3793 2239 3845 Horatio,
2270 3801 2314 3833 ut
2341 3791 2405 3832 di-

2251 3853 2353 3891 «stum
