2774 4068
432 180 604 268 116

358 299 691 350 venditionem
728 294 1052 348 nonnullarum
1086 295 1277 357 'AEdium
1307 317 1392 368 pto

428 366 713 419 melioranda
765 368 1033 425 Monasterii
1070 372 1392 425 Monialiuma

424 437 627 493 Tuderti
676 438 935 493 conditione
964 476 980 499 ‚
1024 442 1302 509 approbari,
1340 461 1393 492 ac

426 507 724 567 confirmari,
760 510 1019 580 Episcopo,
1051 530 1105 561 ac
1154 513 1395 569 Archidia-

425 598 550 638 cono
585 580 856 632 Tudertinis
873 618 889 641 ,
922 585 1176 634 committit
1194 621 1207 637 .

365 709 584 754 Venerabili
634 712 782 754 Fratri
833 710 1016 767 Episcopo
1062 714 1271 757 Tudertino
1293 744 1307 767 ,
1348 713 1402 765 &¹

475 768 634 816 Dilcffo
659 768 1077 873 ΈὶἰὶσΤῖΖῗζὲἑῗεοηο
1101 773 1276 831 Εειίςβιε

357 921 760 1000 CLEMENS
847 953 1114 1002 PAPA
1197 954 1393 1003 v111.
1455 964 1481 1005 p

360 1076 599 1126 Venerabilis
627 1079 800 1130 Frater,
831 1092 876 1120 ac
898 1080 1049 1121 DiIeHe
1065 1080 1364 1136 Fili,st1lutem
1379 1106 1393 1132 ,

531 1137 580 1184 ἶς’
597 1137 857 1195 Apostolicam
882 1139 1189 1182 Benedifflonem
1204 1168 1216 1181 .

355 1260 364 1264 ·
458 1243 673 1298 Xpositum
701 1245 832 1288 Nobis
858 1259 989 1302 nuper
1018 1245 1095 1289 fuit
1123 1261 1197 1303 pro
1234 1249 1391 1302 parte.)

487 1304 739 1345 Dilectarum
768 1305 808 1346 in
833 1304 999 1347 Christo
1024 1305 1219 1349 Filiarum
1246 1307 1392 1351 Abba·

353 1363 450 1403 tissae
479 1390 493 1412 ‚
540 1362 608 1405 seu
647 1362 868 1411 Prioriffae‚
900 1365 940 1406 δε
979 1365 1223 1408 Monialium
1251 1370 1388 1420 Capu·

352 1421 535 1462 cinai-um
562 1431 889 1477 nuncupatarum
905 1453 918 1474 ‚
941 1424 1180 1467 Monasterii
1195 1423 1385 1477 S-1Clarae

351 1477 576 1522 Tudertin.
603 1479 784 1536 ejusdem
802 1486 842 1524 S.
863 1483 1022 1533 Clarae,
1041 1483 1104 1526 vel
1117 1483 1285 1527 alterius
1307 1485 1387 1526 Or-

348 1539 457 1582 dinis
475 1568 490 1589 ,
521 1539 630 1594 quod
655 1537 754 1582 alias
779 1541 866 1595 ipsae
884 1555 1022 1583 earum
1039 1543 1273 1585 Monasterii
1289 1557 1387 1585 con-

347 1597 551 1640 ditionem
568 1597 783 1641 meliorem
798 1599 963 1641 efficere
981 1599 1286 1654 desiderantes,
1303 1611 1386 1646 tres

345 1666 510 1710 quartas
542 1665 679 1711 partes
708 1658 821 1699 unius
842 1657 1027 1710 Domus,
1059 1661 1101 1702 &
1131 1661 1319 1704 Casaleni
1347 1661 1386 1703 in

344 1714 494 1757 Castro
511 1716 664 1757 Montis
682 1716 970 1761 Castrillorum
995 1717 1216 1763 Tudertin.
1245 1721 1384 1763 Dioec.

342 1772 461 1830 juxta
481 1775 584 1816 bona
600 1775 801 1817 haeredum
817 1777 1021 1831 quondam
1041 1777 1168 1821 Sileni
1180 1779 1232 1821 de
1245 1779 1384 1836 Apfis,

344 1834 386 1874 δε
428 1832 579 1889 AEgidii
619 1835 792 1876 Antonii
821 1836 993 1891 Joannis
1032 1837 1301 1890 Bernardini,
1333 1853 1379 1881 ac

343 1891 451 1933 alios
482 1894 570 1935 suos
597 1891 821 1936 notiffimos
855 1897 955 1937 fines
989 1896 1096 1947 fitae,
1129 1910 1301 1939 necnon
1328 1897 1379 1940 ad

343 1950 496 1993 distum
525 1952 817 1994 Monasterium
829 1979 844 1999 2
859 1954 899 1995 &
912 1953 1096 1997 Dilectos
1112 1955 1235 1998 Filios
1249 1955 1386 1997 Astul-

341 2011 494 2063 phum,
526 2011 567 2050 &
593 2011 757 2053 Fratres
790 2011 845 2053 de
870 2011 980 2054 dicto
1006 2013 1180 2065 Castro,
1215 2027 1289 2069 pro
1319 2027 1386 2056 re-

339 2067 453 2123 liqua
479 2076 625 2124 quarta
652 2078 772 2125 parte
810 2071 1114 2123 communiter,
1153 2073 1194 2113 &
1219 2086 1295 2127 pro
1326 2074 1386 2115 in-

339 2125 474 2168 diviso
503 2127 690 2180 legitime
718 2127 892 2183 speEtan.
918 2143 970 2172 ex
1006 2130 1154 2186 quibus
1188 2132 1382 2175 hactenus

338 2199 440 2227 unus
469 2188 650 2229 Ducatus
680 2188 769 2229 auri
790 2187 843 2231 de
862 2189 1042 2232 Camere
1058 2201 1153 2232 cum
1178 2189 1350 2234 dimidio
1365 2218 1380 2241 a

339 2245 409 2287 vel
438 2245 547 2286 circa
575 2246 910 2300 percipiebatur,
936 2248 1093 2291 dilectae
1128 2250 1170 2290 in
1214 2249 1381 2292 Christo

339 2302 452 2346 Filiae
478 2303 674 2346 Ortenfiae
701 2306 811 2347 Petti
827 2334 843 2358 ,
859 2306 1025 2349 Mulieri
1045 2307 1261 2351 Tudertin.
1279 2310 1383 2350 Hie-

338 2361 504 2415 ronymi
528 2362 683 2405 Coloni
728 2364 885 2415 Uxori,
918 2379 992 2419 pro
1027 2367 1204 2422 quodam
1243 2366 1381 2410 Censu

337 2428 547 2477 perpetuo
579 2430 756 2463 centum
781 2424 1002 2468 Scutorum
1027 2426 1068 2466 in
1090 2425 1196 2467 sorte
1225 2426 1382 2480 princi-

339 2478 453 2532 pali,
481 2477 599 2533 super
618 2479 731 2521 bonis
747 2479 918 2536 Josephi
948 2484 1001 2526 de
1028 2483 1142 2525 Alvis
1165 2483 1380 2540 impolito,

338 2551 387 2580 ac
414 2537 528 2579 distae
542 2539 740 2581 Ortcnliae
755 2539 913 2592 debito,
933 2552 1025 2584 tuto
1043 2571 1055 2593 ‚
1072 2544 1111 2583 &
1138 2542 1304 2593 securo,
1328 2556 1381 2585 ex

337 2611 420 2653 quo
447 2596 690 2647 Abbatifla,
733 2597 798 2640 seu
837 2599 1051 2651 priorissa,
1094 2603 1134 2643 &
1178 2602 1378 2645 Moniales

336 2654 533 2712 praedistae
558 2655 625 2698 sex
655 2658 841 2699 Ducatos
866 2659 953 2700 auri
986 2657 1134 2703 ssmiles
1170 2662 1380 2703 annuatim

334 2715 598 2771 percipient,
632 2729 792 2758 necnon
822 2730 898 2771 pro
932 2717 1077 2773 viginti
1105 2718 1259 2771 scutis,
1291 2734 1376 2775 quae

334 2773 423 2830 ipsae
451 2771 653 2816 Abbatiffa
674 2803 686 2823 ,
720 2776 758 2816 δε
786 2776 1014 2828 Moniales,
1042 2777 1120 2819 uni
1147 2792 1240 2821 cum
1265 2779 1374 2822 sorte

333 2833 554 2889 principali
585 2832 681 2876 dieti
711 2833 893 2883 Census,
926 2835 951 2876 fi
990 2836 1154 2891 quando
1183 2837 1374 2882 restitua-

334 2901 432 2940 tur,
465 2894 504 2934 in
531 2891 787 2946 emptionem
811 2892 987 2936 aliorum
1019 2895 1220 2939 bonorum
1253 2897 1373 2941 stabi-

330 2949 432 2992 lium
461 2963 535 3006 pro
562 2952 670 2993 dieto
695 2950 945 2996 Monasterio
960 2965 1210 2998 convertere
1237 2957 1374 2999 inten-

331 3009 439 3051 dunt
469 3038 482 3060 ,
529 3011 569 3051 δε
605 3010 854 3053 tenebantur
877 3043 893 3064 ‚
938 3012 1103 3056 servato
1137 3013 1304 3068 nostro,
1332 3017 1372 3056 &

332 3067 454 3112 Sedis
473 3069 713 3124 Apostolicae
730 3069 995 3126 beneplacito
1008 3102 1021 3124 ,
1047 3075 1252 3129 perpetuo
1269 3089 1371 3118 ven-

330 3127 559 3179 diderunt,
591 3129 630 3168 &
663 3128 925 3183 alienarunt,
965 3142 1085 3188 prout
1123 3134 1163 3175 in
1208 3134 1374 3189 publico

329 3186 505 3242 desuper
538 3183 728 3230 consano
754 3190 1033 3235 Iusti-umento
1069 3191 1231 3249 plenius
1269 3193 1392 3236 dici--

1122 3301 1346 3372 No

1166 174 1702 268 Provincia

1452 309 1520 341 tur
1547 294 1779 342 contineri·
1813 297 1924 342 Cum
1963 299 2132 346 autem,
2167 293 2266 338 ficut
2306 298 2493 341 eadem„

1452 356 1652 414 expositio
1675 353 1973 411 subjungebat,
2006 355 2196 399 venditio
2215 383 2229 406 ,
2266 356 2306 396 &
2334 357 2492 400 aliena-

1453 420 1513 459 tio
1539 412 1766 473 hujusmodi
1793 416 1832 458 in
1858 416 2097 459 evidentem
2130 414 2227 456 dieti
2257 416 2491 460 Monasterii

1454 476 1677 519 utilitatem
1703 471 1894 517 cesserint
1908 504 1923 525 ,
1937 476 1974 516 &
1990 474 2167 525 cedant,
2202 475 2370 529 cupiunt
2387 489 2485 530 pro-

1455 546 1598 593 pterea
1614 535 1726 577 dietae
1741 533 1945 576 Abbatiffa
1961 562 1975 585 ,
2007 532 2074 576 seu
2092 530 2277 575 Prioriffa
2293 562 2307 585 ,
2334 536 2377 576 δι
2397 537 2492 577 Μο-

1457 593 1611 645 niales,
1637 609 1683 636 ac
1703 593 1891 635 Ortenfia
1918 592 2005 634 illas
2028 606 2103 647 per
2132 595 2219 635 Nos
2237 592 2490 645 confirmari,

1459 656 1500 696 ἃ.
1523 654 1764 709 approbari.
1797 654 1937 709 Quare
1981 651 2112 692 Nobis
2151 651 2362 696 humiliter
2400 652 2495 709 supd

1462 712 1604 770 plicari
1639 710 1856 762 fecerunt,
1885 718 1929 752 ut
1956 709 2013 751 eis
2042 710 2080 750 in
2106 709 2302 764 praemiffis
2331 726 2488 769 oppor-

1452 772 1547 814 tuni:
1565 770 1869 827 providere,de
1892 768 2149 823 benignitate
2167 770 2400 826 Apostolica
2425 772 2492 813 di-

1454 844 1699 888 gnaremur.
1732 832 1820 872 Nos
1851 827 1975 882 igitur
1989 825 2176 879 Domfis,
2203 830 2243 870 &
2269 829 2457 873 Casaleni
2475 860 2490 883 ‚

1455 905 1502 933 ac
1525 890 1752 939 bonorum,
1784 886 1900 942 super
1913 886 2060 942 quibus
2085 887 2212 928 dicius
2238 889 2394 933 Census
2413 890 2490 931 im-

1484 948 1602 991 ofitus
1625 946 1782 997 existit,
1806 945 2040 988 fituationes
2061 973 2076 996 ,
2111 943 2319 994 confines,
2363 962 2489 990 voca-

1457 1007 1577 1058 bula,
1602 1005 1980 1055 denominationes,
2014 1004 2266 1061 qualitates,
2295 1007 2335 1048 &
2358 1022 2489 1063 quan-

1454 1069 1624 1114 titates,
1657 1065 1832 1122 dictique
1869 1063 2132 1106 Instrumenti
2170 1074 2354 1108 tenorem
2392 1074 2492 1121 prae-'

1453 1126 1629 1169 sentibus
1669 1139 1745 1181 pro
1771 1121 1959 1179 expreffis
1990 1123 2215 1172 habentes,
2247 1138 2293 1166 ac
2321 1124 2487 1169 easdem

1454 1183 1696 1229 Abbatiffam
1710 1214 1724 1235 ,
1758 1181 1825 1224 seu
1849 1179 2075 1224 Prioriffam
2094 1212 2108 1234 ,
2127 1197 2172 1224 ac
2205 1182 2487 1235 Moniales,&

1452 1243 1680 1287 Ortenfiam
1695 1244 1719 1287 a
1733 1241 1933 1298 quibusvis
1949 1241 2388 1286 excommunicationis
2403 1243 2486 1285 ὄις.

1449 1302 1689 1350 censentes,
1713 1310 1952 1355 certamque
1990 1300 2045 1342 de
2071 1300 2270 1355 praemiffis
2295 1302 2487 1346 notitiam

1447 1377 1530 1407 non
1569 1362 1771 1404 habentes
1800 1389 1814 1412 ,
1850 1357 2078 1415 hujusmodi
2121 1359 2485 1416 supplicationibus

1449 1421 1633 1465 inclinati
1660 1450 1676 1472 ,
1722 1419 1849 1463 Vobis
1884 1432 1960 1473 per
2004 1418 2217 1474 praesentes
2263 1420 2488 1463 committi-

1449 1495 1567 1531 mus,
1597 1482 1637 1523 δι
1659 1478 1929 1528 mandamus,
1961 1487 2006 1519 ut
2044 1476 2289 1535 conjunctim
2341 1493 2487 1533 proce-

1447 1540 1597 1583 dentes
1614 1569 1630 1590 ,
1654 1538 1708 1580 de
1736 1534 1939 1594 praemissis
1951 1537 2038 1579 Vos
2053 1535 2275 1591 diligenter
2291 1535 2487 1581 informe·

1448 1601 1498 1641 tis
1514 1628 1528 1651 ,
1559 1600 1598 1640 sc
1614 1597 1639 1640 fi
1662 1611 1738 1653 per
1755 1595 2095 1638 informationem
2113 1594 2337 1653 hujusmodi
2355 1623 2368 1646 ,
2387 1611 2486 1640 ven-

1448 1659 1675 1708 ditionem,
1709 1658 1750 1698 &
1775 1655 2065 1699 alienationem
2089 1653 2317 1710 hujusmodi
2340 1654 2381 1695 in
2396 1655 2487 1697 evi-

1445 1718 1614 1761 dentem
1643 1714 1738 1757 dieti
1769 1713 2002 1757 Monasterii
2037 1712 2261 1756 utilitatem
2300 1711 2450 1756 ceffiffe
2471 1742 2485 1766 ,

1444 1779 1485 1819 δι
1510 1776 1662 1818 cedere
1704 1773 1915 1830 reperiatis
1943 1798 1958 1821 ,
2003 1770 2125 1828 super
2154 1786 2236 1828 quo
2274 1771 2486 1815 vestram..-

1442 1833 1732 1878 conscientiam
1761 1845 1975 1876 oneramus
2005 1860 2020 1883 ,
2051 1831 2168 1883 illas,
2196 1831 2484 1876 auctoritate)

1447 1892 1576 1937 nostra
1599 1890 1835 1948 Apostolica
1852 1889 2101 1934 confirmetis
2115 1920 2130 1943 ,
2155 1891 2194 1932 &
2215 1891 2483 1947 approbetis,

1446 1968 1492 1996 ac
1523 1964 1692 2004 omneS,
1712 1950 1940 2005 &fingulos
1970 1959 2054 1992 tam
2082 1950 2210 2005 juris,
2241 1949 2361 2006 quam
2391 1948 2484 1994 facti

1446 2009 1657 2060 defeetus,
1699 2012 1726 2053 fi
1767 2010 1836 2066 qui
1879 2010 1918 2051 in
1955 2006 2109 2053 eisdem
2152 2009 2485 2062 intervenerint,

1445 2070 1691 2127 suppleatis.
1726 2073 1820 2113 Non
1845 2068 1999 2111 obstan.
2027 2067 2202 2111 fel-rec.
2233 2067 2351 2110 Pauli
2369 2071 2426 2112 11.
2443 2070 2483 2110 δι

1444 2129 1622 2173 aliorum
1652 2132 1932 2172 Romanorum
1961 2125 2208 2170 Pontificum
2247 2126 2483 2172 praedeces.

1442 2189 1574 2231 sorum
1605 2188 1878 2237 Nostrorum,
1921 2186 1973 2228 de
2010 2186 2134 2227 rebus
2173 2185 2363 2229 Ecclefiae
2399 2201 2480 2230 non

1442 2247 1696 2300 alienandis,
1729 2244 1897 2300 aliisque
1924 2244 2322 2297 Constitutionibus,
2352 2247 2484 2288 &Or-

1443 2303 2009 2361 dinationibusApostolicis,
2038 2318 2084 2346 ae
2109 2304 2309 2347 dictorum
2337 2308 2485 2348 Mona-

1444 2366 1582 2417 sterii,
1612 2367 1653 2407 δι
1686 2364 1885 2416 Ordinis,
1917 2362 2046 2405 etiam
2089 2361 2348 2418 juramento,
2381 2377 2484 2406 con·

1443 2423 1674 2466 firmatione
1716 2423 1979 2479 Apostolica,
2014 2422 2077 2463 vel
2106 2423 2250 2478 quavis
2285 2421 2481 2466 firmitate

1443 2483 1520 2525 alia
1554 2482 1757 2524 roboratis
1795 2481 1983 2532 statutis,
2015 2480 2053 2519 &
2087 2479 2479 2533 consuetudinibus,

1440 2541 1669 2596 privilegiis
1694 2553 1883 2598 quoque,
1911 2536 2105 2589 indultis,
2135 2540 2176 2580 δι
2203 2537 2336 2581 literis
2366 2541 2481 2596 Apo-

1445 2599 1598 2643 stolicis
1613 2629 1628 2650 ,
1645 2600 1684 2643 in
1710 2600 1960 2644 contrarium
1979 2594 2267 2653 pra-missorum
2297 2611 2478 2654 quomo-

1442 2659 1605 2702 dolibet
1631 2657 1852 2708 conceffis,
1882 2655 2162 2704 confirmatis2
2193 2657 2232 2698 δι
2274 2658 2477 2713 approba-

1441 2720 1494 2761 tis
1511 2747 1524 2770 ,
1556 2719 1788 2775 ceterisque
1815 2716 2034 2759 contrariis
2062 2715 2412 2773 quibuscumque.

1494 2780 1646 2820 Datum
1667 2779 1809 2820 Romae
1823 2774 1928 2832 apud
1959 2777 2202 2819 §.Marcum
2224 2774 2291 2818 die
2323 2788 2382 2820 ιι.
2400 2779 2475 2820 Se-

1435 2837 1636 2892 ptembris
1681 2850 1850 2880 moon.
1891 2831 2161 2878 Pontificatfis
2199 2834 2325 2878 nostri
2367 2848 2473 2880 anno

1439 2896 1661 2941 undecimo
1678 2924 1688 2940 ,ι

1814 3016 1872 3056 Μ.
1906 3013 2087 3057 Vestrius
2117 3012 2359 3057 Bai-bimus.

1495 3137 1645 3190 Autog.
1666 3136 1708 3174 in
1738 3131 1861 3175 Arch.
1890 3135 2033 3175 Secret.
2065 3136 2182 3174 Brev.
2209 3129 2339 3188 Apost.
2366 3132 2463 3188 Reg.

1549 3193 1671 3251 menſs
1686 3192 1733 3240 θ’
1748 3191 1978 3248 annipraed.
1987 3185 2070 3250 fol.
2088 3203 2159 3246 47.

1442 3302 1682 3379 TA.

333 3435 490 3475 Decursu
527 3438 693 3486 temporis
728 3439 903 3482 Moniales
928 3440 1029 3489 supra
1065 3441 1281 3487 enuntiatae,
1314 3443 1455 3481 sinistris
1487 3442 1644 3487 cafibus,
1680 3443 1715 3479 &
1750 3443 1901 3490 egestate
1938 3442 1985 3478 ita
2020 3441 2158 3478 suetum
2180 3437 2468 3497 OPPfeffae·„¹¹¹3

377 3483 458 3521 dum
479 3485 573 3522 aliud
597 3499 799 3534 opportunae
824 3489 1033 3537 provisionis
1056 3492 1245 3529 remedium
1272 3504 1341 3528 non
1366 3493 1510 3535 aderat,
1536 3491 1782 3528 monasterium
1811 3489 2041 3538 suppreffum,
2072 3489 2107 3525 &
2137 3489 2307 3526 moniales
2334 3490 2414 3525 alus

500 3533 645 3584 vicinia,
659 3538 843 3580 Coenobils
863 3538 991 3576 fuerint
1015 3550 1210 3591 aggregatae
1224 3566 1234 3583 ,
1254 3541 1417 3587 Ordine,
1442 3546 1475 3579 &
1492 3540 1644 3589 EpIstola
1669 3541 1782 3577 Sacrae
1805 3537 2099 3584 congregationis
2124 3537 2285 3587 sequente
2305 3549 2315 3573 ε

964 3638 1132 3696 Illastris
1146 3669 1162 3691 ,
1191 3640 1239 3688 (9·
1267 3643 1319 3683 Α.
1348 3643 1443 3683 Rev.
1470 3644 1528 3688 D.
1551 3642 1615 3683 uti
1647 3644 1819 3686 Frater.

326 3733 551 3831 Apditis
572 3738 644 3797 ὕπ’,
672 3754 747 3789 quae
771 3748 816 3783 ab
839 3744 1089 3794 Amplitudine
1119 3744 1197 3784 Tua
1220 3748 1316 3785 cirea
1341 3747 1569 3798 miserabilem
1589 3747 1718 3799 statum
1733 3769 1747 3790 ‚
1769 3745 1808 3780 in
1855 3753 1897 3779 uo
1923 3739 2168 3805 Monasteriufn
2200 3746 2463 3805 capucii-mrum

440 3785 492 3822 'b'
520 3794 697 3839 '‘perna'‘
711 3815 725 3837 2
740 3795 831 3847 fuer
840 3805 907 3835 unt
920 3795 1086 3848 equfita,
1114 3795 1135 3834 ὸ
1156 3797 1271 3839 Sacra
1295 3798 1572 3847 Congrogatione
1595 3795 1765 3847 confilium
1779 3790 1829 3839 ,11
1840 3791 1889 3829 ud
1904 3791 2146 3843 supprimendi
2158 3819 2171 3843 ,
2197 3795 2240 3845 (ἔγ
2269 3794 2463 3842 Reltgsosas

2344 3843 2417 3890 rest·
