2762 4030
1122 231 1582 328 Romana.

280 356 446 391 tenores
466 361 538 404 per
555 343 770 401 praesentes
784 356 860 398 pro
874 343 1064 398 expreffis
1079 374 1093 397 ‚
1107 348 1149 390 δι
1161 349 1213 392 de
1229 366 1323 395 ver-

281 406 333 447 bo
346 406 393 449 ad
414 411 584 451 verbum
601 402 760 446 insertis
776 403 973 445 habentes
988 432 1003 453 ,
1020 404 1094 446 hric
1114 408 1203 449 vice
1218 409 1321 455 dun-

231 501 242 512 ,
283 474 391 510 taxat
407 462 658 521 specialiter,
688 459 928 516 &expresse
942 462 1185 518 derogamus
1199 494 1214 517 ‚
1245 482 1320 510 ca:-

281 525 463 582 terisqpe
481 519 698 577 contrariis
712 520 1017 576 quibuscunque
1033 549 1045 562 .

338 582 535 627 Volumus
549 587 685 621 autem
700 606 715 629 ,
747 590 794 621 ut
810 579 994 634 pretium
1012 578 1223 635 praefatum
1241 584 1313 628 in„

279 640 528 697 emptionem
557 636 730 679 alioruin
754 637 952 681 stabilium
973 651 1050 693 pro
1066 640 1314 686 Monasterio

276 707 320 747 s.
335 697 560 743 Salvator-is
576 696 707 749 statim
726 711 772 740 ac
798 707 1011 753 receptum
1023 695 1146 742 fuerit
1162 727 1175 750 ‚
1205 701 1315 743 inte-

274 758 345 817 gr‘e
358 787 374 809 ,
405 753 649 798 &totaliter
673 756 840 799 omnino
852 767 1142 809 convertatur,
1153 756 1221 800 sub
1237 773 1314 814 ρε-

276 832 327 863 na
341 817 779 859 excommunicationis
794 815 885 858 latae
900 817 1122 868 sententiae,
1138 831 1213 874 per
1227 831 1317 869 eos,

276 877 327 921 ad
342 887 446 932 quos
463 872 612 930 spectat
628 903 646 925 „
674 874 814 931 eoipso
840 875 1095 918 incurrendae
1111 905 1122 916 .
1157 878 1314 919 Datum

273 937 418 980 Romae
441 931 547 991 apud
577 936 616 975 S.
632 936 802 977 Petrum
826 934 895 976 sub
911 935 1080 978 Annulo
1095 934 1312 978 piscatoris

274 994 355 1038 Die
400 1005 461 1036 iv.
488 992 646 1049 Aprilis
671 1007 833 1041 sancix.
869 992 1134 1040 Pontificatfis
1172 994 1314 1039 Nostri

274 1057 394 1098 Anno
415 1061 590 1109 quarto.
789 1071 794 1075 ·

811 1110 950 1165 Scipio
967 1111 1228 1157 Cobellutius
1246 1143 1259 1156 .

335 1230 507 1289 Aaetbog.
540 1232 584 1272 in
598 1228 718 1274 Arcb.
738 1234 884 1273 Secret-
917 1221 1037 1271 Brea.
1066 1231 1198 1287 Apost.
1228 1245 1313 1294 rog.

394 1291 548 1346 Aprilis
569 1288 691 1345 1609.
715 1288 795 1347 fhl.
817 1287 909 1343 146.
940 1290 985 1332 de
1001 1304 1077 1346 quo
1092 1293 1216 1334 Breve
1219 1290 1317 1350 for·

393 1359 543 1393 matum
555 1351 599 1389 1⁶71
614 1349 737 1393 Arch.
755 1350 972 1394 Conventds
987 1378 999 1390 .

1055 1461 1312 1478 -ιι-ι

486 1562 528 1600 D
588 1559 622 1599 E
682 1559 722 1600 C
782 1559 822 1600 R
882 1558 917 1599 Ε
981 1559 1019 1600 T
1080 1559 1120 1601 O

472 1644 518 1696 S.
535 1644 878 1718 Congregationt's
906 1646 1087 1697 Ritumn
1108 1685 1120 1697 .

277 1772 332 1819 ln
352 1766 557 1819 Civitate
582 1763 842 1816 Tusculana
858 1801 874 1824 ,
895 1784 1070 1816 necnon
1090 1769 1136 1816 in
1151 1767 1320 1819 Subur·

348 1838 433 1888 biis
451 1873 467 1896 ,
497 1836 546 1888 ὅ(
561 1839 822 1887 Territorio
845 1842 1058 1887 Romano
1074 1840 1197 1888 circa
1213 1857 1319 1908 prae·

354 1908 609 1959 cedentiarn
638 1910 754 1957 inter
773 1911 953 1958 Fratres
973 1944 988 1966 ,
1025 1907 1074 1959 <St
1099 1911 1213 1958 alios
1230 1915 1318 1962 Re-

348 1981 530 2049 gulares
544 2013 559 2036 ,
580 1980 625 2027 in
647 1979 843 2047 publicis
863 1978 1220 2052 processionibus
1237 2017 1253 2040 ,
1272 1983 1318 2033 id

345 2050 471 2119 quod
498 2051 542 2099 in
568 2051 711 2100 Alma
729 2049 862 2105 Urbe
885 2050 1164 2118 prasticatur
1181 2087 1197 2111 ,
1236 2051 1322 2103 ser-

348 2122 450 2174 vari
483 2119 645 2172 debere
673 2122 934 2172 declaratur
951 2160 964 2174 .

2255 294 2296 342 ²
2315 297 2359 363 7

1388 361 1549 410 Altare
1586 361 1670 409 SS.
1691 359 1917 412 Crucifixi
1934 366 1979 414 in
1995 370 2190 422 Ecclesia
2205 378 2420 427 Conven-

1455 425 1528 478 ti'is
1544 426 1825 490 Tusculani,
1851 447 1945 482 tam
1973 454 2057 504 pro
2087 444 2412 497 Sacerdotibus

1452 499 1755 549 Saecularibus
1772 535 1790 561 ‚
1820 503 1958 569 quam
1992 508 2189 571 cujusvis
2219 516 2413 566 Ordinis

1449 570 1759 635 Regularibus
1770 606 1786 630 ,
1798 572 1983 624 Missam
1999 575 2332 634 Defunstorum
2357 586 2415 635 ad

1445 637 1624 687 distum
1646 642 1811 691 Altare
1835 643 2168 698 celebrantibus
2186 685 2203 708 ‚
2238 653 2282 700 in
2310 672 2414 723 per-

1447 721 1639 774 petuum
1666 712 1938 783 privilegiat-
1953 752 1966 766 .

1413 838 1860 894 PAULUS
1950 849 2226 900 PAPA
2312 854 2378 902 V.

1502 1003 1503 1006 ,
1554 958 1623 1002 Ad
1639 966 1869 1016 perpetuam
1892 967 1956 1007 re}
1980 967 2210 1010 memoriam
2223 996 2237 1010 .

1521 1066 1675 1110 Mnium
1689 1068 1804 1114 saluti
1822 1100 1838 1122 ‚
1862 1082 2031 1127 paterna
2053 1075 2252 1118 charitate
2273 1075 2420 1119 intenti

1537 1131 1658 1170 sacra
1673 1129 1878 1173 interdum
1897 1131 1987 1174 loca
2010 1133 2250 1189 specialibus
2276 1134 2418 1178 Indul-

1380 1186 1610 1240 gentiarum
1642 1189 1876 1232 muneribus
1904 1189 2147 1235 decoramus
2165 1221 2180 1244 ‚
2212 1202 2257 1235 ut
2285 1193 2420 1237 inde.»

1382 1243 1583 1288 Fidelium
1601 1244 1896 1292 Defiinfiiorum
1909 1250 2046 1293 anim:
2059 1280 2075 1304 ,
2100 1252 2262 1294 Domini
2285 1252 2421 1294 Nostri

1376 1301 1468 1360 Jesu
1486 1304 1636 1347 Christi
1651 1335 1666 1356 ‚
1689 1306 1854 1365 ejusque
1870 1310 2110 1353 Sanctorum
2125 1309 2305 1366 suffragia
2334 1324 2419 1352 me-

1384 1363 1556 1405 ritorum
1576 1364 1795 1420 consequi,
1818 1369 1858 1410 &
1882 1367 1961 1410 illis
1977 1367 2123 1426 adjutae
2136 1399 2148 1421 ,
2164 1384 2214 1412 ex
2231 1380 2420 1425 purgato.

1385 1421 1436 1464 rii
1447 1422 1564 1481 paenis
1579 1453 1594 1476 ,
1607 1423 1654 1466 ad
1671 1435 1859 1470 aeternam
1880 1425 2047 1471 salutem
2071 1442 2145 1485 per
2159 1429 2239 1471 Dei
2265 1428 2422 1471 miseri·

1385 1480 1566 1523 cordiam
1602 1483 1770 1538 perduci
1813 1485 1977 1529 valeant
2003 1515 2014 1526 .
2058 1487 2257 1530 Volentes
2284 1488 2417 1544 igitur

1382 1539 1607 1586 Ecclesiam
1625 1542 1778 1587 Domfis
1802 1547 1846 1590 5.,
1862 1543 2062 1591 Francisci
2076 1546 2292 1589 Tusculani
2306 1574 2320 1597 ‚
2335 1548 2419 1588 Or-

1382 1600 1486 1642 dinis
1504 1602 1690 1643 Fratrum
1704 1602 1910 1645 Minorum
1924 1632 1939 1655 ‚
1964 1602 2144 1660 ejusdem
2164 1609 2202 1648 S.
2216 1604 2418 1649 Francisci

1385 1660 1689 1715 Capucinorum
1726 1672 2050 1718 nuncupatorum
2078 1663 2193 1707 simili
2216 1662 2421 1720 hucusque

1382 1718 1607 1774 Privilegio
1617 1748 1631 1771 ‚
1647 1729 1689 1762 ut
1703 1721 1930 1777 accepimus
1941 1752 1956 1774 ,
1976 1722 2143 1765 minime
2155 1722 2391 1766 decoratam
2405 1750 2421 1773 ,

1379 1778 1470 1820 &in
1487 1791 1534 1820 ea
1552 1777 1668 1820 fitum
1682 1779 1830 1824 Altare
1855 1783 1924 1825 SS.
1940 1783 2136 1826 Crucifixi
2165 1783 2240 1824 hoc
2256 1780 2419 1838 speciali

1378 1838 1485 1879 dono
1507 1837 1708 1882 illustrare
1723 1866 1738 1890 ‚
1764 1842 2023 1884 Austoritate
2038 1842 2169 1885 Nobis
2191 1843 2215 1885 a
2242 1842 2419 1884 Domino

1379 1897 1530 1940 tradita
1543 1925 1558 1948 ‚
1580 1899 1621 1939 &
1635 1898 1688 1942 de
1703 1899 2004 1956 omnipotentis
2020 1902 2098 1944 Dei
2112 1900 2385 1943 misericordis
2399 1929 2416 1951 ,

1380 1971 1425 1999 ac
1443 1960 1660 2000 Beatorum
1674 1960 1814 2010 Petri,
1841 1961 1881 2001 &
1896 1959 2013 2004 Pauli
2028 1960 2315 2017 Apostolorum
2331 1959 2417 2016 ejus

1379 2018 1638 2060 Auctoritate
1655 2017 1816 2070 confisi,
1832 2031 1904 2071 ut,
1932 2020 2260 2076 quandocunque
2275 2021 2417 2062 Sacer·-

1380 2075 1455 2118 dos
1468 2075 1612 2131 aliquis
1628 2077 1852 2128 Saecularis,
1864 2078 1944 2121 five
1961 2077 2135 2133 cujusvis
2148 2077 2318 2120 Ordinis
2331 2079 2418 2120 Re·

1381 2135 1533 2191 gularis
1548 2133 1702 2178 Missam
1722 2135 2014 2179 Defunetorum
2031 2151 2104 2192 pro
2120 2136 2265 2178 Anima
2284 2132 2418 2190 cujus-

1298 2218 1300 2221 ·
1383 2207 1546 2250 cunque
1568 2191 1726 2247 fidelis,
1753 2211 1840 2251 quae
1863 2199 1952 2238 Deo
1975 2196 2015 2237 in
2030 2195 2231 2238 charitate
2245 2207 2417 2251 conjun-

683 2249 903 2308 Ttfiulana
915 2280 927 2293 .

402 2371 439 2412 U
455 2369 498 2410 Μ
524 2367 565 2410 in
581 2367 769 2412 Civitate
786 2366 1013 2410 Tusculana
1030 2377 1122 2413 orta
1141 2366 1220 2412 fuit
1233 2366 1316 2411 dis-

414 2424 589 2470 ferentia
614 2429 726 2471 circa
754 2426 1064 2482 praecedentiam
1093 2429 1132 2470 in
1149 2426 1314 2471 Proces—

274 2485 450 2528 fionibus
465 2485 638 2540 publicis
655 2515 670 2538 ‚
692 2487 799 2528 inter
817 2487 979 2529 Fratres
991 2487 1222 2542 Capucinos
1236 2515 1252 2538 ‚
1271 2488 1315 2528 &

273 2545 441 2587 Fratres
457 2543 735 2596 Reformatos,
751 2543 916 2588 Ordinis
931 2549 969 2588 S.
985 2544 1206 2597 Francisci,
1220 2546 1312 2603 quia

274 2602 476 2658 Capucini
489 2631 505 2655 ‚
535 2617 627 2646 cum
656 2615 748 2646 ante
778 2602 1043 2646 Reformatos
1076 2605 1213 2648 locum
1230 2633 1245 2656 ‚
1275 2607 1315 2647 &

270 2664 534 2705 Conventum
559 2662 599 2705 in
622 2662 769 2707 eadem
801 2663 988 2706 Civitate
1012 2665 1309 2715 obtinuerunt,

269 2718 385 2776 juxta
403 2718 578 2763 formam
601 2721 811 2765 literarum
837 2719 906 2766 fel.
926 2736 1010 2765 rec.
1026 2723 1219 2777 Gregorii
1233 2723 1311 2765 Pa-

271 2792 341 2834 pa:¹
354 2780 475 2822 xm.
522 2778 772 2824 Reformatis
810 2780 1038 2835 praecedere
1078 2781 1272 2823 volebant
1296 2809 1311 2834 ,

271 2837 477 2894 propolito
493 2838 724 2895 hujusmodi
742 2838 910 2894 negotio
931 2839 971 2881 in
988 2843 1078 2883 Sac.
1097 2840 1184 2882 Rit.
1198 2842 1310 2882 Con·

272 2897 519 2951 gregatione
534 2925 550 2949 ,
579 2900 619 2939 δι
635 2898 687 2940 de
701 2897 883 2953 ejusdem
905 2901 994 2942 Sac.
1009 2898 1309 2953 Congregatio-

269 2956 331 2998 nis
358 2953 543 3005 Ordine,
559 2953 664 2998 faCto
691 2960 820 2999 verbo
832 2954 887 2997 de
906 2957 978 2999 hac
1004 2957 1307 3003 controversia-s

273 3027 365 3056 cum
379 3011 628 3056 sanaiffimo
645 3014 823 3057 Domino
838 3013 1004 3063 Nostr0,
1016 3016 1212 3059 Sanffiiitas
1230 3018 1308 3058 Sua

274 3073 477 3116 ordinavit
493 3085 507 3124 3
537 3073 573 3113 in
591 3073 784 3115 suburbiis
799 3100 814 3124 ‚
843 3075 884 3116 δε
900 3073 1134 3115 Territorio
1148 3076 1307 3117 Roma-

273 3145 328 3174 no
343 3132 452 3174 circa
468 3131 778 3186 praecedentiam
794 3132 900 3175 inter
918 3131 1152 3185 Regulares
1179 3132 1219 3174 in
1233 3146 1307 3188 pu-

272 3190 388 3233 blicis
405 3189 721 3244 processionibus
741 3190 979 3233 servandum
997 3187 1076 3232 esse
1100 3189 1139 3232 id
1153 3219 1172 3243 ,
1194 3191 1306 3246 quod

274 3251 314 3292 in
352 3246 432 3303 ipsa
471 3249 584 3291 Urbe
621 3249 814 3294 servatur
826 3279 838 3290 .
869 3253 1013 3304 Quare
1042 3247 1188 3291 eadem
1215 3253 1305 3292 Sac.

269 3307 615 3363 Rit.Cong.juxta
629 3310 863 3361 mentem,&
880 3306 1306 3351 ordinationemSSr’t'ti

270 3366 729 3413 inCivitateTusculana
743 3367 848 3410 circa
870 3365 1184 3421 praecedentiam
1201 3366 1308 3408 inter

271 3427 621 3480 F.F.Capucinos,
635 3428 671 3467 &
688 3427 848 3468 Fratres
867 3422 1309 3468 ReformatosS.l²ran-

270 3481 362 3527 cisci
373 3484 508 3535 idem,
522 3486 630 3542 quod
648 3485 687 3526 in
704 3485 815 3528 Urbe
831 3483 1015 3526 servatur
1028 3510 1043 3534 ‚
1070 3481 1309 3526 servandum

272 3542 350 3586 elle
365 3542 539 3595 censuit,
553 3546 593 3588 δι
607 3544 829 3587 declaravit
846 3571 857 3583 .
878 3541 960 3584 Die
974 3559 1013 3586 2.
1025 3541 1166 3584 Martii
1185 3544 1311 3593 1613.

329 3630 380 3673 Α.
396 3633 500 3674 Mar.
515 3631 736 3690 Episcopus
754 3627 981 3674 Portuenfis
1000 3627 1128 3672 Card.
1144 3628 1310 3670 Gallus.

333 3718 393 3759 Ex
405 3730 491 3775 reg.
505 3723 650 3765 secret.
665 3724 782 3777 Cong.
804 3722 900 3761 unni
916 3746 930 3770 ‚
955 3701 1008 3768 ἀι
1023 3714 1280 3774 mertslpraed.

625 3811 656 3851 1.
679 3812 718 3853 P.
735 3810 960 3853 Mummius
978 3809 1094 3862 cong.
1105 3807 1249 3847 secret.

1382 2253 1516 2306 &autb
1533 2253 1605 2294 hac
1622 2253 1714 2297 luce
1729 2255 2037 2311 migraverissad
2054 2253 2287 2311 pra-’dietum
2303 2252 2415 2296 Alta·

1382 2325 1428 2354 re
1455 2311 1711 2364 celebrabit,
1741 2315 1887 2356 Anima
1916 2313 1996 2370 ipsa
2022 2312 2075 2355 de
2103 2311 2319 2355 Thesauro
2332 2313 2416 2354 Ec-

1377 2367 1598 2426 clefiae,per
1610 2371 1777 2414 modum
1795 2371 2293 2428 suffragii‚lndulgentiam
2314 2384 2416 2413 con-

1377 2428 1564 2484 sequatur
1579 2457 1594 2481 ,
1626 2430 1682 2472 ita
1696 2457 1711 2481 ‚
1728 2441 1773 2473 ut
1787 2430 1970 2487 ejusdcm
1983 2431 2146 2473 Domini
2162 2430 2297 2472 Nostri
2319 2428 2412 2486 Jesu

1375 2488 1554 2540 Christi,
1585 2501 1631 2530 ac
1660 2490 1894 2533 Beatiffimae
1914 2491 2093 2546 Virginis
2122 2490 2291 2541 Mariae,
2316 2494 2414 2532 San-

1373 2549 1612 2604 &orumque
1635 2551 1815 2594 omnium
1833 2549 1989 2592 meritis
2016 2549 2084 2591 libi
2106 2547 2414 2603 suffragantibus

1373 2609 1396 2651 ὲ
1413 2607 1645 2663 purgatorii
1664 2610 1781 2664 paenis
1814 2608 2044 2658 liberetur,
2059 2608 2324 2648 concedimus
2338 2634 2352 2656 ,
2373 2607 2414 2647 &

1373 2665 1647 2720 indulgemus.
1662 2670 1707 2708 In
1720 2668 1967 2709 contrarium
1984 2663 2224 2707 facientibus
2239 2678 2319 2705 non
2337 2665 2411 2706 ob-

1371 2723 1562 2765 stantibus
1579 2723 1880 2779 quibuscunque
1893 2737 1908 2774 3
1922 2721 2181 2778 praesentibus
2196 2721 2409 2776 perpetuis

1372 2779 1519 2823 futuris
1542 2783 1794 2839 temporibus
1822 2780 2007 2824 valituris
2038 2808 2050 2820 .
2088 2781 2239 2822 Datum
2266 2781 2410 2822 Romae

1370 2839 1475 2895 apud
1496 2842 1535 2882 S.
1556 2841 1730 2883 Mariam
1746 2839 1945 2895 Maiorem
1959 2836 2027 2882 sub
2043 2838 2214 2880 Annulo
2229 2837 2408 2881 Piscato-

1370 2900 1423 2941 ris
1450 2898 1527 2939 Die
1542 2911 1643 2942 xxvi
1659 2913 1720 2942 ιι.
1737 2899 1989 2942 Novembris
2006 2910 2201 2940 mncxvt.
2233 2895 2407 2941 Pontifi-

1374 2967 1486 3003 catus
1500 2957 1638 3002 Nostri
1667 2961 1788 3002 Anno
1808 2955 2059 3000 duodecimo
2072 2985 2084 2997 .

1869 3077 1911 3118 S.
1929 3070 2054 3117 Card.
2073 3074 2113 3116 S.
2127 3072 2311 3115 Susannae
2323 3100 2335 3111 .

1427 3195 1552 3237 Breve
1569 3189 1800 3251 firmatum
1831 3193 1873 3234 t'n
1889 3189 2014 3235 Arcb.
2031 3191 2265 3234 Rovinciae.

1785 3864 1824 3903 D
1858 3873 1879 3902 2
2231 3855 2399 3899 NOTA.
