2762 4088
378 203 563 295 xlvi.

385 329 566 378 Petium
591 319 719 372 terri
751 319 810 371 ad
843 325 1054 371 Domum
1085 323 1365 388 Regularem

314 402 504 450 Parrum
523 395 832 443 Eremitarum
850 391 1258 460 Sanc‘iiAugustini
1274 390 1368 459 spe-

315 470 440 519 &ans
453 502 468 524 ,
497 482 579 532 pro
588 462 850 530 amplianda
869 463 1030 511 eadem
1048 462 1197 511 nostra
1210 466 1369 512 Domo

317 538 536 592 alienari,
567 536 741 601 hocque
761 535 852 583 alio
870 535 995 601 petio
1023 532 1080 582 ad
1115 531 1364 582 Ecclefiam

314 606 630 665 Parochialem
648 640 665 663 ,
700 603 1152 671 Archipresbyceratus
1195 621 1367 653 nuncu-

319 695 472 748 patam
491 713 505 734 ,
535 677 789 744 pertinente
806 673 1091 743 compensari
1118 673 1211 726 ἃς.
1243 679 1368 742 Apo·

319 750 477 800 stolica
489 745 704 796 facultate
723 746 989 795 conceditur
1009 781 1020 793 .
1037 764 1125 794 cum
1140 760 1237 793 nota
1252 782 1262 793 .
1277 744 1367 793 ibi.

391 817 627 869 Fratribus
651 834 733 885 pro
762 814 932 865 fabrica
954 815 1160 884 Hospitii
1186 817 1232 863 in
1250 830 1370 864 terra

321 888 558 943 S.Alberti
578 889 923 938 Domunculam
938 886 999 936 ibi
1010 884 1368 944 inhabitabilem,

322 964 397 1012 vel
415 960 645 1017 vendi,vel
658 957 815 1007 donari
831 959 1061 1025 permittit
1076 956 1207 1007 .Idem
1219 990 1231 1004 .
1250 974 1273 1003 2
1284 965 1366 1017 36.

393 1035 543 1082 Situm
568 1031 596 1078 a
614 1030 859 1081 Canonicis
877 1029 1030 1078 Sanffi
1052 1028 1303 1078 Salvatoris
1322 1028 1367 1075 in

321 1107 428 1155 loco
444 1102 597 1153 Sanffi
617 1100 897 1169 Archangeli
913 1100 1001 1147 emi
1014 1134 1029 1156 ‚
1058 1097 1106 1149 ὅ(
1120 1102 1297 1146 Fratres
1315 1097 1368 1146 il-

324 1176 400 1224 luc
418 1172 536 1223 novzi
553 1169 723 1221 fabrica
739 1169 982 1221 terminata
997 1165 1228 1219 transferri
1263 1184 1368 1216 con-

322 1244 469 1294 cedit.
520 1240 660 1292 Idem.
1280 1237 1366 1287 ibi.

394 1319 470 1363 Fr.
498 1315 642 1364 Vitali
674 1314 698 1361 a
732 1311 968 1366 Bononia,
1000 1311 1228 1367 Noviti0,
1258 1311 1368 1359 Ale·

327 1385 503 1435 xandro
521 1381 716 1432 Bonfioli
737 1385 782 1431 in
802 1382 964 1431 saeculo
976 1394 1366 1450 nuncupato,cum

324 1456 384 1504 ob
405 1473 461 1504 aes
482 1455 681 1503 alienum
708 1455 833 1522 prius
852 1452 1142 1504 contrastum
1160 1488 1177 1511 ,
1208 1450 1267 1501 ad
1293 1455 1368 1501 Sa·

321 1543 447 1574 cram
485 1522 810 1575 Profeffionem
852 1522 1041 1574 admitti
1071 1541 1162 1574 non
1196 1520 1339 1591 poffet
1354 1560 1370 1581 ‚

321 1593 584 1665 opportune
604 1593 871 1663 provideri,
898 1593 946 1646 ὅ(
979 1594 1131 1645 debita
1147 1612 1203 1643 ex
1224 1593 1370 1643 Fidei-

329 1665 568 1718 commiffo
595 1700 611 1724 ,
646 1664 737 1714 fine
766 1665 898 1728 hujus
927 1665 1189 1733 praejudicio
1225 1663 1371 1722 solvi,

325 1733 685 1804 Archiepiscopo
700 1734 1067 1795 Bononienfi,seu
1085 1737 1372 1800 ejusVicario

325 1808 541 1858 Generali
561 1809 818 1856 committit
837 1843 848 1854 .
872 1806 1131 1856 Innocentius
1152 1811 1216 1858 X.
1257 1826 1281 1854 2
1294 1825 1372 1868 37.

400 1879 601 1928 Pretium
620 1880 1021 1928 Domuncularum
1052 1878 1108 1929 ab
1130 1876 1299 1944 Ulyffe
1316 1877 1372 1926 de

327 1949 647 2018 Bolognettis‚
676 1950 702 1997 a
730 1949 1009 1999 Monialibus
1035 1952 1249 1999 Bononiae
1282 1966 1373 1997 em-

327 2036 539 2087 ptarum,
565 2022 609 2069 in
637 2020 748 2069 locis
764 2023 1001 2070 Montium
1019 2025 1226 2071 Camerae
1244 2025 1371 2087 Apo-

327 2091 492 2141 stolicae
507 2108 597 2140 non
616 2090 891 2142 vacabilium
911 2090 1108 2142 investiri
1133 2091 1344 2141 concedit
1358 2125 1370 2138 .

327 2159 442 2213 Idem
459 2199 475 2222 ,
506 2181 594 2211 cum
625 2178 722 2211 nota
739 2199 752 2212 .
1255 2164 1370 2225 238.

398 2237 475 2284 Fr.
492 2234 725 2284 Bernardo
743 2235 768 2283 ὲ
787 2235 995 2285 Bononia
1015 2233 1258 2285 Meffinam
1273 2269 1289 2292 ,
1317 2232 1374 2282 ad

327 2305 616 2357 trastandum
648 2305 711 2354 ibi
741 2306 956 2357 Civitatis
985 2304 1279 2356 Bononiensis
1305 2322 1376 2353 ne-

329 2379 511 2447 gotium
528 2412 544 2434 ,
584 2375 629 2424 se
657 2374 916 2425 conferendi
942 2373 1207 2427 facultatem
1240 2376 1376 2445 largi-

331 2463 409 2498 tur
425 2484 440 2505 ‚
466 2446 714 2496 Alexander
726 2448 844 2498 VII.
1260 2465 1373 2507 239.

400 2517 684 2568 Monialibus
703 2519 865 2566 Imolae
877 2553 892 2576 ,
915 2534 1000 2586 pro
1016 2515 1185 2567 fabrica
1202 2535 1377 2568 earum-

332 2587 441 2637 dem
471 2586 739 2637 Monasterii
756 2624 772 2646 ,
802 2588 828 2636 a
858 2587 1248 2639 Confraternitate
1269 2591 1377 2637 San-

329 2658 514 2710 &immi
554 2661 836 2709 Sacramenti
878 2657 1045 2709 ibidem
1063 2693 1078 2713 ,
1128 2664 1376 2709 Domum-³

332 2730 576 2797 quamdam
593 2729 725 2779 vendi
745 2765 760 2788 ‚
792 2728 840 2781 ὅ(
866 2732 1066 2796 pretium
1094 2732 1140 2778 in
1161 2732 1278 2780 bona
1295 2727 1377 2777 sta-

332 2801 438 2853 bilia
476 2801 533 2851 ad
577 2797 786 2850 favorem
840 2801 970 2852 dieiae
1021 2798 1377 2852 Confraternita·

334 2874 393 2921 tis
417 2874 623 2922 converti
650 2907 666 2930 ‚
727 2869 953 2941 Episcopo
1000 2872 1062 2921 ibi
1096 2871 1377 2921 committit.

333 2941 473 2995 Idem.
1263 2961 1377 3004 240.

407 3018 565 3064 Sacras
596 3015 827 3081 Reliquias
862 3033 916 3064 ex
954 3010 1154 3064 Ecclesia
1197 3011 1378 3064 Domiis

332 3087 424 3137 loci
457 3085 817 3154 SanstiJoannis
849 3088 892 3134 in
925 3083 1148 3136 Perficeto
1172 3085 1378 3141 extrahi,

335 3170 416 3210 aut
432 3157 531 3205 aliis
553 3156 762 3206 Ecclefiis
778 3156 1066 3207 commodari
1082 3192 1098 3216 ‚
1125 3154 1206 3205 sub
1223 3153 1379 3204 censu-

334 3229 395 3278 ris
411 3263 427 3286 ,
455 3225 503 3277 ὅτ
516 3229 663 3295 poenis
678 3229 886 3295 prohibet
900 3265 913 3278 .
953 3228 1138 3277 Clemens
1156 3231 1222 3279 X.
1259 3244 1376 3289 241.

406 3300 700 3349 Provinciam
720 3301 763 3347 in
781 3300 893 3349 duas
910 3336 925 3358 ,
944 3296 1274 3349 Bononiensem
1287 3333 1304 3356 ,
1328 3297 1377 3349 ὅ(

321 3368 624 3439 ΙΙ.,οτῐιῐ)ειι’<1ἱεε
643 3369 822 3430 dividi,
860 3375 910 3421 P.
926 3370 1143 3420 Ministro
1156 3370 1378 3420 Generali

330 3442 590 3493 'committit
603 3476 616 3493 .
657 3441 758 3494 Ven.
775 3444 888 3494 D.S.
907 3443 1167 3494 Innocentius
1180 3446 1276 3496 XI.
1291 3459 1380 3490 cum

335 3527 432 3561 nota
448 3554 463 3567 ,
1260 3531 1324 3577 24
1336 3534 1354 3564 1
1365 3550 1376 3563 .

405 3583 604 3649 Epistola
619 3591 763 3638 Sacrae
783 3586 1168 3656 Congregationis
1198 3583 1380 3654 Episco-

337 3667 503 3718 porum
521 3689 538 3713 ,
568 3655 615 3706 ὅ(
632 3661 932 3727 Regularium
944 3657 1138 3717 ,crestio
1154 3655 1380 3707 Monaste·

340 3723 396 3800 rii
442 3726 719 3775 Monialium
758 3734 985 3779 Ravennae
1019 3725 1376 3798 Archiepiscopo

338 3790 511 3844 ibidem
525 3799 834 3847 committitur
848 3835 860 3848 .

1260 3815 1375 3863 243.
1435 3802 1592 3870 gitur.
1659 3798 1902 3865 Benedic‘lur
1919 3797 2073 3848 XIII.

838 196 1884 298 ELENCHvS.

1497 331 1696 376 Decreto
1714 333 1863 381 Sacrae
1886 320 2276 395 Congregationis
2309 320 2474 372 Conci·

1427 390 1510 455 lii,
1542 415 1625 464 pro
1655 399 1922 446 alienatione
1956 395 2137 447 Domfis
2170 392 2472 454 earumdem..

1430 470 1709 518 Monialium
1730 465 2009 518 Monasterio
2035 469 2330 532 incorporatae
2347 496 2364 519 ,
2394 474 2476 510 aut

1426 547 1454 595 ὲ
1478 541 1698 606 Capitulo
1714 537 1979 589 Cathedrali
1996 573 2012 597 ,
2042 536 2090 588 ἃ
2119 534 2471 588 communitate

1427 608 1692 666 consensum
1705 609 1891 676 praeberi
1908 643 1923 666 ,
1954 624 2034 659 aut
2062 609 2181 656 hunc
2207 609 2233 655 a
2269 603 2476 665 saneta-2

1428 679 1546 739 Sede
1558 678 1752 748 suppleri
1770 679 1966 731 sancitur
1982 715 1994 728 .
2030 697 2116 726 cum
2133 691 2229 725 nota
2245 710 2257 723 .
2376 673 2444 723 ibi·
2458 708 2471 721 .

1499 752 1792 803 Provinciam
1803 751 1827 798 a
1842 748 2254 818 superintendentia
2270 743 2473 794 duorum

1429 821 1753 889 Hospitiorum
1807 825 1958 892 Regni
2010 821 2208 870 Poloniae
2266 815 2428 865 eximit
2460 850 2473 864 .

1430 899 1542 949 Idem
1556 931 1569 944 .
1905 923 1910 942 ι
2352 903 2475 949 244-

1496 972 1694 1017 Decreto
1714 968 1863 1016 Sacrae
1897 961 2285 1032 congregationis
2305 959 2474 1011 Conci·-

1427 1039 1505 1097 lii,
1523 1035 1766 1087 concordia
1777 1036 2001 1086 Dominos
2019 1034 2244 1083 Merlinos
2258 1031 2376 1080 inter
2391 1053 2407 1065 -
2423 1025 2473 1079 ἃ

1430 1108 1656 1159 Moniales
1682 1108 1904 1156 Forolivii
1932 1105 2108 1154 ratione
2140 1098 2318 1151 Domiis
2354 1099 2471 1148 inita

1427 1178 1664 1236 firmatur,
1695 1176 1744 1229 ἃ
1788 1178 1815 1226 ὲ
1854 1175 2064 1227 Merlinis
2093 1174 2152 1224 ad
2182 1174 2306 1221 vices
2339 1171 2474 1233 huJus

1431 1249 1556 1300 scuta
1585 1267 1701 1313 500.
1728 1247 2013 1299 Monasterio
2044 1243 2196 1301 solvi,
2243 1238 2475 1311 Episcopo

1429 1322 1599 1372 ibidem
1617 1320 1929 1371 committitur
1947 1353 1960 1367 .
1997 1334 2085 1365 cum
2097 1329 2194 1363 nota
2210 1346 2224 1361 .
2354 1320 2474 1374 246.

1499 1397 1698 1443 Decreto
1710 1388 1912 1454 ejusdem
1929 1392 2075 1440 Sacrae
2086 1382 2475 1453 Congregationis

1431 1464 1631 1514 Concilii
1644 1497 1660 1520 ,
1703 1463 1931 1512 Moniales
1969 1460 2128 1509 Terrae
2178 1455 2440 1503 Mutilianae
2456 1486 2474 1511 ,

1432 1533 1666 1584 Fratribus
1700 1530 1860 1581 nostris
1891 1529 2094 1585 ibidem,
2131 1524 2317 1593 fingulis
2340 1525 2469 1573 annis

1432 1605 1568 1654 libras
1593 1621 1707 1652 100.
1738 1603 1858 1659 olei,
1891 1618 1971 1663 25.
2001 1616 2111 1647 cerae
2139 1596 2252 1646 albae
2279 1608 2364 1663 pro
2389 1590 2473 1643 usu

1435 1671 1675 1732 Ecclefiae,
1718 1672 1767 1724 <Sc
1801 1668 2174 1721 hebdomadatim
2203 1664 2475 1716 ferculum„

1434 1746 1752 1797 bononeorum
1782 1761 1862 1792 20.
1883 1749 1996 1803 (non
2027 1737 2232 1788 obstante
2261 1732 2476 1804 praetensa

1435 1819 1600 1867 horum
1617 1816 1946 1884 incapacitate)
1967 1808 2293 1862 subministrari
2315 1803 2477 1856 debere

1433 1886 1631 1938 sancitur
1647 1923 1660 1936 .
1733 1904 1820 1934 cum
1836 1901 1954 1934 nota.
2356 1893 2472 1939 247.

1501 1963 1705 2009 Decreto
1724 1960 1868 2008 Sacrae
1888 1950 2274 2022 Congregationis
2293 1946 2477 2016 Episco-

1431 2048 1597 2098 porum
1615 2027 1691 2087 ,ὃς
1711 2022 2290 2099 Regularium,Demolitio
2311 2016 2480 2085 Hospi-

1432 2103 1484 2151 tii
1503 2103 1548 2150 in
1570 2101 1778 2151 Civitate
1794 2099 1934 2149 veteri
1953 2096 2162 2152 Cerviae,
2185 2090 2234 2143 δε
2266 2087 2476 2141 fundatio

1434 2173 1544 2221 novi
1560 2172 1605 2221 in
1621 2171 1827 2222 Civitate
1847 2187 1963 2218 nova
1979 2165 2291 2216 conceduntur
2307 2198 2319 2210 .
2360 2178 2477 2223 249.

1506 2247 1705 2292 Decreto
1717 2239 1914 2306 ejusdem
1928 2244 2071 2290 Sacrae
2089 2233 2478 2303 Congregationis

1437 2311 1769 2383 Episcoporum
1789 2348 1804 2370 ,
1826 2311 1874 2362 ὅ(
1894 2309 2196 2379 Regularium
2214 2341 2228 2362 ,
2246 2302 2396 2355 Causa
2420 2320 2475 2350 ex

1436 2386 1617 2435 motivo
1637 2385 1802 2434 Crucis
1817 2419 1832 2441 ,
1864 2398 2004 2450 prope
2017 2380 2139 2428 viam
2156 2378 2277 2427 horti
2294 2371 2476 2424 Domus

1438 2460 1669 2505 Ravennae
1684 2451 1892 2522 appofitae
1911 2488 1926 2509 ‚
1955 2454 1980 2499 a
2004 2448 2208 2501 Parocho
2229 2445 2478 2513 S.Joannis

1436 2528 1481 2574 in
1501 2529 1644 2573 Fonte
1658 2527 1851 2572 excitata
1864 2558 1880 2580 ,
1909 2520 2005 2588 post
2021 2522 2229 2568 iteratam
2245 2512 2477 2564 discuffio-

1436 2614 1573 2654 nem,
1608 2592 1975 2644 Eminentiffimo
2001 2590 2204 2641 Domino
2235 2584 2475 2637 Cardinali

1438 2670 1612 2736 Legato
1627 2682 1708 2733 pro
1726 2662 2054 2731 compositione
2071 2659 2323 2708 remittitur
2336 2692 2347 2704 .
2384 2655 2474 2703 ibi.

1508 2742 1707 2788 Decreto
1725 2739 1871 2786 Sacrae
1889 2730 2272 2801 Congregationis
2304 2726 2476 2777 Conci-

1438 2810 1487 2859 lii
1505 2843 1521 2867 ,
1534 2807 1911 2856 Nominationem
1925 2802 2162 2870 Capellani
2178 2798 2268 2849 &c.
2287 2799 2313 2846 a
2324 2800 2478 2848 Guar-

1438 2879 1574 2928 diano
1602 2875 1781 2928 Domi'is
1806 2876 2019 2927 Comacli
2049 2870 2247 2922 sustineri
2279 2868 2476 2930 declara÷

1440 2965 1514 3000 tur
1533 2986 1545 2998 .
1584 2968 1672 2997 cum
1689 2965 1786 2997 nota
1801 2984 1814 2997 .
2380 2939 2444 2988 ibi
2462 2975 2478 2988 .
2513 2953 2516 2956 ⁴

1510 3024 1710 3071 Decreto
1727 3023 1872 3070 Sacrae
1889 3013 2275 3086 Congregationis
2293 3008 2480 3078 Episco-

1439 3109 1635 3159 porum,
1665 3090 2063 3160 &Regularium,
2093 3083 2318 3136 Fundatio
2348 3098 2479 3131 novae

1439 3161 1619 3213 Domiis
1637 3163 1684 3211 in
1701 3163 1846 3212 Terra
1863 3156 2094 3227 Crispini,
2117 3149 2478 3221 Archiepiscopo

1438 3231 1770 3283 Ravennatenfi
1788 3231 2097 3281 committitur
2113 3263 2127 3277 .
2357 3241 2383 3271 2
2394 3240 2478 3286 50.

1507 3305 1690 3356 Petium
1750 3317 1880 3353 terrae
1925 3299 1983 3351 ad
2035 3300 2272 3350 Montium
2322 3292 2476 3345 Abba-

1439 3376 1551 3426 tiam
1583 3376 1853 3426 Saniiarum
1886 3377 2162 3441 Perpetuae,
2183 3367 2232 3420 &
2267 3365 2476 3417 Felicita-

1440 3447 1527 3507 tis,
1569 3447 1763 3498 Ordinis
1796 3444 1948 3497 Sanffl
1979 3438 2211 3493 Benedicti
2243 3435 2479 3506 sped'tans,

1442 3517 1675 3570 Fratribus
1698 3518 1925 3568 Faventiae
1949 3530 2031 3582 pro
2044 3510 2336 3578 ampliatione
2353 3508 2476 3557 horti

1439 3588 1638 3638 donandi
1654 3625 1668 3647 ,
1706 3582 2067 3639 Eminentiffimo
2093 3579 2329 3630 Cardinali
2367 3582 2475 3629 Ber-

1438 3659 1582 3711 nardo
1603 3661 1764 3709 Mariae
1782 3658 1838 3707 de
1856 3652 2142 3709 Comitibus,
2164 3649 2366 3707 Abbati,
2395 3647 2472 3699 seu

1439 3730 1854 3781 commendatario
1867 3738 2087 3794 perpetuo
2104 3721 2369 3773 facultatem
2389 3722 2475 3770 lar-

2354 3811 2378 3840 2
2390 3809 2415 3853 5
2429 3811 2446 3842 1
2457 3826 2470 3841 .

2335 3865 2417 3905 De·
